3060 4902
497 294 669 361 1092

560 453 838 517 Proedonis]
871 452 1181 505 Domitiani.
1219 453 1439 504 Potor-ol.

564 535 684 582 Cum
699 532 936 582 altissima
957 531 1174 595 quoeque]
1200 532 1315 582 Hac
1331 533 1562 596 eleganti

492 608 817 673 metaphora,
846 620 986 666 recte
1013 609 1397 671 interpretante
1421 611 1560 660 Bau-

493 686 598 750 dio,
621 687 962 750 designantur
985 686 1082 735 viri
1107 687 1332 737 illustres
1357 696 1411 737 et
1435 688 1560 737 emi-

493 762 798 826 nentissimi,
840 764 925 826 qui
959 776 991 810 a
1032 767 1253 827 tyranno
1297 765 1560 827 opprime-

493 839 682 888 bantur
736 838 1061 899 innocentes,
1107 845 1197 889 aut
1251 840 1430 903 exilio,
1470 849 1561 891 aut

490 922 677 971 morte,
698 912 889 965 affecti.
954 916 1043 964 Sic
1073 915 1139 964 de
1173 916 1394 966 Neronis
1428 924 1559 967 tem·

492 991 705 1055 poribus
740 992 906 1041 Tacit.
947 990 1135 1041 Annal.
1171 1005 1287 1041 xiv.
1318 996 1397 1041 19.
1428 992 1445 1019 ‘
1465 993 1560 1043 Se-

492 1074 721 1132 quuntur
767 1068 988 1118 virorum
1036 1068 1310 1118 illustrium
1349 1076 1562 1126 mortes,

490 1143 713 1193 Domitii
736 1142 871 1200 Afri,
894 1150 947 1193 et
969 1143 1048 1191 M.
1063 1143 1291 1205 Servilii,
1314 1147 1398 1207 qni
1423 1155 1561 1193 sumi

422 1248 430 1254 -
490 1220 590 1269 mis
633 1219 912 1269 honoribus
948 1229 1006 1269 et
1050 1220 1216 1270 multa
1259 1221 1562 1285 eloquentia

490 1294 803 1359 viguerant.'
867 1297 1006 1346 Vell.
1036 1309 1098 1347 ιι.
1121 1301 1204 1347 22.
1240 1299 1255 1327 ‘
1281 1298 1464 1363 Neque
1496 1299 1558 1348 li·

489 1374 665 1423 centia
686 1373 735 1422 in
755 1374 1044 1423 mediocres
1068 1375 1334 1435 saevitum5
1360 1374 1451 1423 sed
1471 1389 1560 1424 ex-

489 1452 759 1501 celsissimi
778 1453 968 1517 quique
987 1460 1144 1517 atque
1161 1453 1558 1504 eminentissimi

489 1526 586 1574 viri
611 1527 766 1576 variis
789 1527 1161 1590 suppliciorum
1181 1528 1456 1591 generibus
1479 1526 1557 1579 af·

490 1602 652 1653 fecti-⁹
687 1604 931 1653 Schworz.

557 1680 655 1735 Qui·
672 1682 886 1731 omnibus
903 1683 1157 1747 excelsior]
1193 1683 1393 1733 Inutile
1413 1682 1558 1733 addi-

491 1763 777 1806 tamentum
803 1758 962 1807 habet
994 1760 1161 1810 codex
1198 1775 1361 1820 meus,
1391 1761 1475 1823 qui
1505 1761 1561 1810 s'ss

486 1832 701 1881 omnibus
741 1833 986 1892 excelsior.
1055 1836 1125 1884 Et
1170 1835 1454 1883 Vaticanus
1498 1851 1560 1886 ac

488 1908 999 1975 Guelpherbytanus,
1031 1913 1115 1975 qm*
1132 1928 1219 1975 pro
1241 1911 1453 1961 omnibus
1474 1927 1558 1961 ex·

484 1985 667 2034 celsior.
736 1986 923 2050 Immo,
962 1988 1195 2036 nonnulli
1242 1988 1424 2051 scripti
1466 1988 1557 2037 im·

486 2063 755 2129 pressique
779 2064 899 2113 libri
939 2066 1098 2114 etiam
1124 2063 1321 2113 addunt
1347 2063 1560 2113 verbum

485 2140 892 2202 substantivum,
946 2143 1030 2205 qui
1074 2142 1287 2191 omnibus
1329 2141 1561 2191 excelsior

483 2222 624 2277 eran·
662 2219 800 2283 quod
841 2233 962 2268 vero
1000 2218 1214 2268 verbum
1253 2231 1558 2282 expressum

487 2293 587 2344 hoc
609 2296 723 2345 loco
749 2296 1015 2359 requirere
1040 2296 1213 2343 nolim.
1252 2295 1405 2344 Idem.

553 2371 828 2434 Excelss’or]
867 2373 1114 2420 Excelsior
1135 2377 1237 2421 erae
1264 2372 1329 2421 V.
1351 2371 1410 2419 C.
1444 2370 1558 2421 Lin.

555 2448 847 2497 Praeteritus
864 2449 958 2513 est]
979 2447 1179 2497 Omnes
1202 2445 1409 2498 codices
1428 2447 1559 2497 Mss.

486 2523 675 2574 habent
695 2526 985 2587 perterritus
1004 2531 1074 2574 est
1091 2540 1112 2582 ,·
1140 2531 1195 2574 et
1219 2524 1269 2572 in
1294 2523 1556 2588 sequenti·

485 2599 584 2648 bus
635 2600 914 2663 perterreri,
960 2614 1056 2664 pro
1098 2599 1376 2663 prateriri5
1438 2598 1556 2656 nisi,

487 2677 624 2742 quod
670 2678 807 2726 solus
846 2676 1133 2726 Patavinus
1177 2674 1339 2725 refert
1374 2675 1555 2725 lectio·

483 2767 602 2801 nem
626 2755 908 2815 vulgatam,
931 2767 1082 2816 quam
1110 2753 1296 2801 merito
1333 2759 1555 2801 tuemur.

484 2830 606 2880 Hoc
626 2844 746 2879 vero
768 2831 929 2880 voluit
948 2830 1122 2879 dicere
1144 2829 1381 2879 Plinius:
1407 2830 1556 2879 Pra-

485 2906 673 2957 teritus
718 2908 816 2955 ista
866 2906 1167 2955 calamitosa
1223 2911 1556 2968 tempestate,

486 2996 584 3032 nec
622 2998 651 3031 a
682 2982 999 3044 Domitiano,
1037 2981 1275 3045 principe
1311 2981 1556 3045 pessimo,

484 3059 640 3107 laesus
674 3066 755 3106 est
775 3058 1044 3120 TraJanus,
1078 3058 1168 3121 qui
1204 3057 1463 3120 praeteriri
1500 3057 1554 3107 in

483 3135 811 3183 successione
849 3131 1135 3182 deferenda
1171 3148 1272 3184 non
1315 3132 1488 3195 potuit
1524 3146 1557 3181 a

485 3211 686 3269 Nerva,
712 3211 944 3275 principe
966 3211 1182 3273 optimo,
1200 3225 1554 3259 successorem

484 3285 582 3335 sibi
607 3294 904 3351 quoerente3
940 3302 1053 3337 cum
1081 3287 1145 3337 ab
1168 3288 1266 3337 hoc
1292 3285 1357 3337 ad
1384 3286 1474 3336 filii
1499 3295 1555 3337 et

482 3363 817 3425 imperatoris
873 3367 1120 3415 honorem
1174 3367 1456 3429 eligeretur
1498 3373 1555 3415 et

481 3437 841 3502 adoptaretur.
878 3442 1114 3491 Acumen
1135 3442 1409 3491 sententiae
1431 3456 1554 3505 cap-

485 3517 618 3566 tavit
659 3518 860 3567 Plinius
898 3517 965 3567 ab
1011 3518 1247 3582 ambigua
1295 3516 1554 3581 significa·

485 3594 624 3644 tione
648 3594 789 3643 verbi
815 3598 829 3621 ‘
853 3595 1166 3657 praeterire-⁹
1218 3595 1392 3644 Plinio
1417 3596 1553 3644 enim

479 3670 758 3733 preteritas
797 3670 847 3718 h.
884 3671 921 3720 1.
963 3673 1291 3733 μεταφορικῶς
1338 3670 1554 3726 dicitur,

485 3756 594 3796 tum
631 3747 741 3809 ille,
776 3747 862 3810 qui
893 3760 994 3796 non
1021 3762 1120 3795 una
1145 3761 1262 3796 crim
1287 3747 1404 3796 aliis
1430 3747 1555 3797 viris

484 3823 632 3872 bonis
662 3823 820 3873 exilio
855 3831 944 3873 aut
979 3829 1143 3872 morte
1182 3821 1403 3873 affectus
1437 3832 1553 3887 est;

486 3908 592 3948 tum
618 3900 726 3959 ille,
749 3901 836 3964 qni
863 3914 962 3949 non
995 3900 1188 3949 honore
1212 3908 1264 3949 et
1297 3900 1554 3964 dignitate

484 3984 697 4025 ornatus
722 3983 820 4025 est.
867 3977 1082 4027 Scilicet
1105 3978 1368 4042 Trajanns
1392 3993 1423 4027 a
1449 3979 1555 4027 Do·

484 4054 703 4102 mitieno
737 4067 836 4102 non
870 4052 1077 4117 quidem
1110 4069 1320 4117 prorsus
1352 4059 1555 4117 prater·

482 4130 582 4179 itus
603 4138 694 4192 est,
719 4131 771 4178 in
795 4130 1076 4180 honoribus
1106 4131 1412 4188 tribuendis,
1435 4144 1553 4180 cum

482 4206 577 4255 sub
602 4206 900 4257 Domitiano
935 4214 990 4259 et
1026 4216 1332 4274 praeturam,
1355 4215 1410 4259 et
1432 4221 1557 4258 con·

1192 310 1411 360 NOTAE
1462 309 1873 360 vammum
1922 310 2002 359 m

1633 453 1858 504 sulatum
1896 453 2139 518 primum,
2175 454 2412 519 gesserit,
2445 459 2602 520 atque
2638 454 2707 506 ab

1635 531 1820 580 eodem
1866 530 1931 580 ad
1978 533 2345 583 Germanicum
2403 531 2594 581 bellum
2640 546 2705 581 ex

1636 608 1894 671 Hispania
1926 623 2040 658 cum
2081 609 2372 673 legionibus
2408 610 2476 659 sit
2517 624 2708 660 evoca-

1635 691 1752 746 tns;
1788 692 1842 734 st
1874 686 2140 736 enimvero
2165 687 2445 749 praeteritas
2471 692 2542 735 est
2566 687 2704 749 inju-

1635 762 1724 810 riis
1762 761 2086 824 inferendi„
2119 777 2169 812 v.
2191 778 2243 827 g.
2276 778 2414 825 cnm,
2448 765 2590 812 inter
2626 770 2706 813 tot

1635 837 1851 887 aliorum
1875 838 2223 888 consularium
2242 847 2487 902 stragem,
2506 839 2704 889 Acilius

1636 914 1872 977 Glabrio,
1904 916 1994 979 qni
2029 914 2207 966 fuerat
2241 916 2455 979 Trajani
2497 915 2704 978 collega

1634 992 1686 1040 in
1723 994 2015 1056 consulatu,
2041 994 2108 1043 A.
2128 994 2190 1044 C.
2209 997 2294 1043 91.
2329 1000 2494 1057 gesto,
2516 999 2705 1056 postea

1636 1067 1873 1119 leonibus
1910 1068 1961 1117 in
1998 1069 2204 1119 theatro
2233 1077 2605 1133 exponeretur,
2628 1076 2706 1131 et,

1634 1158 1750 1193 cum
1787 1143 1856 1194 ab
1894 1145 1973 1194 his
2018 1159 2122 1194 non
2163 1146 2319 1196 lesus
2362 1153 2515 1201 esset,
2547 1146 2702 1210 jussu

1636 1220 1946 1294 Domitiani,
1970 1220 2335 1282 occideretur-3
2368 1221 2420 1270 id
2443 1222 2580 1286 quod
2605 1221 2704 1271 Xi-

1634 1295 1858 1359 philinus
1901 1303 2079 1347 narrat
2120 1297 2171 1346 in
2215 1299 2340 1347 Vita
2381 1298 2701 1361 Domitiani;

1633 1376 1755 1422 tunc
1779 1379 1953 1421 tamen
1974 1372 2228 1436 Trajanns
2249 1374 2418 1422 evasit
2439 1373 2702 1438 hujusmo-

1632 1445 1685 1496 di
1712 1447 1932 1498 cladem.
2001 1448 2140 1497 Hinc
2171 1449 2449 1513 preteritas
2483 1464 2600 1499 esse
2623 1449 2704 1500 di·

1632 1524 1770 1574 citur
1795 1539 1824 1574 a
1854 1524 2156 1576 Domitiano
2192 1533 2444 1589 tyrannm
2480 1527 2571 1576 sed
2598 1543 2705 1578 nnn

1629 1602 1907 1665 pra-teritus
1923 1607 1996 1652 ese
2019 1617 2050 1650 a
2071 1603 2272 1664 Nerva,
2293 1603 2580 1667 adoptante
2603 1606 2704 1654 sibi

1630 1676 1811 1741 filium,
1856 1685 1911 1728 et
1955 1680 2008 1728 in
2063 1680 2283 1742 imperio
2327 1694 2704 1732 successorem.

1632 1756 1798 1828 Alias,
1829 1756 2112 1820 proeteritas
2136 1763 2228 1821 est,
2253 1759 2465 1822 proprie
2489 1759 2705 1809 diceba-

1634 1839 1718 1883 tur
1753 1832 1812 1890 is,
1847 1832 1935 1897 qui
1977 1833 2032 1882 in
2071 1833 2327 1898 petitione
2367 1835 2703 1897 msgistratns

1634 1909 1827 1958 tulerat
1863 1910 2145 1973 repulsam,
2178 1917 2239 1960 ut
2265 1910 2406 1973 apud
2431 1911 2703 1974 Plautum,

1632 1999 1696 2035 ac
1735 1987 1930 2050 saepius
1971 1986 2110 2051 apud
2149 1988 2479 2050 Ciceronem,
2516 1995 2573 2037 et
2613 1989 2704 2038 Li·

1632 2062 1788 2113 vium.
1842 2062 2058 2115 ‚Plaut.
2108 2064 2336 2113 Trinum.
2393 2077 2477 2113 ιν.
2520 2068 2571 2114 8.
2614 2067 2700 2116 89.

1632 2144 1646 2166 ⁴
1663 2139 2237 2210 strenuos-praeterire,
2255 2140 2410 2190 moris
2435 2139 2555 2189 est.’
2589 2142 2704 2191 Cic.

1633 2228 1728 2279 pro
1755 2215 1937 2266 Plane.
1961 2231 2010 2265 c.
2036 2219 2085 2265 8.
2115 2218 2133 2245 ‘
2155 2217 2410 2281 Populus,
2428 2224 2483 2268 et
2507 2225 2703 2282 potest,

1631 2298 1686 2339 et
1711 2292 1864 2353 solet,
1886 2306 2254 2358 nonnunquam
2280 2292 2461 2356 dignos
2487 2301 2704 2356 praster-

1632 2366 1738 2426 ire;
1774 2381 1888 2430 nec,
1912 2368 1950 2417 si
1974 2382 2008 2418 a
2040 2370 2236 2433 populo
2271 2371 2567 2434 preteritns
2601 2377 2703 2427 est,

1630 2458 1783 2508 quem
1808 2460 1910 2495 non
1934 2445 2187 2511 oportuit,
2220 2462 2249 2496 a
2276 2445 2544 2510 judicibus
2575 2461 2703 2498 eon-

1632 2519 1953 2573 demnandus
1992 2531 2090 2579 est,
2129 2524 2217 2588 qni
2259 2526 2560 2588 pmteritus
2598 2539 2703 2574 non

1632 2597 1750 2647 est.'
1815 2599 1956 2649 lbid.
1981 2614 2030 2650 c.
2051 2603 2135 2649 21.
2166 2603 2183 2630 ⁸
2208 2600 2354 2650 Quos
2389 2615 2566 2651 omnes
2602 2602 2705 2651 sei·

1630 2689 1743 2725 mus
1799 2676 2051 2728 aedilitate
2097 2678 2417 2741 praeteritos,
2461 2680 2704 2729 consules

1632 2767 1749 2803 esse
1786 2752 1969 2804 factos.
2034 2754 2138 2804 Sed
2170 2754 2290 2818 qnid
2324 2768 2426 2819 ego
2457 2756 2703 2806 aedilitias

1633 2832 1866 2893 repulsas
1890 2831 2112 2895 colligo?
2147 2845 2260 2896 que
2278 2845 2420 2895 sepe
2441 2831 2705 2895 ejusmodi

1630 2905 1818 2956 habitat
1844 2914 1985 2970 sunt,
2010 2915 2070 2957 ut
2092 2906 2174 2970 iis,
2207 2907 2296 2971 qui
2333 2909 2593 2970 preteriti
2622 2922 2704 2958 es·

1631 2991 1771 3048 sent,
1790 2984 2021 3047 benigne
2052 2997 2082 3033 a
2120 2984 2313 3048 populo
2337 2981 2533 3033 factum
2558 2984 2702 3035 vide·

1632 3059 1821 3110 πίοι-3
1868 3060 1983 3111 Liv.
2008 3073 2089 3110 ιν.
2114 3063 2164 3108 7.
2197 3060 2214 3087 ⁴
2231 3058 2508 3122 Principes
2533 3061 2706 3124 plebis

1632 3153 1693 3188 es
1716 3137 1928 3188 comitia
1961 3137 2247 3199 malebant,
2273 3135 2461 3201 quibus
2484 3150 2590 3186 non
2615 3137 2704 3187 hs-

1632 3213 1847 3263 beretur
1885 3214 2022 3263 ratio
2061 3212 2161 3268 sui,
2197 3225 2351 3276 quam
2396 3218 2457 3261 ut
2502 3211 2703 3275 indigni

1632 3288 2065 3355 praeterirentur!
2097 3288 2263 3339 Vides
2279 3302 2429 3352 ergo,
2443 3294 2459 3318 ⁸
2476 3289 2703 3354 aliquem

1629 3367 1931 3433 praeteriri,'
1961 3368 2046 3418 hic
2068 3366 2207 3417 idem
2230 3380 2363 3428 esse,
2391 3380 2453 3415 ae
2481 3367 2703 3431 alicujus

1631 3445 1886 3497 rationem
1922 3458 2024 3495 non
2058 3443 2238 3493 haberi
2275 3443 2331 3492 in
2367 3440 2703 3494 conferendis

1629 3521 1925 3570 honoribus.
1975 3521 2220 3570 Erasmus
2243 3518 2297 3567 in
2322 3516 2564 3581 Adagiis‚
2583 3532 2704 3583 pag.

1632 3601 1779 3648 1⁵8³.
1810 3598 1826 3625 ‘
1845 3595 2090 3652 Dicitur-‚⁹
2106 3596 2294 3660 inquit,
2317 3601 2335 3625 ·
2351 3596 2594 3659 populus,
2611 3609 2704 3645 eos

1631 3688 1695 3722 ex
1718 3673 2149 3737 competitoribus
2169 3673 2221 3721 in
2235 3670 2462 3721 comitiis
2484 3679 2707 3736 prater·

1631 3752 1729 3814 ire,
1752 3765 1881 3817 quos
1904 3750 2007 3802 suis
2037 3746 2299 3813 suffragiis
2321 3763 2427 3799 non
2452 3749 2704 3813 adjuvat?

1632 3828 1802 3877 Etiam
1829 3827 1878 3875 in
1894 3825 2019 3890 jure
2043 3824 2194 3874 liberi
2228 3824 2473 3874 dicuntur
2493 3839 2526 3873 a
2549 3831 2705 3886 parte

1629 3905 1645 3930 ⁸
1664 3900 1956 3967 proeteriri,’
1979 3914 2070 3950 seu
2095 3906 2110 3929 ⁸
2128 3899 2504 3962 praetermitti:
2525 3900 2614 3964 qui
2635 3899 2704 3950 ab

1630 3980 1764 4029 eoin
1786 3984 2102 4029 testamento
2125 3990 2295 4041 neque
2317 3974 2538 4026 heredes
2556 3976 2707 4026 insti-

1632 4055 1752 4113 tuti,
1788 4068 1978 4119 neque,
2018 4061 2080 4103 ut
2125 4058 2356 4115 oportet,
2390 4051 2707 4102 exheredati

1631 4138 1771 4181 sunt.
1837 4131 1995 4179 Caius
2021 4129 2256 4180 Institut.
2292 4127 2360 4177 de
2396 4127 2706 4178 Exhereda-

1631 4208 1775 4260 tione
1809 4205 2137 4268 Liberorum,
2169 4206 2184 4234 ‘
2213 4204 2287 4261 Is,
2323 4203 2413 4270 qui
2445 4201 2612 4255 filium
2647 4205 2705 4255 in
