3060 4902
800 385 867 431 c.
917 359 1166 431 patrm
1214 380 1547 429 saeuum
1605 380 1879 428 mnae.
1967 383 2013 427 ι.

350 534 459 590 tur,
498 538 629 591 quas
673 525 831 581 alere,
870 524 1089 586 nutrire,
1116 524 1324 587 Juvare.
1364 527 1422 573 et

352 615 683 664 conservare,
725 601 1013 650 studemus.
1079 601 1191 650 Cic.
1239 599 1302 648 ad
1353 601 1420 651 Q.

351 684 443 731 Fr.
466 694 557 729 ιιι.
572 683 618 729 1.
638 681 654 707 ‘
671 678 868 729 Scribis
892 677 957 727 de
983 676 1205 727 Caesaris
1225 689 1423 725 summo

352 757 409 807 iu
450 771 544 806 uos
581 769 792 805 amore:
840 754 978 803 bunc
1013 761 1068 802 et
1110 762 1165 802 tu
1205 751 1424 808 fovebis,

353 841 412 884 et
451 847 563 892 nos,
597 831 988 898 quibuscunque
1026 831 1313 894 poterimus
1343 843 1423 879 re-

353 910 472 965 bus,
511 905 847 970 augebimus!
913 906 1037 969 Ipse
1072 906 1212 955 Plin.
1253 906 1425 968 Epist»

355 999 397 1036 ι.
421 991 469 1034 5.
497 986 512 1011 ‘
536 984 761 1046 Regulus
802 983 1000 1031 Rustici
1037 981 1251 1031 Aruleni
1286 981 1423 1045 peri-

354 1061 529 1110 eulum
555 1058 795 1108 foverat-⁹
848 1059 1018 1122 Epist.
1035 1062 1251 1108 vnum.
1276 1059 1423 1108 ‘Stu-

356 1139 530 1188 diosos
568 1142 727 1195 amat,
759 1133 920 1192 fovet,
959 1135 1231 1199 provebit?
1297 1135 1424 1184 Pul-

355 1215 482 1264 cbre
537 1213 805 1263 continuat
848 1213 982 1261 banc
1032 1212 1424 1261 translationem

357 1291 475 1340 Liv.
513 1304 578 1340 11.
615 1291 666 1340 1.
705 1289 1029 1352 ‘Dissipatae
1073 1302 1155 1337 res
1198 1288 1423 1336 nondum

357 1367 556 1416 adultae
589 1365 846 1416 discordia
877 1363 1084 1427 forent3
1129 1379 1256 1427 qnias
1295 1363 1427 1413 fovit

357 1444 639 1506 tranquilla
672 1443 960 1492 moderatio
1002 1443 1228 1505 imperii,
1263 1455 1425 1505 eoque

357 1520 641 1568 nutriendo
687 1520 949 1583 produxit,
994 1525 1051 1566 ut
1093 1519 1274 1567 bonam
1317 1516 1426 1566 fru-

359 1611 478 1658 gem
519 1595 791 1657 libertatis,
822 1595 1036 1644 maturis
1065 1594 1176 1658 jam
1213 1593 1426 1656 viribus,

358 1673 498 1722 ferre
524 1673 771 1737 possent.’
804 1674 960 1723 Idem.

430 1751 605 1800 Favete
634 1749 899 1812 judicium]
954 1751 1131 1800 Favete
1164 1753 1324 1798 sancte
1361 1748 1426 1797 R.

356 1827 517 1889 sorte,
538 1842 667 1878 sane.
699 1829 866 1876 Livin-

430 1904 479 1954 F
477 1910 606 1952 ovete
611 1903 871 1967 judicium]
900 1904 1079 1953 Favete
1090 1909 1270 1953 sancte.
1315 1903 1427 1968 Ego

362 1981 569 2040 vellem,
588 1981 782 2028 sancire.
815 1980 959 2043 Lips.

431 2055 680 2116 Probsvit,
701 2069 861 2103 amare
882 2069 931 2104 se
951 2054 1095 2117 scire]
1131 2054 1176 2104 1.
1198 2070 1243 2104 e.
1267 2069 1429 2117 expe-

360 2134 642 2183 rimentum
667 2139 723 2179 et
745 2131 1011 2193 specimen
1036 2130 1203 2189 dedit,
1221 2144 1277 2179 se
1296 2130 1428 2180 scire

361 2222 537 2257 amare
561 2207 745 2270 dignos
782 2215 835 2255 et
871 2207 1006 2256 bene
1029 2208 1267 2269 meritos}
1306 2215 1429 2269 ergo

364 2287 521 2349 culpa
549 2291 717 2339 vacat.
742 2286 784 2332 si
815 2285 960 2344 alios,
992 2293 1237 2347 tanquam
1269 2284 1431 2331 minus

362 2362 546 2416 bonos,
587 2358 856 2422 minusque
893 2359 1096 2422 dignos,
1137 2359 1292 2407 etiam
1336 2357 1432 2406 mi-

362 2449 464 2490 nus
489 2444 644 2487 amat.
679 2436 924 2487 Schmun.

432 2517 496 2565 In
532 2514 753 2577 taedium]
806 2515 910 2563 Pro
944 2514 1042 2574 liis,
1078 2512 1129 2562 iu
1167 2510 1431 2561 codicibus

362 2592 766 2654 salisburgensi,
784 2592 1061 2646 patavino,
1079 2598 1134 2640 et
1157 2591 1289 2639 libro
1307 2591 1432 2639 Vos-

367 2671 536 2732 siauo,
572 2670 697 2717 item
731 2667 783 2715 iu
821 2667 1027 2716 excusis
1066 2667 1342 2716 Puteolani
1381 2671 1435 2714 et

364 2746 637 2808 Beroaldi,
664 2746 840 2808 inepte
872 2744 1147 2808 repositum
1183 2753 1263 2793 est
1284 2743 1432 2792 inter·

363 2826 480 2874 dam
494 2840 513 2883 ‚·
548 2836 842 2886 quanquam
865 2822 1030 2871 codici
1052 2820 1434 2884 salisburgensi

357 2902 475 2966 jam
519 2901 620 2949 alia
659 2913 839 2948 manus
881 2899 1134 2948 medelam
1181 2899 1433 2947 attulerit.

367 2977 552 3028 Codex
580 2975 1068 3040 Guelpherbytanus
1103 2975 1260 3023 etiam
1295 2982 1437 3023 aute·

367 3054 621 3103 cedentes
660 3066 816 3101 voces
854 3057 908 3100 ut
946 3051 1126 3100 mavult
1163 3064 1436 3113 perperam

366 3130 582 3189 omisit;
632 3127 800 3178 codex
826 3142 960 3176 vero
998 3126 1309 3175 Parisiensis
1343 3140 1439 3189 pro

369 3205 592 3269 simplici
633 3219 759 3254 voce
800 3203 1079 3268 proesentia.
1124 3202 1438 3252 tolerabilius

372 3282 532 3330 babet
564 3281 816 3342 proeseatia
844 3293 945 3328 suu.
1013 3278 1305 3327 Proesentia
1329 3277 1438 3340 qui-

368 3360 491 3407 dem
532 3363 585 3405 et
623 3356 779 3405 nimia
813 3355 1139 3405 familiaritas
1163 3355 1439 3418 aliquando

369 3433 589 3484 taedium
610 3429 794 3479 afferre
813 3432 1002 3492 solent,
1016 3431 1297 3481 secundum
1322 3444 1438 3493 pro-

373 3510 628 3562 verbium.
665 3506 817 3571 Κόραν
848 3510 997 3573 γεννᾷ
1035 3507 1064 3566 ἦ
1099 3505 1333 3568 συνήθεια,
1364 3522 1440 3555 sa-

371 3585 588 3634 tietatem
605 3584 772 3647 gignit
793 3587 1100 3634 consuetudo.
1170 3584 1339 3633 Etiam
1363 3582 1443 3631 di-

374 3668 567 3710 uturna
604 3660 842 3710 absentia
879 3660 1091 3711 taudem
1126 3661 1440 3709 oblivionem

373 3735 563 3786 afferre
602 3744 799 3801 potest,
836 3737 1120 3787 secuudum
1155 3738 1441 3787 Germano-

372 3826 493 3862 rum
541 3811 832 3869 dicterium.
875 3814 978 3864 Ans
1012 3816 1103 3863 den
1140 3829 1316 3875 augea,
1353 3828 1444 3862 aas

372 3888 626 3936 densinm
675 3888 894 3938 Aristot.
919 3890 1090 3938 Etbic.
1118 3902 1238 3937 vin.
1260 3893 1310 3938 6.
1331 3886 1445 3937 Ἐὰν

377 3962 571 4025 χρόνιος
601 3960 632 4021 ἦ
664 3962 868 4013 ἀπουσία
898 3964 1114 4025 γένηται.
1136 3964 1215 4013 καὶ
1249 3966 1339 4023 τῆς
1367 3973 1444 4026 φι-

377 4040 489 4090 λίας
521 4041 651 4089 δοκεῖ
671 4038 825 4098 λήθην
854 4043 1021 4089 ποιεῖν.
1073 4038 1222 4088 Ὅθεν
1248 4041 1446 4101 εἴρηται·

374 4117 570 4167 πολλὰς
590 4116 651 4176 δὴ
672 4118 834 4179 φιλίας
863 4116 1184 4181 ἄπροσηγορία
1215 4116 1447 4169 διέλυσεν.

377 4193 439 4242 Si
479 4194 714 4244 diuturna
752 4194 965 4242 absentia
997 4193 1177 4258 suerit,
1217 4194 1447 4243 amicitioe

376 4285 559 4335 quoque
617 4271 808 4320 videtur
867 4270 1145 4321 obliuionem
1212 4271 1448 4321 inducere.

2062 363 2168 430 87.
2391 365 2563 431 1053

1503 522 1641 572 Unde
1675 524 1857 573 dictum
1878 530 1967 580 est,
1988 525 2175 575 Multas
2195 526 2303 586 jum
2326 528 2565 578 amicitias

1496 599 1715 649 dissoluit
1748 601 2083 665 ineffabilitas.
2150 603 2366 664 Verum,
2403 605 2564 668 majo-

1499 690 1608 725 rem
1641 676 1849 740 'l'rajani
1886 680 2223 728 constantiam
2263 680 2313 728 in
2349 682 2564 731 colenda

1498 752 1728 801 amicitia
1751 754 2000 818 praedicat
2024 755 2246 805 Plinius.
2283 758 2431 807 Idem.

1572 829 1735 892 Venit]
1769 830 1939 894 Vulgo
1962 830 2014 879 iu
2033 831 2206 893 editis,
2225 832 2351 881 item
2373 843 2428 883 et
2453 835 2565 897 plu·

1500 907 1639 956 ribus
1674 907 1881 970 scriptis
1915 907 2079 963 libris,
2102 916 2248 956 extat
2272 911 2566 973 conjuncti·

1499 996 1595 1034 vus
1630 986 1822 1043 venian
1856 985 1946 1033 sed
1985 985 2168 1034 melius
2208 987 2426 1050 quadrat
2466 990 2565 1038 huc

1499 1062 1815 1113 indicativus
1835 1063 1966 1112 uenit
1981 1079 2001 1121 ‚-
2030 1078 2183 1128 quem
2221 1065 2271 1112 in
2297 1063 2565 1116 codicibus

1500 1142 1608 1190 Ms.
1648 1141 1926 1201 Patavino,
1963 1147 2020 1191 et
2062 1155 2197 1202 mco,
2234 1139 2431 1190 diserte
2475 1157 2565 1191 ex-

1500 1231 1731 1281 pressum
1789 1217 1987 1267 inveni.
2067 1216 2166 1266 His
2212 1218 2346 1266 enim
2395 1218 2565 1268 verbis

1501 1303 1605 1344 non
1641 1293 1932 1343 adhortatio
1955 1294 2211 1358 quedam.
2233 1294 2322 1342 sed
2359 1308 2566 1344 asseve-

1502 1370 1655 1431 ratio,
1703 1378 1759 1418 et
1808 1368 2074 1430 αἴτιολογία
2128 1369 2565 1428 antecedentium,

1501 1447 1839 1509 continetur3
1879 1448 2173 1512 rectiusque
2212 1447 2322 1496 liaec
2357 1457 2567 1497 senten-

1502 1523 1577 1572 tia
1602 1538 1716 1572 curn
1739 1524 2076 1587 sequentibus
2100 1524 2269 1572 verbis
2300 1524 2566 1573 connecti·

1503 1608 1609 1654 tur.
1636 1599 1781 1649 Tenet
1804 1601 1999 1663 quisque
2018 1601 2186 1651 locum.
2223 1601 2390 1650 Idem.

1573 1671 1716 1726 Tenet
1736 1679 1929 1740 quisque
1946 1676 2120 1740 boam]
2147 1678 2353 1741 Nempe
2373 1678 2424 1727 iu
2442 1677 2564 1726 arni·

1501 1752 1628 1802 citia
1658 1753 1892 1816 Trajaniae
1954 1750 2062 1802 Pro
2092 1753 2304 1817 quisque,
2339 1754 2389 1801 in
2425 1753 2569 1803 codi-

1503 1830 1651 1879 cibus
1687 1830 1816 1879 Mss.
1857 1830 2086 1894 itemque
2130 1831 2181 1878 in
2224 1829 2466 1878 Beroaldi
2512 1833 2568 1878 et

1503 1905 1734 1954 Catauoei
1772 1905 2032 1968 prioribus
2066 1903 2396 1965 editionibus,
2422 1911 2570 1955 extat

1504 1982 1628 2045 quis.
1689 1981 1792 2031 Sed
1832 1982 2004 2046 aptior
2034 1991 2116 2031 est
2152 1982 2307 2031 lectio
2339 1982 2570 2045 ‘quisqam

1505 2073 1656 2122 quam
1689 2059 1844 2107 etiam
1881 2059 1992 2122 jam
2027 2059 2422 2122 promulgarunt
2463 2061 2570 2110 Pu-

1505 2134 1756 2193 teolanus,
1780 2133 1962 2196 Aldus,
1989 2136 2356 2196 Cuspinianus,
2372 2137 2569 2185 Ascen-

1507 2211 1632 2269 sius,
1651 2211 1834 2266 Junta,
1862 2210 2147 2273 Gryplrius,
2169 2225 2229 2259 ac
2252 2213 2433 2260 ceteri.
2460 2212 2537 2260 Id.

1577 2285 1734 2334 Semel
1777 2286 1975 2349 meruit]
2034 2287 2223 2334 Mirum
2270 2292 2369 2346 est,
2416 2302 2569 2351 quam

1510 2363 1846 2426 pertinaciter
1869 2361 2168 2411 adverbium
2190 2377 2369 2424 semper
2393 2363 2443 2411 iu
2466 2379 2572 2412 om-

1507 2437 1659 2488 nibus
1685 2439 1909 2501 vulgatis
1937 2438 2075 2487 libris
2103 2438 2364 2504 bucusque
2402 2440 2570 2491 locum

1511 2516 1774 2576 tenuerit3
1811 2531 1960 2578 quem
1986 2530 2101 2565 cum
2131 2516 2215 2565 bic
2250 2532 2348 2566 uon
2373 2531 2569 2566 merea·

1511 2599 1614 2653 tur,
1643 2606 1735 2655 pro
1770 2606 1833 2640 eo
1868 2595 2233 2655 congruentius
2271 2593 2571 2642 adverbium

1508 2671 1650 2718 semel
1690 2669 2043 2732 reponendum
2092 2684 2221 2724 esse,
2259 2668 2449 2718 dudum
2494 2685 2574 2718 os-

1508 2745 1687 2806 tendi3
1720 2746 1856 2809 quod
1880 2745 2142 2793 Livineius
2166 2752 2220 2793 et
2244 2744 2445 2806 Lipsius
2462 2746 2571 2807 jam

1509 2821 1810 2884 conjectura
1834 2821 2053 2870 assecuti
2080 2830 2246 2870 erant.
2299 2821 2415 2871 Hoc
2440 2822 2571 2870 enim

1511 2912 1612 2946 uon
1649 2906 1850 2947 tantum
1889 2899 2109 2960 probant
2144 2898 2213 2945 illi
2240 2906 2459 2962 quatuor
2487 2911 2573 2947 co-

1512 2974 1654 3022 dices
1678 2974 1805 3022 Mss.
1828 2987 1952 3036 quos
1977 2973 2196 3022 antebac
2222 2973 2456 3031 laudavi3
2483 2975 2573 3024 sed

1513 3049 1668 3097 etiarn
1693 3048 1851 3096 ceteri
1873 3061 2069 3106 omnes,
2085 3061 2304 3110 quorum
2322 3048 2469 3111 copia
2487 3049 2577 3097 mi·

1513 3126 1564 3172 bi
1588 3133 1705 3185 post
1727 3124 1840 3171 baec
1860 3121 2001 3171 facta
2018 3131 2119 3178 est,
2135 3122 2174 3170 si
2193 3122 2260 3171 ab
2278 3139 2375 3170 uno
2396 3125 2574 3174 codice

1514 3200 1775 3248 Pataviuo
1808 3197 2124 3258 discesseris,
2158 3198 2209 3245 in
2239 3212 2338 3261 quo
2363 3199 2575 3259 vulgare

1514 3275 1642 3324 illud
1670 3273 1966 3323 adverbium
1989 3289 2171 3337 semper
2187 3271 2397 3322 offendi.
2437 3276 2576 3325 Huic.

1517 3359 1690 3401 autem
1729 3350 2075 3400 emendationi
2109 3365 2246 3399 nunc
2282 3351 2435 3399 etiam
2475 3353 2579 3401 cal·

1516 3429 1685 3477 culum
1733 3442 1878 3475 suurn
1925 3425 2171 3475 addidere
2217 3426 2482 3477 Gesnerus
2522 3438 2577 3478 et

1518 3504 1847 3554 Arutzeuius.
1883 3501 2033 3552 Idem.

1584 3582 1738 3631 Semel
1751 3581 1946 3646 inaruit]
1965 3582 2161 3645 Semper
2174 3583 2363 3633 meruit.
2403 3584 2579 3639 Forte,

1515 3661 1657 3708 semel
1678 3660 1868 3710 menae.
1904 3659 2071 3708 Livin.

1586 3735 1743 3784 Semel
1763 3735 1959 3799 meruit]
1982 3736 2178 3799 Semper
2194 3737 2384 3786 meruit.
2422 3733 2582 3784 Vide-

1521 3811 1678 3861 batur
1718 3814 1913 3877 aptius,
1960 3826 2095 3876 quem
2133 3814 2274 3861 semel
2302 3810 2580 3874 promeruit.

1523 3888 1669 3951 Lips-

1590 3965 1784 4014 Caritus
1804 3964 2021 4026 excidat]
2055 3963 2161 4012 Pro
2186 3962 2343 4012 verbo
2371 3961 2584 4020 excidat,

1520 4041 1660 4089 solus
1715 4040 1882 4089 codex
1939 4052 2080 4087 meus
2141 4038 2296 4087 babet
2350 4036 2587 4086 abscedat.

1523 4116 1675 4167 Quod
1716 4117 1926 4166 verbum
1971 4116 2202 4179 quamvis
2244 4113 2369 4163 ferri
2408 4114 2586 4176 possit,

1523 4193 1685 4242 multo
1742 4195 1903 4257 pluris
1960 4200 2132 4242 tamen
2187 4191 2320 4241 facio
2371 4191 2582 4241 verbum

1523 4271 1734 4333 excidat,
1771 4269 1909 4337 quod
1941 4269 2060 4319 buic
2092 4268 2369 4319 sententia
2392 4276 2471 4318 est
2498 4282 2585 4317 ac·
