3060 4902
522 363 655 428 ‘748

527 524 645 571 dam
693 520 1011 586 frugalitatis
1066 519 1268 570 laudem
1328 519 1505 585 faciat,
1546 520 1589 568 si

524 600 779 662 Trajanus
802 614 902 648 non
940 599 1246 662 simpliciter
1267 598 1473 661 aliquid,
1494 597 1589 646 sed

524 675 704 737 aliquid
734 690 974 736 magnum,
997 690 1062 724 ex
1098 674 1253 723 rebus
1293 674 1591 737 principali·

526 751 621 799 bus
645 751 740 799 sibi
766 752 980 813 relictis,
1006 758 1247 814 tanquam
1272 748 1589 813 superfluum

523 841 783 888 resecare,
828 833 882 876 et
926 828 1327 876 moderationem
1376 828 1590 888 Nervae‚

523 902 859 965 frugalissimi
897 904 1165 967 principis,
1190 912 1295 952 tam
1326 903 1588 953 luculento

522 981 766 1043 exemplo
788 995 1036 1043 superare
1074 981 1322 1044 potuerit.
1389 980 1478 1028 Sic
1503 994 1587 1027 ve·

523 1069 583 1104 ro
621 1064 676 1104 et
712 1055 823 1118 ipse
864 1056 1000 1104 Ptin.
1033 1054 1203 1117 Epist.
1226 1067 1329 1103 vn.
1356 1058 1438 1102 29.
1465 1056 1480 1082 ⁸
1502 1055 1589 1102 Ne

523 1148 580 1182 se
603 1147 840 1195 magnum
876 1131 1069 1196 aliquid
1104 1132 1324 1194 adeptos
1361 1130 1589 1193 putent-²

524 1219 581 1259 et
620 1210 787 1270 Epist.
820 1221 901 1258 lx.
929 1214 1006 1258 19.
1037 1210 1052 1235 ‘
1073 1208 1174 1260 Qui
1216 1222 1457 1271 magnum
1496 1208 1586 1256 ali·

523 1284 658 1349 quod
681 1283 1172 1347 memorandumque
1192 1281 1466 1332 fecerunt.’
1492 1282 1587 1334 Ju-

525 1362 696 1409 venal.
728 1361 840 1410 Sat.
863 1374 991 1411 vm.
1014 1365 1129 1409 263.
1152 1363 1167 1387 ⁸
1188 1362 1258 1410 Et
1282 1377 1409 1425 quos
1441 1362 1588 1424 Mag·

523 1452 640 1486 num
671 1439 864 1502 aliquid
900 1438 1063 1488 dubia
1098 1454 1192 1502 pro
1229 1429 1475 1488 libertate
1500 1440 1587 1488 de·

522 1518 701 1567 ceret.'
766 1519 845 1567 Ex
870 1532 971 1567 una
995 1532 1114 1566 vero
1147 1519 1444 1582 corruptela
1467 1524 1588 1568 nata

522 1593 698 1643 fuerat
720 1600 774 1643 et
800 1595 981 1644 altera.
1050 1594 1309 1655 Corrupta
1332 1594 1589 1657 particula

522 1671 679 1731 nurgis
734 1678 1094 1734 suppresserat
1142 1669 1351 1718 verbum
1403 1671 1588 1728 mari-⁹5

521 1748 806 1810 eademque
823 1747 1143 1795 occasionem
1168 1744 1388 1795 dederat
1409 1748 1586 1809 expel-

520 1825 660 1872 lendi
693 1823 916 1886 epitheti
948 1837 1188 1883 mag-num,
1225 1828 1466 1885 tanquam
1503 1838 1587 1871 su·

522 1900 860 1963 pervacanei;
894 1913 1007 1948 cum
1045 1900 1281 1961 inprimis
1303 1900 1587 1949 insolenter

520 1977 785 2026 diceretur
823 1976 977 2039 magis
1006 1992 1230 2038 magnum
1251 1977 1445 2040 aliquid.
1512 1979 1586 2028 At

522 2068 678 2108 nunc,
701 2069 819 2103 cum
853 2069 921 2103 ex
957 2055 1211 2117 particula
1244 2055 1419 2117 magis,
1442 2056 1585 2118 quasi

521 2130 586 2178 ad
631 2130 787 2179 vitam
832 2138 1109 2180 revocatur
1153 2132 1367 2181 verbum
1416 2133 1585 2196 mavis,

522 2207 678 2257 etiam
702 2208 976 2272 epitheton
996 2224 1219 2270 magnum
1243 2210 1413 2259 locum
1438 2226 1585 2259 suum

522 2297 835 2347 recuperare
859 2290 1053 2348 potest.
1085 2285 1237 2335 Idem.

588 2361 804 2420 Reiicere
843 2360 1052 2424 aliquid]
1100 2362 1153 2413 J.
1187 2363 1246 2411 F.
1289 2362 1585 2412 Gronovius

522 2437 747 2488 Observ.
771 2451 849 2488 iv.
877 2443 955 2488 to.
975 2453 1078 2487 non
1114 2439 1276 2488 solum
1308 2439 1586 2503 Bongarsii

520 2516 880 2577 conjecturam
906 2513 972 2562 de
997 2513 1156 2562 verbo
1192 2515 1341 2563 mavis
1374 2517 1585 2566 restitu-

519 2592 654 2639 endo
671 2590 1053 2654 comprobavit,
1072 2591 1162 2639 sed
1179 2592 1332 2640 etiam
1355 2607 1450 2655 pro
1470 2609 1585 2642 ver·

520 2668 586 2716 bo
610 2667 822 2727 rejicere,
846 2666 1196 2730 reponendum
1235 2668 1435 2717 censuit
1465 2671 1585 2719 reci·

515 2745 646 2792 dere.
701 2745 715 2771 ‘
758 2744 959 2798 Recte.'
995 2745 1181 2806 inquit,
1217 2752 1230 2772 ‘
1268 2746 1586 2807 Bongarsius

519 2821 893 2869 restituendum
919 2821 1066 2870 duxit
1083 2822 1269 2878 mavis,-
1303 2823 1392 2870 sed
1413 2829 1465 2871 et
1491 2839 1586 2886 pro

515 2898 727 2962 rejicere,
741 2901 1090 2963 reponendum
1104 2908 1177 2947 est
1196 2900 1402 2948 recidere
1411 2917 1432 2958 ,·
1449 2902 1585 2965 quod

515 2977 724 3025 solenne
749 2978 960 3025 verbum
987 2978 1036 3025 in
1055 2977 1152 3025 hac
1176 2990 1252 3038 re,
1273 2984 1329 3026 et
1348 2977 1588 3028 similiter

519 3053 703 3102 Latino
731 3055 929 3104 Pacato
949 3054 1282 3104 restituimus.
1315 3055 1587 3106 Plutarch.

519 3131 718 3180 Catone
745 3133 872 3196 Maj.
894 3131 971 3180 καὶ
1005 3130 1285 3194 περιέκοπτε
1320 3133 1411 3192 τὴν
1439 3143 1588 3182 πολυ-

516 3206 725 3258 τέλειαν.
763 3211 994 3259 Frontin.
1014 3211 1244 3273 Strateg.
1263 3211 1353 3259 lib.
1372 3224 1445 3260 tv.
1470 3220 1485 3242 ⁸
1506 3226 1587 3261 re·

517 3285 857 3333 cidendorum
884 3285 1366 3349 impedimentorum
1388 3287 1587 3350 gratia.'

518 3360 724 3409 Seneca
747 3361 874 3410 Nat.
900 3362 1101 3412 Qnaest.
1122 3361 1159 3409 1.
1183 3376 1270 3411 ιιι.
1305 3372 1318 3394 ⁸
1343 3363 1585 3426 Occupa-

518 3436 689 3485 tiones
714 3438 1043 3497 recidantur;
1069 3440 1363 3501 patrimonii
1384 3440 1536 3500 longe
1555 3455 1586 3489 a

517 3513 954 3575 dominojaceutis
972 3529 1098 3563 cura
1117 3515 1380 3564 solvatur.'
1395 3515 1409 3536 '
1444 3515 1586 3565 Hac-

517 3597 666 3638 tenus
691 3591 1002 3639 Gronovius.
1049 3590 1122 3639 At
1146 3591 1334 3652 largior
1356 3591 1587 3656 quidem,

517 3664 732 3713 verbum
770 3668 997 3728 recidere,
1030 3683 1124 3730 pro
1162 3668 1375 3730 rejicere,
1414 3668 1585 3719 videri

516 3742 808 3804 elegantius
829 3744 949 3805 poni
973 3758 988 3802 3
1021 3757 1136 3792 cum
1156 3743 1207 3791 in
1227 3743 1277 3791 id
1297 3745 1484 3806 saepius
1512 3747 1585 3794 in·

513 3817 707 3866 ciderit
744 3818 1073 3876 Gronovius;
1117 3818 1265 3880 hujus
1297 3821 1455 3869 etiam
1494 3836 1583 3870 ex-

513 3896 849 3955 quisitiss‘rmo
883 3896 1110 3960 alioquin
1147 3906 1202 3944 et
1236 3898 1583 3948 moderatissi-

514 3985 600 4020 mo
626 3971 827 4035 judicio
861 3973 1138 4036 plurimum
1185 3972 1387 4023 tribuo:
1444 3989 1583 4026 nunc

514 4054 688 4097 tamen
715 4048 888 4099 induci
922 4064 1024 4098 non
1058 4063 1282 4113 possum,
1303 4058 1362 4099 ut
1392 4050 1438 4098 ei
1462 4051 1581 4100 sub-

512 4126 756 4175 scribam.
825 4127 1010 4191 Neque
1041 4126 1176 4175 enim
1213 4127 1580 4176 necessitatem

514 4203 770 4266 quandam
796 4205 948 4254 video
979 4204 1120 4255 verbi
1145 4205 1338 4265 rejicere
1371 4219 1436 4253 ex
1462 4220 1582 4269 per-

513 4289 678 4344 petua
701 4283 1024 4345 possessione
1051 4282 1382 4348 depellendi3
1409 4295 1579 4347 neque

1228 377 1442 425 No‘rAE
1493 376 1898 426 vammum
1951 377 2033 425 IN

1664 520 1920 569 calculum
1943 519 2161 584 alicujus
2183 518 2300 569 libri
2324 533 2419 584 pro
2438 518 2735 572 adsciscen-

1663 596 1731 646 do
1767 596 1925 647 verbo
1964 598 2174 647 recidere
2213 598 2583 661 deprehendo;
2628 601 2731 649 nisi

1664 673 1800 737 quod
1845 674 1981 722 solus
2026 674 2309 731 Gesnerus,
2345 674 2732 725 Gronovianam

1665 751 2018 812 conjecturam
2069 759 2300 812 secutus,
2349 752 2399 800 in
2440 754 2733 803 recentiore

1664 825 1897 876 editione
1935 827 1983 876 ei
2028 827 2196 877 locum
2243 827 2466 879 dederit.
2535 830 2732 880 Nescio

1664 910 1831 964 certe,
1889 918 1983 953 cur
2033 905 2121 952 ille
2175 919 2276 954 non
2331 913 2475 953 recte
2528 906 2730 954 dicatur

1663 979 1858 1044 aliquid
1912 995 2151 1043 magnum
2207 994 2271 1029 ex
2317 981 2419 1029 suis
2464 978 2731 1031 facultati·

1664 1054 1756 1104 bus
1789 1056 2001 1118 rejicere,
2030 1058 2117 1119 qui
2154 1057 2206 1106 in
2245 1057 2525 1120 seligendis
2557 1073 2730 1108 secer·

1663 1132 1953 1196 nendisque
1995 1134 2151 1182 rebus
2202 1136 2307 1183 suis
2350 1143 2553 1197 partem
2608 1137 2730 1186 reti-

1664 1216 1774 1267 net,
1801 1217 2005 1272 partem
2033 1211 2287 1268 inutilem,
2307 1217 2397 1260 aut
2420 1226 2522 1261 non
2548 1226 2730 1262 neces·

1663 1285 1866 1341 sariam,
1900 1286 2138 1344 dimittit,
2171 1296 2227 1338 et
2257 1288 2471 1338 alienat.
2524 1290 2639 1339 Cic.
2661 1290 2730 1339 de

1667 1362 1792 1424 Leg.
1830 1376 1869 1412 1.
1909 1366 1991 1411 23.
2037 1363 2285 1412 ‘Animus
2318 1365 2532 1414 exacuit
2572 1365 2733 1427 illam,

1666 1446 1721 1487 ut
1760 1441 2045 1503 oculorum,
2079 1442 2151 1491 sic
2189 1441 2405 1505 ingenii,
2448 1441 2637 1503 aciem,
2663 1443 2732 1491 ad

1664 1516 1795 1565 bona
1819 1517 2115 1582 deligenda,
2140 1528 2195 1568 et
2221 1518 2507 1582 rejicienda
2521 1527 2730 1569 contra-

1664 1592 1771 1642 ria.’
1808 1596 2057 1646 Quinctil.
2074 1596 2252 1645 Instit.
2269 1596 2512 1647 Oratam
2527 1601 2577 1645 3.
2598 1598 2615 1623 ‘
2633 1597 2730 1646 Fa·

1662 1672 1811 1720 cilius
1837 1672 1962 1735 quid
2006 1671 2174 1735 rejici,
2207 1687 2359 1736 quam
2397 1674 2520 1736 quid
2555 1673 2735 1737 adjici,

1662 1750 1872 1815 potest.'
1927 1752 2069 1801 Hinc
2091 1752 2259 1800 Varro
2281 1751 2436 1800 etiam
2460 1759 2475 1780 ⁴
2501 1751 2732 1815 pecudes

1662 1828 1899 1891 rejiculas
1914 1827 1929 1849 ’
1952 1843 1983 1877 a
2003 1830 2018 1856 ‘
2032 1828 2311 1892 rejiciendo
2325 1826 2339 1848 ²
2355 1828 2736 1890 denominavit,

1662 1920 1777 1968 quae
1803 1921 1831 1954 a
1856 1914 2036 1955 cetero
2062 1920 2220 1968 grege
2245 1912 2488 1969 tanquam
2512 1918 2613 1953 non
2638 1919 2733 1954 ne-

1661 1981 1899 2029 cessariae
1932 1989 1986 2031 et
2026 1982 2234 2031 inutiles
2274 1989 2641 2045 segregantur,
2672 1989 2732 2032 et

1661 2057 1976 2113 alienantur,
1997 2056 2062 2105 de
2094 2056 2173 2106 Re
2200 2057 2349 2106 Rust.
2374 2070 2434 2106 u.
2459 2060 2505 2107 1.
2542 2061 2557 2086 ⁴
2582 2057 2731 2107 Pne-

1662 2139 1804 2182 terea
1826 2133 1960 2181 scire
1983 2141 2213 2196 oportet,
2240 2135 2291 2182 in
2317 2147 2473 2197 grege
2496 2142 2627 2197 quot
2653 2132 2732 2184 fe·

1660 2210 1822 2259 minas
1844 2208 2057 2272 habeat,
2078 2243 2092 2257 .
2117 2244 2133 2260 .
2158 2246 2170 2260 .
2200 2220 2327 2275 quot
2358 2211 2588 2274 rejiculm
2621 2211 2732 2261 sint

1659 2287 1983 2338 alienandae)
2040 2289 2110 2337 Et
2135 2302 2200 2337 11·
2223 2295 2272 2337 5.
2308 2290 2323 2317 ‘
2349 2289 2420 2338 Ut
2442 2288 2494 2337 in
2518 2289 2734 2354 reliquis

1661 2363 1906 2428 gregibus
1939 2365 2196 2426 pecuariis
2234 2363 2469 2414 delectus
2508 2373 2730 2430 quotan-

1660 2444 1738 2492 nis
1755 2442 2036 2508 habendus,
2051 2453 2107 2492 et
2132 2443 2362 2507 rejiculae
2388 2442 2734 2508 rejiciundae.’

1666 2520 1773 2583 Ego
1795 2527 1939 2582 puto,
1958 2520 2006 2567 in
2027 2522 2259 2570 oratione
2284 2522 2597 2585 panegyrica
2613 2537 2733 2586 gra·

1661 2595 1774 2646 vius
1797 2597 1919 2659 dici,
1943 2612 2007 2646 ex
2034 2596 2347 2660 patrimonio
2369 2598 2562 2662 aliquid
2585 2614 2729 2665 mag·

1662 2687 1781 2720 num
1808 2672 2018 2734 rejicere,
2040 2688 2193 2737 quam
2217 2675 2454 2724 recidere:
2487 2681 2543 2724 at
2570 2690 2731 2739 pone,

1662 2750 1845 2798 melius
1888 2750 2053 2799 videri
2092 2750 2306 2800 verbum
2342 2751 2585 2810 recidero
2638 2766 2731 2802 ne-

1661 2824 1813 2880 scies,
1849 2840 1912 2874 an
1948 2832 2004 2875 et
2035 2825 2259 2890 antiquis
2291 2825 2632 2890 scriptoribus
2663 2843 2731 2878 ea

1663 2915 1870 2963 semper
1904 2902 2116 2950 meliora
2145 2902 2251 2951 sint
2275 2903 2405 2964 visa,
2430 2918 2548 2968 quas
2576 2906 2729 2956 nobis

1657 2976 1810 3026 hodie
1849 2977 2126 3039 videntum
2164 2993 2246 3034 ac,
2283 2980 2329 3027 si
2364 2993 2423 3029 re
2458 2994 2585 3030 vara
2619 2983 2729 3032 sint

1656 3054 1888 3113 meliora,
1910 3069 1974 3103 an
2004 3055 2064 3103 iis
2096 3055 2254 3104 etiam
2278 3070 2485 3119 semper
2506 3058 2727 3109 meliora

1658 3131 1708 3179 in
1753 3142 1981 3182 mentem
2047 3132 2404 3197 calamumque
2454 3136 2724 3191 venerint.

1657 3208 1808 3257 Idem.

1722 3285 1886 3332 Masis
1919 3298 2144 3345 magnum
2179 3284 2400 3349 rejicere]
2447 3285 2618 3348 Magis
2648 3302 2726 3337 re-

1639 3360 1795 3422 jicere
1829 3362 1996 3410 Livin.
2023 3362 2074 3409 in
2105 3368 2237 3412 text.
2260 3362 2353 3410 sed
2386 3364 2439 3411 in
2469 3365 2725 3428 margine,

1655 3439 1890 3499 Magnum
1912 3437 2105 3497 rejicere
2126 3438 2190 3486 V.
2217 3438 2278 3487 C.

1720 3515 1885 3563 Manis
1909 3530 2131 3577 magnam
2155 3513 2375 3577 rejicere]
2408 3515 2582 3579 Magis
2610 3517 2727 3579 reji-

1651 3605 1758 3640 cere
1783 3592 1984 3654 aliquid.
2054 3590 2210 3640 Haud
2243 3590 2472 3640 absurda
2495 3599 2582 3642 eat
2600 3607 2724 3643 con·

1645 3668 1855 3730 jectura
1884 3667 2255 3729 Bongarsiana‚
2279 3667 2420 3717 Satis
2438 3674 2511 3717 est
2534 3669 2627 3719 tibi
2649 3671 2727 3720 tsi-

1651 3743 1906 3807 miumque,
1938 3759 2043 3792 cam
2072 3744 2351 3794 successeris
2380 3746 2590 3810 principa
2606 3748 2723 3807 sns-

1648 3820 1897 3879 galissimo
1909 3834 1929 3876 ,-
1960 3821 2108 3869 mavis
2128 3819 2342 3883 rejicere,
2362 3822 2446 3882 ξε.
2482 3823 2643 3874 Grut.

1718 3895 1789 3943 Tu
1808 3895 2038 3958 tamqn-
2050 3895 2213 3958 pater]
2238 3896 2408 3945 Tattius
2425 3900 2549 3960 quod
2568 3905 2726 3962 paler.

1651 3970 1741 4020 Ita
1771 3978 1851 4021 est
1881 3973 1931 4020 in
1967 3971 2205 4021 omnibus
2240 3974 2457 4033 nostris,
2488 3986 2725 4041 excepto

1652 4047 1713 4104 C,
1737 4047 1787 4096 in
1824 4062 1926 4111 quo
1960 4047 2136 4097 editur
2156 4050 2286 4111 ded„
2310 4050 2471 4113 potiar
2497 4068 2605 4116 Μ
2633 4069 2723 4117 pa·

1648 4129 1739 4179 ter,
1763 4125 1963 4189 longius
1987 4140 2017 4175 a
2038 4140 2161 4174 vero
2176 4141 2192 4185 3
2228 4140 2345 4176 nam
2376 4127 2590 4180 dubium
2614 4146 2722 4183 non

1648 4210 1747 4266 est,
1770 4203 1898 4266 quin
1931 4210 2114 4266 aperte
2145 4210 2344 4253 rectum
2369 4206 2498 4267 ded„
2535 4212 2592 4256 ta
2620 4210 2725 4259 tisis

1646 4280 1768 4343 quod
1783 4283 1940 4343 pater.
2007 4279 2214 4331 Clarum
2237 4294 2302 4330 ex
2327 4282 2594 4335 antithesi.
2649 4286 2721 4337 Et
