3060 4902
754 381 821 428 C·
869 375 1112 428 PLmn
1162 375 1503 429 saeuum<
1548 377 1821 427 PANBG.

315 523 467 586 fleri,⁸
487 527 543 574 et
562 527 830 590 ‘quartum
847 524 883 587 ;'
905 525 1040 590 quod
1059 526 1074 554 ‘
1091 523 1295 591 quarto‘
1314 525 1385 574 lo-

315 618 434 652 cum
459 600 814 667 adsignificat,
835 617 897 652 ac
918 611 1023 651 tres
1037 611 1158 651 ante
1184 601 1348 653 factos
1370 616 1385 662 ς

314 676 630 742 ‘quartum'
689 685 898 741 tempus
944 677 1289 740 adsignificat,
1331 684 1387 727 et

317 763 403 804 ter
447 763 572 803 ante
609 752 850 804 facturn.'
916 755 961 803 1.
1007 770 1054 803 e.
1098 755 1386 818 interprete

315 830 592 895 Scioppio,
626 835 642 858 ⁴
668 827 913 879 tertium'
948 844 979 878 a
1028 831 1043 859 ‘
1067 829 1260 879 tertio’
1313 832 1387 879 sic

315 906 567 971 discerni,
606 915 664 956 ut
699 907 715 934 ‘
739 907 949 956 tertium
971 905 986 929 ’
1015 906 1084 955 sit
1117 909 1388 970 temporis,

315 982 465 1045 quasi
492 982 653 1031 tertia
675 981 823 1042 vice3
857 981 871 1007 ‘
890 980 1080 1030 tertio’
1111 989 1281 1030 autem
1318 986 1387 1032 sit

315 1057 535 1119 ordinis,
609 1071 701 1106 sen
775 1057 894 1117 loci,
955 1058 1100 1122 quasi
1157 1058 1209 1107 in
1271 1060 1387 1108 loco

318 1134 520 1196 tertio;
573 1139 814 1198 tanquam
853 1134 898 1182 si
951 1134 1178 1196 dicatur,
1222 1136 1388 1198 primo

320 1212 505 1261 consul
530 1210 692 1260 fuisse
718 1211 1020 1276 Pompeius,
1049 1210 1279 1260 secundo
1304 1212 1386 1260 Ci-

317 1299 462 1342 cero,
512 1287 672 1336 tertio
722 1287 913 1337 Caesar.
992 1289 1160 1337 Porro
1212 1296 1386 1336 autem

316 1363 1388 1427 Gelliuscommemorat,Pompeium,cuni

318 1442 374 1490 in
422 1440 645 1503 theatro,
694 1440 830 1504 quod
877 1446 992 1490 erat
1036 1441 1388 1496 dedicaturus,

316 1518 543 1566 bonores
557 1532 672 1566 suos
690 1515 972 1565 inscribere
991 1517 1233 1577 voluerit,
1248 1532 1385 1580 quae·

317 1594 545 1644 ationem
571 1593 855 1656 ancipitem
887 1594 1036 1642 istius
1061 1594 1295 1643 vocabuli
1319 1594 1386 1644 de

317 1670 545 1719 consilio
583 1669 847 1718 Ciceronis
883 1670 1108 1730 vitasse;
1148 1686 1261 1719 curn
1298 1685 1386 1720 ne-

320 1760 425 1811 que
457 1752 473 1775 ‘
496 1746 676 1796 consul
705 1747 950 1802 tertium?
985 1761 1150 1812 neque
1172 1751 1188 1775 ⁸
1207 1751 1387 1797 consul

321 1822 517 1880 tertio,’
551 1824 851 1886 scripserit;
887 1822 976 1873 sed
1008 1824 1075 1872 ad
1104 1826 1385 1873 secundum

320 1915 483 1966 nsque
506 1915 560 1950 τ.
578 1899 765 1949 fecerit
792 1901 983 1956 literas,
1008 1915 1193 1964 nempe
1218 1914 1384 1951 τεκτ.

318 1989 378 2028 ιιι
404 1979 566 2028 verbo
602 1992 705 2026 non
745 1979 1029 2041 perscripto
1066 1991 1146 2025 res
1181 1978 1386 2041 quidem

319 2057 790 2113 demonstraretur,
807 2055 897 2104 sed
913 2055 1077 2103 dictio
1097 2060 1262 2103 tamen
1280 2069 1385 2103 am·

321 2132 482 2197 bigne
506 2132 651 2181 verbi
679 2133 887 2180 lateret.
956 2131 1030 2192 Si,
1066 2146 1179 2194 quae
1213 2131 1284 2180 ibi
1319 2131 1386 2180 de

319 2210 420 2259 liae
453 2209 811 2258 controversia
842 2217 1018 2256 narrat
1049 2208 1270 2273 Gellius,
1295 2223 1383 2259 ex·

322 2285 636 2348 pendamus,
682 2298 783 2333 non
828 2285 1046 2334 obscure
1082 2295 1250 2348 patet,
1286 2288 1386 2335 isto

313 2363 427 2426 jam
469 2377 581 2410 aevo
623 2361 967 2424 promiscuum
995 2376 1138 2411 usum
1169 2363 1384 2412 istorum

323 2437 689 2488 adverbiorum
715 2437 780 2486 de
800 2437 981 2488 eadem
999 2453 1055 2487 rc
1079 2437 1388 2500 obtinuisse3

321 2518 422 2567 nisi
458 2517 595 2583 quod
637 2517 897 2569 doctiores
937 2518 1144 2582 quidam
1175 2520 1269 2567 viri
1307 2534 1382 2567 se·

322 2608 443 2644 eum
483 2594 835 2644 dissenserint.
903 2595 978 2643 Ut
1012 2609 1136 2657 ergo
1181 2595 1388 2656 Cicero,

323 2672 414 2736 qui
439 2675 493 2720 et
518 2671 629 2734 ipse
653 2672 844 2720 nullum
862 2671 1069 2733 agnovit
1091 2672 1387 2732 discrimen,

322 2762 419 2797 sno
444 2753 617 2795 tamen
650 2748 882 2810 quemvis
920 2748 1128 2811 iugenio
1159 2747 1386 2810 judicio·

322 2837 426 2886 que
468 2821 568 2871 frui
606 2830 896 2886 pateretur,
935 2822 1188 2885 suggessit
1225 2826 1387 2872 consi·

322 2901 451 2950 lium
477 2899 600 2948 illud
633 2911 798 2947 Tnn‘r.
823 2914 917 2961 per
950 2900 1272 2949 decurtatam
1301 2916 1385 2950 vo·

322 2989 441 3025 cem
474 2975 753 3025 scribendi.
821 2977 931 3025 Etsi
967 2977 1125 3040 igitur
1161 2992 1260 3026 non
1298 2993 1387 3027 ne·

323 3066 524 3115 gamus,
548 3066 594 3099 v.
620 3067 666 3115 g.
700 3052 917 3114 Livium,
954 3055 1039 3101 ubi
1067 3060 1270 3116 tempus
1296 3055 1386 3104 de·

322 3127 631 3190 signandum
677 3125 793 3181 fuit,
845 3130 1074 3184 tertium,
1125 3137 1384 3193 quartum,

323 3205 582 3270 quimum,
607 3206 885 3261 consulem,
903 3204 1225 3271 frequentius
1250 3207 1387 3257 dice·

324 3294 385 3329 re
422 3282 616 3339 solers-3
651 3281 761 3343 ipse
798 3287 968 3330 tamen
1005 3297 1104 3331 non
1140 3284 1305 3332 minus
1327 3299 1388 3334 ac

324 3358 532 3414 Cicero,
554 3364 609 3406 et
632 3358 716 3406 alii
743 3358 864 3407 boni
896 3360 1201 3422 scriptores,
1238 3361 1389 3410 item·

324 3447 429 3498 que
468 3433 662 3482 vetusti
698 3434 921 3497 lapides,
959 3436 1235 3497 promiscui
1270 3452 1388 3486 usus

323 3510 569 3574 exempla
592 3510 727 3560 bene
750 3512 912 3559 multa
938 3519 1243 3575 suggerunt3
1266 3527 1387 3577 qua-

325 3588 397 3636 lia
442 3587 551 3650 jam
602 3588 812 3651 collegit
858 3588 1133 3635 Pascasius
1174 3588 1387 3652 Grosip·

326 3676 443 3728 pus,
477 3664 588 3712 sive
627 3662 834 3727 Gaspsr
869 3663 1159 3726 Scioppius,
1199 3666 1249 3713 in
1286 3666 1386 3713 Pa-

325 3740 540 3791 radoxis
586 3739 874 3803 Literariis,
920 3741 1087 3803 Epist.
1129 3745 1175 3788 1.
1255 3740 1390 3790 Con-

323 3814 406 3866 fer
451 3814 601 3864 Hier.
649 3815 880 3879 Magium
930 3815 1155 3864 Miscell.
1213 3829 1297 3866 ιιι.
1340 3822 1387 3867 9.

325 3892 480 3940 Idem.

394 3969 559 4019 Tertio
573 3969 811 4033 consules]
834 3968 849 3997 ‘
869 3969 1048 4018 Tertio
1067 3967 1286 4031 consul,'
1304 3972 1388 4034 qui

326 4047 490 4097 tertio
513 4047 629 4095 loco
652 4054 730 4095 est
764 4055 1007 4108 creatus;
1042 4050 1057 4075 ‘
1077 4055 1156 4096 ter
1175 4046 1391 4104 consul,’

327 4123 413 4186 qui
441 4121 676 4185 tresjsm
713 4123 870 4185 gessit
892 4126 1218 4173 consulatus:
1250 4124 1265 4152 ‘
1287 4132 1391 4173 ter·

326 4198 427 4247 tio'
445 4212 575 4261 ergo
599 4199 792 4258 locum3
826 4198 969 4261 ‘ter,'
992 4199 1100 4248 sive
1120 4198 1393 4256 ‘tertiumf

325 4283 533 4338 tempus
568 4272 914 4336 adsignificat,
953 4277 1031 4325 uti
1064 4276 1127 4326 Α.
1161 4277 1300 4326 Gell·
1333 4291 1390 4326 x.

453 4354 635 4419 Delph.
660 4360 706 4402 et
737 4353 850 4403 Ver.
876 4356 1004 4405 Clus-

1285 4357 1471 4418 Paneg.
1501 4356 1605 4405 Vei.

1899 378 1948 426 1.
1991 360 2101 427 60.
2396 360 2529 429 833

1463 528 1507 574 ι.
1534 537 1598 573 ex
1635 525 1713 575 M.
1733 524 1953 573 Varron.
1976 523 2096 574 libr.
2131 519 2399 585 Disciplin.
2430 519 2523 572 ‹lo-

1459 607 1564 650 cet.
1604 601 1755 652 Ber-n.

1527 678 1620 727 Ter·
1641 677 1848 741 consule]
1880 678 2004 742 Ipso
2036 677 2296 741 principe,
2332 691 2396 727 ne
2434 671 2524 725 ali-

1462 761 1546 804 ter
1571 754 1873 805 viderentur
1910 768 2067 818 super
2104 769 2222 804 eum
2250 753 2522 804 scandere.

1462 830 1600 894 Lips-

1529 905 1772 957 Bellorum
1804 905 1935 956 istud
1966 907 2130 970 sociis]
2163 905 2386 956 Videtur
2418 905 2527 954 Au-

1462 985 1633 1033 sonius
1670 985 1804 1034 bunc
1849 985 2007 1034 Plinii
2047 986 2217 1033 locum
2260 983 2310 1032 in
2357 982 2526 1032 animo

1461 1060 1723 1122 habuisse,
1758 1075 1873 1109 cum
1918 1060 1973 1108 in
2014 1059 2248 1110 Gratiar.
2292 1058 2414 1107 Act.
2460 1060 2525 1105 ad

1464 1136 1617 1186 Grat.
1659 1152 1706 1186 c.
1739 1141 1787 1185 7.
1832 1137 2051 1197 diceret,
2084 1135 2308 1185 ‘Fecisti
2350 1140 2524 1183 autem

1463 1221 1517 1264 et
1564 1213 1720 1263 facies
1765 1215 1891 1264 alios
1928 1229 2132 1279 quoque
2166 1212 2420 1263 consules.
2447 1245 2460 1259 .
2483 1243 2529 1261 ..

1464 1292 1615 1340 Viros
1652 1293 1827 1355 gloriae
1865 1292 2126 1341 militaris:
2163 1289 2355 1340 babent
2391 1289 2526 1337 enlm

1466 1373 1654 1422 tecum,
1680 1376 1736 1416 ut
1762 1382 1968 1430 semper
2004 1367 2216 1428 laboris,
2244 1367 2320 1415 ita
2356 1365 2527 1428 digni·

1464 1444 1586 1492 tatis
1611 1444 1910 1508 plerumque
1941 1444 2279 1506 consortium,
2303 1443 2533 1499 virtutis,

1465 1533 1616 1582 quani
1672 1520 1897 1577 honoris,
1942 1519 2229 1582 antiquiore
2272 1517 2531 1582 collegio.'

1467 1596 1576 1644 Vox
1600 1597 1738 1644 sociis
1759 1595 2004 1645 mendose
2029 1596 2226 1659 scripta
2252 1595 2444 1659 legitur
2473 1594 2528 1643 in

1461 1673 1731 1722 codicibus
1767 1675 1893 1723 Mss.
1960 1673 2022 1721 In
2060 1671 2362 1732 parisiensi,
2388 1679 2529 1721 utro·

1462 1763 1561 1812 que
1576 1750 1801 1812 Veneto,
1821 1745 2302 1812 Guelplierby'tano,
2320 1757 2375 1798 et
2397 1762 2532 1810 meo,

1463 1834 1608 1873 extat
1651 1828 1783 1882 otiis,
1827 1827 1907 1875 vel
1944 1827 2080 1874 ociis.
2149 1825 2209 1873 ln
2258 1825 2527 1873 Vaticanis

1462 1901 1788 1965 quibusdam,
1810 1903 1922 1951 istis
1941 1903 2069 1951 otiis.
2140 1902 2203 1950 In
2244 1899 2376 1951 libro
2394 1901 2524 1950 Vos-

1462 1978 1607 2026 siano
1644 1981 1752 2028 ocii.
1823 1979 1883 2028 In
1915 1980 2097 2028 codice
2130 1977 2529 2041 Salisburgensi,

1463 2054 1757 2117 Bellorum[
1890 2055 1913 2116 ]
1948 2058 2105 2112 ocius,-
2142 2055 2229 2103 ubi
2265 2069 2386 2104 vero
2411 2054 2525 2116 jam

1461 2131 1671 2195 antiqua
1709 2147 1887 2181 manus
1925 2132 1976 2180 in
2016 2147 2142 2182 voce
2176 2133 2323 2194 ocius,
2347 2133 2525 2179 literas

1460 2207 1505 2253 ci
1530 2209 1735 2269 punctis
1760 2208 2073 2263 subnotavit,
2097 2214 2149 2256 et
2185 2222 2278 2271 pro
2315 2208 2373 2255 iis
2410 2207 2529 2256 lite-

1463 2298 1568 2331 rani
1590 2299 1620 2332 n
1639 2283 2026 2346 suprascripsit,
2043 2293 2097 2333 ut
2117 2298 2179 2331 ex
2201 2284 2301 2330 ista
2320 2296 2527 2331 correc-

1462 2360 1602 2409 tione
1648 2360 1923 2423 legendum
1971 2361 2058 2418 sit,
2105 2362 2354 2426 Bellorum,
2399 2362 2530 2410 istud

1460 2453 1598 2487 onus.
1663 2438 1976 2502 Suspicabar
1998 2438 2062 2488 ab
2088 2438 2257 2498 initio,
2289 2453 2352 2486 an
2389 2435 2528 2486 forte

1461 2529 1557 2578 pro
1594 2529 1751 2563 onere
1794 2514 2180 2564 rescribendum
2220 2514 2286 2563 sit
2323 2525 2531 2571 munus,-

1462 2606 1526 2640 an
1567 2593 1746 2642 saltem
1784 2607 1899 2641 onus
1940 2607 2032 2655 per
2072 2606 2239 2640 munus
2262 2592 2527 2653 explican-

1461 2668 1602 2729 dum,
1627 2671 1697 2717 ita
1724 2676 1779 2718 ut
1804 2670 2098 2718 consulatus
2134 2684 2195 2716 ex
2228 2682 2373 2716 more
2396 2670 2528 2717 anti-

1462 2762 1560 2810 quo
1598 2746 1858 2795 diceretur
1891 2746 2113 2795 bellorum
2143 2760 2278 2804 onus,
2310 2744 2391 2794 vel
2426 2760 2529 2793 mu·

1461 2838 1578 2871 nus:
1614 2824 1848 2887 quoniam
1875 2824 1923 2870 in
1951 2822 2217 2886 republica
2248 2820 2412 2870 libera
2437 2836 2525 2884 po-

1465 2900 1714 2949 tissimum
1739 2901 2001 2949 consulum
2027 2906 2158 2960 erat,
2183 2898 2416 2961 graviore
2441 2912 2521 2945 ur-

1463 2985 1620 3039 gente
1644 2977 1812 3038 hoste,
1834 2975 2088 3025 consulari
2121 2975 2277 3023 ductu
2303 2978 2356 3021 et
2380 2987 2526 3022 exer-

1462 3053 1569 3102 citu
1616 3052 1765 3101 bellis
1811 3066 2053 3115 praeesse.
2137 3049 2291 3100 Quod
2333 3050 2412 3098 vel
2460 3064 2524 3096 ex

1465 3129 1619 3178 Marii
1658 3131 1766 3177 vita
1806 3130 1940 3192 apud
1989 3127 2320 3177 Plutarchum
2361 3133 2527 3189 patet.

1463 3206 1595 3256 Inde
1620 3213 1675 3254 et
1699 3207 1857 3262 Nero,
1884 3204 2144 3255 referente
2175 3207 2388 3255 Sueten.
2411 3218 2527 3268 cap.

1461 3286 1544 3331 43.
1581 3291 1821 3345 gesturus
1848 3283 2033 3330 bellum
2065 3281 2308 3330 adversus
2334 3280 2528 3339 Gallos,

1466 3367 1738 3422 postquam
1764 3359 1997 3407 consules
2035 3365 2156 3407 ante
2195 3365 2398 3420 tempus
2426 3358 2529 3420 pri-

1465 3443 1636 3484 vasset
1663 3436 1872 3496 honore,
1898 3434 2010 3483 iniit
2036 3435 2377 3493 consulatum,
2405 3448 2529 3497 qua-

1465 3510 1505 3558 si
1553 3509 1710 3560 fatale
1755 3519 1914 3573 esset,
1962 3511 2100 3559 ‘non
2149 3523 2298 3574 posse
2345 3509 2529 3559 Gallos

1465 3585 1737 3647 debellari,
1775 3587 1870 3636 nisi
1911 3601 1939 3634 a
1977 3583 2221 3635 consule.'
2291 3584 2428 3635 Hinc
2475 3594 2530 3634 et

1464 3661 1577 3725 ipse
1617 3663 1816 3711 Plinius
1852 3672 2028 3711 noster
2063 3663 2114 3711 in
2148 3662 2384 3726 proximo
2414 3677 2531 3725 cap.

1468 3752 1583 3787 Lxx.
1604 3744 1652 3788 7.
1689 3740 1703 3766 ⁴
1724 3740 1797 3788 Ut
1819 3741 1956 3796 olim,
1978 3754 2090 3788 cum
2116 3740 2277 3789 hostis
2299 3740 2348 3786 in
2377 3752 2530 3801 prox-

1468 3816 1589 3878 imo,
1610 3824 1663 3864 et
1692 3818 1738 3862 in
1764 3830 2011 3864 summum
2037 3815 2312 3863 discrimen
2339 3814 2530 3861 adduc-

1468 3902 1524 3941 ta
1569 3892 1876 3955 respublica,
1919 3901 2194 3954 expertum
2250 3890 2528 3938 honoribus

1468 3970 1630 4017 virum
1660 3977 1931 4032 poscerem
1966 3983 2064 4016 nou
2100 3967 2402 4016 consulatus
2440 3965 2530 4014 bo·

1466 4045 1686 4094 minibus
1732 4045 1932 4100 iisdem,
1968 4043 2058 4092 sed
2102 4043 2257 4091 iidem
2302 4042 2531 4090 homines

1466 4121 1843 4176 consulatibus,
1878 4116 2263 4169 reddebantur.'
2333 4118 2426 4165 Est
2452 4128 2531 4166 ta·

1467 4212 1713 4258 men,cur
1750 4198 1867 4244 milii
1904 4195 2002 4258 ipsi
2038 4192 2150 4240 lraec
2176 4191 2318 4240 varia
2351 4193 2529 4255 lectio,

1465 4275 1680 4341 ejusque
1703 4272 2005 4335 explicatio,
2025 4267 2247 4319 noudum
2266 4269 2390 4318 satis
2416 4284 2531 4333 pro·

2285 4354 2397 4404 3G
