3060 4902
719 340 786 388 c.
833 339 1070 388 rcum
1122 338 1452 387 securem
1505 338 1786 388 mnne.
1856 340 1903 388 1.
1935 327 2042 391 70.

275 481 487 545 birinm,
514 480 657 546 quod
696 496 803 531 suae
839 480 1065 532 fortune
1105 479 1349 533 fundatas

278 560 571 623 presertim
607 567 765 624 atque
804 561 1002 622 optime
1037 560 1349 608 constitutas

276 712 500 773 miserit,
525 711 1010 774 reprehendendum
1036 709 1224 773 putet,'
1243 714 1344 758 διο.

278 786 388 836 Ubi
408 786 636 835 Turneb.
661 785 882 835 Advers.
918 799 1105 834 xxvrr.
1144 790 1223 835 16.
1261 801 1351 836 eas

279 876 408 926 opes
443 860 688 910 fundatas
730 862 998 923 iutelligit,
1035 876 1151 925 quae
1187 860 1349 911 firma

281 937 604 1003 stabilesque
627 943 764 994 sunt,
788 953 886 986 non
913 946 1115 987 tanturn
1139 952 1169 987 s
1202 946 1216 967 ‘
1235 937 1349 988 fun-

281 1011 676 1065 damentorum’
707 1013 956 1064 firmitate
992 1014 1204 1065 notione
1225 1014 1350 1065 duc-

283 1097 368 1148 ta;
418 1089 510 1139 sed
554 1090 713 1138 etiarn
755 1104 786 1138 a
829 1095 843 1118 ⁶
883 1087 1083 1146 fundo,’
1117 1098 1173 1140 et
1223 1091 1350 1141 solo.

284 1169 303 1197 ⁴
326 1168 647 1219 Certissimae
678 1167 855 1223 enim,'
887 1167 980 1224 ait,
1013 1168 1029 1195 ‘
1051 1168 1152 1218 illoe
1188 1167 1348 1219 facul-

284 1251 422 1295 tstes
446 1251 585 1300 sunt,
607 1258 726 1308 qum
765 1244 818 1293 in
860 1243 1032 1295 fundis
1067 1252 1186 1295 sunt
1224 1259 1350 1295 con·

283 1321 523 1382 stjtntoe;
559 1334 662 1369 non
699 1320 841 1381 item,
869 1335 985 1385 qua
1025 1321 1077 1369 in
1108 1322 1353 1384 nummis,

284 1405 374 1447 ast
413 1395 568 1446 rebus
602 1397 945 1459 moventibus,
969 1412 1071 1447 non
1103 1397 1156 1447 iu
1195 1398 1350 1448 rebus

281 1469 397 1524 soli.
471 1472 607 1522 Hinc
645 1479 701 1522 et
741 1472 867 1522 illud
898 1474 1096 1536 Flacci,
1121 1474 1285 1539 Epist.
1309 1489 1350 1525 1.

286 1553 365 1598 ts.
401 1547 421 1578 ‘
445 1549 783 1612 Conspicitur
806 1549 983 1599 nitidis
1012 1549 1229 1601 fundata
1260 1566 1350 1614 pe·

283 1625 442 1677 cunia
482 1625 665 1686 villis3'
701 1626 737 1676 i.
759 1641 808 1675 e.
844 1627 896 1676 in
931 1625 1108 1677 fundis
1138 1635 1194 1678 et
1220 1628 1353 1678 villis

283 1704 452 1766 posita
502 1708 560 1751 et
609 1702 939 1753 constituta.'
1025 1704 1138 1754 Etsi
1173 1703 1353 1769 itaque

283 1777 584 1839 Lipsiansrn
609 1778 1024 1830 emendationem
1046 1795 1140 1845 pro
1162 1780 1353 1830 viribus

285 1853 618 1904 asserendam
652 1853 811 1916 duxi;
845 1854 1004 1903 nihilo
1045 1855 1212 1904 minus
1249 1857 1352 1906 lec-

286 1929 481 1979 tionem
528 1930 787 1992 vulgatam
838 1931 974 1979 tueri
1016 1938 1231 1981 conatus
1271 1938 1353 1984 est

288 2004 633 2067 Arntzenius3
668 2007 755 2069 qui
797 2006 946 2056 simul
981 2008 1139 2057 etiam
1180 2008 1353 2059 Isaaci

289 2081 459 2131 Vossii
483 2082 888 2145 explicationem
922 2083 1073 2148 liujus
1114 2085 1213 2135 loci
1249 2085 1353 2136 dis·

288 2161 481 2211 cussit:
552 2160 701 2224 enjus
760 2176 884 2211 vero
949 2163 1353 2219 annotationem,

290 2250 442 2300 quarn
475 2237 590 2287 lroec
623 2237 802 2289 charta
838 2251 941 2286 non
968 2238 1236 2288 commode
1268 2253 1352 2288 ca·

291 2313 385 2376 pit,
412 2310 638 2362 referam
673 2312 738 2362 ad
762 2313 982 2362 Excurs.
1003 2327 1098 2363 mr.
1131 2314 1350 2364 Schwar-

287 2402 410 2437 nas.

357 2462 1039 2527 Constitutionesuudooerot]
1060 2465 1262 2516 Seneca
1286 2465 1352 2515 de

288 2539 571 2591 Beneficiis
596 2552 679 2588 ιιι.
697 2544 743 2588 8.
767 2543 783 2569 ‘
800 2539 1097 2590 Amavimus
1115 2543 1358 2608 aliquem,

290 2626 346 2669 et
382 2617 735 2680 suspeximus,
775 2624 830 2665 et
867 2615 1140 2667 fundatum
1173 2620 1238 2668 sb
1268 2621 1356 2668 illo

291 2700 483 2746 statum
506 2701 740 2743 nostmm
760 2691 976 2756 professi
1000 2698 1209 2744 sumus.’
1272 2696 1354 2745 Ci-

291 2787 413 2825 cero
440 2787 535 2835 pro
559 2773 733 2822 Rabir.
764 2774 780 2800 ‘
798 2771 852 2822 Si
876 2772 991 2835 quis
1017 2779 1117 2830 est,
1132 2769 1359 2835 jndices‘,

292 2850 381 2913 qni
403 2851 466 2899 C.
491 2849 779 2909 Rabirium,
816 2849 953 2912 quod
993 2863 1098 2898 suae
1134 2848 1356 2900 fortnnae

290 2923 533 2974 fundatas
553 2924 838 2988 praesertim
856 2932 1013 2987 atque
1029 2925 1223 2988 optime
1240 2940 1356 2975 con·

294 3094 394 3143 que
422 3080 731 3142 permiserit,
758 3078 1241 3142 reprehendendum
1264 3093 1358 3142 pu-

295 3154 413 3213 tet‚'
434 3159 531 3205 διο.
564 3156 728 3204 Livin.

358 3232 579 3292 Egregia
599 3230 962 3294 constitutione]
993 3230 1259 3284 Quaestori
1284 3231 1357 3295 ip·

292 3308 335 3358 si
358 3309 513 3358 valde
537 3307 832 3358 honorifica.
869 3309 1090 3358 Potor-01.

358 3386 680 3447 allegandum
713 3386 923 3450 putasti]
964 3386 1160 3436 Latinis
1194 3386 1210 3414 ⁴
1234 3386 1359 3435 alle-

293 3461 449 3525 gare’
488 3462 694 3525 propr-ie
720 3464 856 3511 idem
881 3470 981 3524 est,
1008 3463 1145 3527 quod
1183 3463 1361 3513 mitte·

293 3553 371 3595 re,
395 3546 448 3588 et
474 3538 694 3587 maxime
714 3537 768 3587 in
793 3538 945 3587 rebus
970 3540 1184 3602 privatis
1204 3555 1220 3602 ς
1243 3554 1360 3589 curn

294 3616 361 3664 de
409 3613 636 3677 publicis
679 3614 833 3663 rebus
886 3616 1094 3663 verbum
1138 3615 1362 3679 simplex

292 3692 310 3718 ⁸
333 3690 541 3754 legare’
577 3695 871 3753 usurpetur.
936 3691 1239 3754 cujusmodi
1271 3706 1362 3742 ex·

294 3768 471 3830 erupis
512 3765 703 3830 passim
744 3772 864 3814 sunt
901 3763 1073 3814 obvia.
1141 3765 1214 3815 At
1244 3781 1362 3817 cum

293 3845 554 3897 Quinctil.
586 3843 823 3892 Declsm.
849 3854 889 3889 r.
922 3845 970 3890 1.
1006 3840 1236 3904 scripsit,
1269 3843 1284 3873 ⁸
1310 3843 1363 3892 Si

281 3919 499 3984 juvenis
522 3917 992 3973 innocentissimus,
1021 3917 1252 3981 judices,
1285 3920 1363 3968 uti

295 3998 459 4048 vellet
484 3997 679 4047 ambitu
700 3995 764 4060 (i.
784 4010 831 4045 e.
851 3994 1235 4058 ostentatione)
1255 3996 1366 4044 tris·

293 4076 513 4125 tissima
538 4072 870 4133 calamitatis,
907 4077 1115 4133 poterat
1148 4071 1367 4133 allegare

298 4153 445 4202 vobis
474 4152 718 4201 amissam
740 4162 869 4199 cum
909 4148 1073 4198 oculis
1095 4147 1369 4210 cogitatio·

299 4242 419 4279 num
443 4227 678 4279 omniurn
704 4224 1087 4286 temeritatem3
1121 4223 1215 4275 sed
1250 4237 1369 4274 curn

2357 327 2487 393 914

1428 480 1707 532 ostendere
1733 483 2077 534 innocentiam
2096 498 2239 534 snam
2262 484 2495 537 moribus.

1427 558 1610 619 malit,'
1637 561 1731 609 διο.
1766 560 1830 610 sd
1855 562 1995 610 illum
2022 561 2190 611 locum
2219 563 2490 613 annotavit

1426 636 1777 700 Sclrultiugius
1799 636 2085 700 ‘allegare’
2119 637 2191 687 ibi
2215 650 2348 693 esse,
2377 652 2488 688 rem

1428 710 1683 775 proferre,
1726 723 1782 764 et
1821 716 2116 772 ostendere,
2163 730 2277 781 quae
2323 717 2490 779 possit

1426 786 1598 837 facere
1621 789 1685 838 ad
1713 791 2020 840 movendum
2056 805 2194 855 eum,
2230 792 2376 855 cnjus
2399 807 2489 843 vo-

1425 864 1682 915 luntatem
1720 866 1867 916 nobis
1905 867 2183 916 secundam
2221 867 2491 931 cupimus3

1426 941 1460 992 i.
1483 956 1532 991 e·
1575 942 1910 1004 Germanice,
1948 943 2057 993 Zur
2098 944 2487 1006 bewegungs-ur-

1423 1017 1562 1067 sache
1582 1018 1843 1077 anfivia-es.
1910 1019 2044 1070 Quae
2069 1020 2352 1083 explicatio
2375 1035 2489 1070 ver-

1425 1093 1477 1142 bi
1511 1097 1525 1121 ‘
1551 1095 1808 1157 allegare’
1859 1096 2096 1159 apprime
2151 1096 2398 1147 convenit
2434 1097 2486 1147 in

1424 1171 1562 1221 hunc
1590 1173 1743 1222 Plinii
1769 1173 1957 1224 locum.
2007 1174 2286 1224 Excitatus
2312 1174 2492 1225 lauda-

1426 1252 1511 1297 tus
1539 1247 1932 1309 jureconsultus
1959 1250 2117 1299 etiarn
2151 1250 2254 1301 alia
2282 1250 2399 1300 loca
2421 1264 2490 1300 ex

1425 1325 1805 1382 Quinctiliano,
1829 1326 1880 1374 in
1906 1325 2096 1392 quibus
2117 1326 2300 1377 eadem
2320 1327 2490 1377 notio-

1426 1414 1491 1449 ne
1513 1400 1743 1450 occurrit
1776 1399 1913 1450 idem
1938 1400 2181 1461 ver-burm
2216 1416 2264 1452 v.
2288 1415 2340 1464 ς.
2379 1402 2490 1455 De·

1426 1478 1577 1528 elam.
1600 1491 1704 1528 vri.
1734 1478 1750 1506 ‘
1773 1478 1891 1529 Jsrn
1936 1492 2073 1527 nunc
2112 1484 2284 1527 tamen
2327 1477 2492 1536 vobis,

1414 1552 1645 1616 judices,
1689 1552 2042 1603 infirmitatem
2094 1566 2257 1602 meam
2305 1553 2492 1615 allego,

1426 1626 1770 1679 commendo.'
1813 1629 1949 1678 Item
1967 1626 2201 1677 Declam.
2218 1639 2308 1676 ιι..
2331 1634 2345 1656 ·
2363 1628 2491 1677 Par-

1429 1705 1572 1753 vulos
1586 1719 1705 1754 snos
1725 1704 1976 1767 ostendit,
1994 1702 2226 1767 allegat?
2256 1704 2495 1754 Declam-

1426 1783 1543 1830 340.
1578 1782 1594 1808 ⁸
1620 1781 1731 1844 Ego
1771 1780 1918 1830 vobis
1959 1780 2127 1844 allego
2167 1782 2323 1831 etiarn
2364 1782 2491 1832 illud

1425 1870 1626 1907 sacrum
1652 1864 2048 1921 pretextatum,
2071 1872 2171 1922 quo
2195 1857 2494 1908 sacerdotes

1427 1932 1704 1983 velantur.’
1753 1933 1904 1983 Adde
1927 1934 2025 1997 his,
2044 1947 2106 1982 ex
2125 1934 2338 1985 Sueton.
2355 1933 2494 1998 Aug.

1428 2023 1545 2073 cap.
1568 2015 1617 2060 6.
1655 2008 1672 2037 ‘
1690 2009 1821 2060 Cum
1848 2010 1908 2059 C.
1930 2010 2206 2071 Laetorius,
2228 2010 2280 2059 in
2305 2010 2494 2075 depre-

1429 2087 1599 2136 canda
1622 2085 1867 2136 adulterii
1887 2100 2055 2149 poena,
2075 2093 2269 2150 praeter
2284 2094 2491 2137 aetatem

1429 2169 1586 2226 atque
1623 2163 1845 2216 natales,
1882 2163 1981 2211 hoc
2018 2177 2220 2226 qnoque
2259 2162 2494 2225 patribus

1429 2239 1738 2302 conscriptis
1773 2240 2042 2302 allegaret,
2064 2252 2118 2287 se
2142 2253 2253 2287 esse
2290 2252 2495 2301 posses·

1430 2326 1600 2363 sorem
1635 2328 1696 2363 ac
1742 2314 1885 2362 velut
1922 2312 2168 2362 aeditunm
2210 2314 2323 2370 soli,
2352 2315 2491 2378 qnod

1431 2390 1558 2454 prim
1569 2406 1649 2439 um
1673 2392 1741 2441 D.
1763 2389 2031 2454 Angustus
2054 2404 2270 2438 nascens
2292 2389 2493 2451 attigis-

1430 2467 1548 2518 set!
1613 2468 1695 2517 Ex
1736 2468 1918 2518 eodem
1956 2469 2169 2517 Sueton.
2211 2467 2345 2530 Aug.
2376 2481 2497 2530 cap.

1429 2548 1514 2595 4⁷.
1567 2546 1582 2574 ‘
1608 2545 1776 2595 Urbes
1819 2544 2089 2610 quasdam,
2144 2544 2333 2593 merita
2369 2558 2497 2609 erga

1433 2621 1681 2684 populum
1707 2620 1999 2670 Romanurn
2023 2621 2331 2683 allegantes,
2360 2620 2496 2669 Lati-

1430 2696 1618 2752 nitate,
1658 2697 1743 2747 vel
1778 2696 2011 2752 civitate,
2045 2694 2293 2745 donavit.'
2358 2696 2494 2746 Item

1431 2786 1498 2821 ex
1540 2772 1679 2823 Plio.
1714 2773 1879 2837 Epist.
1909 2785 2001 2823 ur.
2032 2776 2081 2821 Δ.
2114 2776 2129 2800 ⁴
2153 2772 2498 2836 lmplorantes

1431 2848 1589 2901 fidem
1645 2864 1831 2911 meam,
1884 2865 2034 2914 quarn
2090 2858 2266 2899 essent
2317 2853 2499 2900 contra

1436 2927 1660 2975 Massam
1692 2926 1926 2976 Baebium
1963 2926 2190 2987 experti,
2212 2926 2499 2987 allegantes

1437 3003 1709 3065 patrocinii
1733 3000 1933 3052 foedus.'
1998 3002 2078 3049 Ex
2110 3000 2226 3050 eod.
2251 3001 2420 3063 Epist.
2441 3015 2500 3052 x.

1433 3083 1518 3128 66.
1552 3080 1567 3108 ⁸
1592 3079 1692 3129 Ille
1722 3078 1846 3128 nihil
1877 3076 2198 3141 proferebat,
2221 3090 2321 3140 quo
2351 3078 2500 3127 resti·

1437 3160 1606 3207 toturn
1651 3169 1708 3204 se
1743 3154 1960 3204 doceret
1992 3152 2285 3215 allegabat
2326 3160 2499 3205 tamen

1439 3245 1533 3296 pro
1558 3231 1889 3281 restitutione
1926 3229 2157 3278 libellum
2190 3243 2219 3276 a
2241 3243 2297 3278 se
2322 3229 2500 3280 Domi·

1438 3307 1580 3357 tiano
1603 3305 1819 3363 datum:
1842 3308 1942 3354 &m
1972 3303 2212 3353 Schmun-2.

1507 3383 1717 3433 Generis
1759 3381 1833 3432 ενι·
1874 3380 2166 3444 claritatem]
2201 3380 2285 3430 Ne
2328 3389 2500 3445 putes,

1436 3459 1522 3510 hic
1560 3457 1787 3509 Plinium
1824 3457 2047 3508 voluisse
2080 3457 2357 3520 Trajanurn
2391 3459 2502 3522 pal-

1439 3551 1587 3602 pare.
1674 3535 1959 3598 Eutropius
2011 3534 2240 3597 quidem,
2285 3549 2410 3585 νιιι.
2450 3538 2502 3585 ⁸3.

1438 3617 1454 3643 ⁸
1480 3615 1750 3665 Successit
1786 3614 1976 3663 Nerva
2012 3612 2201 3676 Ulpius
2241 3613 2500 3677 Trajanus

1440 3690 1689 3748 Crinitus,
1727 3698 1878 3739 natus
1908 3689 2110 3739 Italicae
2148 3691 2200 3738 in
2240 3689 2504 3752 Hispania,

1439 3766 1637 3819 familis
1674 3768 1887 3832 antiqua
1925 3768 2107 3831 inagis,
2142 3778 2293 3830 qnam
2331 3766 2504 3824 clara;

1440 3858 1558 3894 nam
1583 3850 1738 3907 pater
1759 3844 1875 3908 ejus
1910 3843 2130 3906 primurn
2166 3842 2343 3891 consul
2368 3838 2504 3889 fuit.’

1441 3920 1523 3970 Re
1560 3935 1684 3971 vera
1723 3913 1915 3980 tansen,
1951 3933 2069 3969 curn
2106 3918 2381 3968 ostendere
2416 3929 2504 3965 vo-

1441 3996 1560 4059 luit,
1592 3996 1687 4045 sub
1716 3996 1937 4057 Trojano
1971 3993 2210 4058 principe
2234 4006 2335 4041 non
2358 3992 2504 4041 dete·

1441 4072 1627 4121 riorem
1662 4085 1778 4119 esse
1814 4068 2007 4118 debere
2040 4067 2390 4117 conditionem
2415 4080 2503 4116 no-

1443 4160 1623 4195 vorum
1646 4145 1943 4202 honiinum3
1979 4143 2143 4192 utitur
2163 4142 2403 4203 exemplo
2426 4140 2504 4205 ip·

1447 4221 1553 4273 sius
1573 4220 1809 4285 Trsjsni3
1830 4224 2014 4284 utpote
2038 4217 2146 4282 qui,
2163 4216 2264 4268 etsi
2286 4217 2511 4296 antiqua]
