3060 4902
751 373 814 418 C.
867 368 1101 417 Pmml
1153 367 1485 418 sEcunnl
1540 367 1816 417 PANEG.
1894 370 1942 418 Ι.

310 512 412 564 Adi
449 514 513 563 P.
545 510 724 575 Fabri,
757 513 843 577 qui
882 511 1125 576 quidquid
1161 510 1371 561 dedola-

308 591 402 650 vit‚
425 589 490 638 ad
520 591 712 640 asciam
751 587 967 646 factum,
989 590 1238 639 Semestr.
1262 603 1302 638 1.
1323 593 1373 638 3.

309 665 465 714 Ber-n.

317 779 330 788 .
375 741 582 790 Manum
615 739 823 803 armati]
864 741 1056 794 Lucan.
1092 739 1181 788 lib.
1216 753 1271 789 x.
1309 737 1376 788 de

308 816 483 867 Achil.
517 819 534 864 ‘.
560 816 728 867 Quem
765 830 896 879 puer
927 817 1149 865 imbellis
1175 816 1377 865 cunctis

308 891 629 958 praefecerat
647 893 822 949 armis,
839 893 905 940 Et
926 893 1145 940 dederat
1166 890 1378 946 ferrum,

307 971 454 1020 nullo
475 969 572 1018 sibi
590 969 711 1032 jure
736 977 959 1024 retento,
984 969 1048 1017 Iu
1071 977 1303 1030 cunctos,
1327 969 1375 1016 in

308 1059 471 1109 seque
506 1043 690 1095 simul.'
759 1044 1035 1112 Et⁸Sidom
1062 1044 1290 1107 Apollin.
1311 1042 1378 1092 ad

309 1123 657 1186 Major-lanum
692 1121 828 1185 Aug.
860 1122 910 1169 in
948 1122 1147 1185 Paneg.
1180 1121 1301 1170 Car.
1327 1134 1380 1170 v.

305 1200 322 1227 ⁴
349 1199 404 1247 Si
444 1196 773 1262 prefecturae
814 1205 1039 1261 quantus
1079 1196 1381 1247 moderetur

309 1275 557 1326 bonorem
584 1274 679 1322 Vir
709 1288 931 1337 quaeras,
962 1274 1133 1323 tendit
1172 1275 1379 1336 patulos

311 1365 412 1414 qus
449 1349 626 1400 Gallia
656 1347 823 1409 fiues3
860 1349 961 1396 Vix
997 1349 1178 1397 babuit
1210 1362 1379 1397 mores

311 1427 528 1488 similes,
551 1427 633 1475 cui
662 1434 795 1474 teste
830 1435 1016 1474 senatu
1042 1426 1104 1474 In
1134 1440 1189 1492 ,se
1221 1425 1378 1474 etiam

312 1515 541 1556 tractum
576 1506 902 1555 commiserat
940 1506 1127 1568 Ulpius
1169 1504 1379 1554 ensem.'

315 1583 465 1634 Idem.

319 1699 326 1707 .
379 1659 572 1723 Invita]
605 1658 658 1708 Si
683 1659 816 1708 male
842 1672 921 1708 me
947 1657 999 1708 in
1019 1671 1130 1706 earn
1155 1672 1381 1721 gessero.

312 1736 452 1799 Lips-
1025 1783 1032 1788 ι

384 1811 463 1859 Ne
494 1801 686 1872 delient]
723 1810 774 1860 Si
806 1811 887 1859 vel
921 1825 1004 1860 me
1031 1819 1243 1875 mutem,
1265 1824 1382 1861 cum

309 1889 423 1952 jsm
450 1887 758 1949 susceperit.
811 1888 962 1937 Idem.
1310 1923 1314 1927 »

382 1966 464 2014 Ne
485 1964 676 2028 debeat]
712 1965 1008 2014 Eorundem
1042 1970 1280 2014 votorum
1305 1978 1382 2014 so-

314 2042 587 2092 lutionem.
628 2043 848 2092 Putat-ol.
1255 2091 1258 2092 γ

382 2118 521 2168 cn.
538 2131 735 2168 vanr.
762 2121 884 2167 Cum
901 2118 1132 2180 excipias]
1154 2118 1386 2167 Annota-

316 2193 392 2243 vit
418 2193 703 2256 Gesnerus,
724 2194 883 2243 verbo
908 2192 1197 2256 ‘excipere’
1217 2195 1385 2243 locum

315 2271 404 2319 liic
427 2283 562 2332 esse,
582 2284 683 2319 non
709 2279 961 2333 quatenus
986 2285 1050 2319 ex
1078 2269 1274 2331 vulgari
1298 2282 1388 2318 no·

315 2347 461 2398 tione
507 2362 603 2411 pro
655 2345 962 2395 ‘eximere’
1007 2346 1240 2406 dicatur;
1294 2344 1386 2393 sed

314 2431 578 2491 quatenns
600 2423 829 2473 conditio
854 2431 1096 2487 ponatur,
1113 2427 1202 2470 siit
1228 2419 1388 2469 nomi·

313 2501 480 2549 natim
537 2500 731 2565 aliquid
788 2509 1049 2548 caveatur.
1128 2497 1388 2546 Provocat

315 2575 458 2627 idem
485 2574 548 2624 sd
574 2576 740 2624 locum
768 2575 925 2624 Plinii
954 2574 1187 2638 MaJoris,
1222 2586 1389 2623 xxix.

319 2657 370 2701 1.
408 2651 498 2700 ubi
538 2652 649 2699 liaec
689 2652 937 2713 legimus:
984 2656 998 2678 ⁸
1022 2652 1089 2698 Et
1129 2665 1243 2698 cum
1278 2651 1389 2712 [ve-

319 2736 462 2778 teres
501 2728 747 2790 Romani]
784 2728 998 2777 Graecos
1041 2727 1192 2777 Italis
1231 2727 1390 2790 pelle-

317 2812 464 2865 rent,
503 2804 593 2854 diu
640 2813 758 2867 post
798 2807 1072 2860 Catonem.
1118 2803 1389 2867 excepisse

320 2880 593 2930 medicos!
660 2882 744 2929 lbi
794 2881 1004 2929 verbum
1049 2887 1063 2909 ⁴
1091 2878 1393 2942 excepisse'

318 2957 704 3018 iuterpretatur
759 2955 1076 3017 narduinus,
1119 2958 1135 2983 ⁴
1162 2957 1390 3004 uomina·

321 3036 418 3087 tim
445 3036 733 3097 appellasse
771 3033 1016 3090 medicos,
1048 3047 1166 3081 cum
1201 3033 1393 3082 ceteris

319 3112 532 3161 Grecis
551 3111 677 3160 urbe
703 3109 1007 3173 pellendos.'
1060 3111 1075 3137 ‘
1097 3109 1392 3172 Excipere,'

318 3188 512 3250 inquit,
535 3194 549 3216 ⁶
567 3187 663 3236 boc
686 3188 801 3235 loco
823 3201 924 3236 non
948 3194 1028 3236 est
1059 3186 1291 3248 demere,
1314 3201 1391 3234 se·

318 3276 565 3324 cernere,
607 3262 688 3310 vel
731 3263 958 3311 eximere
1001 3276 1250 3322 nurner03
1300 3260 1390 3311 sed

317 3340 627 3391 nominatim
664 3353 870 3389 cavere.
939 3340 1102 3403 Cujus
1138 3339 1394 3402 significa·

320 3417 487 3467 tionis
521 3418 759 3480 exempla
799 3418 1022 3480 plurima
1061 3417 1110 3465 in
1148 3416 1393 3480 jurecon-

319 3494 480 3544 sultis
528 3493 848 3543 occurrunt.'
915 3493 1116 3549 Malim,
1167 3493 1395 3543 Hardui·

317 3584 450 3619 nom
475 3569 620 3632 liujus
645 3568 851 3630 generis
889 3569 1109 3617 clariora
1139 3568 1397 3632 quiedam,

317 3653 422 3698 ant
457 3656 604 3697 certe
632 3661 697 3696 ex
737 3648 852 3711 ipso
884 3648 1058 3696 Plinio
1082 3654 1280 3711 nostro,
1303 3662 1395 3696 ex·

315 3724 504 3787 empla
550 3723 886 3786 suggessisse.
954 3722 1233 3786 Utcunque
1273 3738 1396 3774 vero

314 3806 434 3859 est,
469 3811 572 3847 non
609 3798 818 3864 quidem
851 3798 964 3861 jam
1003 3797 1221 3861 urgebo,
1257 3798 1396 3862 apud

315 3873 558 3947 Plinium
597 3874 851 3938 Msjorem
887 3875 1196 3936 particulam
1233 3877 1248 3905 ¹
1271 3875 1398 3924 nec'

315 3949 499 3999 videri
535 3948 812 4011 excidisse,
846 3962 964 3998 cum
1001 3950 1270 4012 scripsisse
1307 3965 1397 4013 po·

315 4026 518 4084 tuerit,
541 4029 555 4053 ⁸
574 4038 672 4073 nec
693 4026 960 4088 excepisse
987 4026 1215 4075 medicos
1236 4025 1272 4086 ;’
1306 4040 1399 4088 pu·

309 4112 385 4155 to
421 4109 612 4160 tamen,
651 4101 702 4149 in
743 4100 843 4150 lioc
879 4101 1041 4152 Plinii
1083 4101 1248 4150 nostri
1286 4101 1400 4151 loco

310 4176 546 4228 verbum
601 4181 615 4203 ⁴
641 4175 887 4239 excipere
909 4174 924 4196 '
960 4177 1226 4241 vulgarem
1275 4176 1400 4224 reti·

309 4267 456 4307 nere
494 4251 945 4314 significationem.
1013 4252 1227 4304 Dicitur
1262 4252 1397 4301 enim

461 4332 638 4395 Daph.
658 4338 705 4383 et
734 4332 850 4385 var.
871 4333 1001 4383 Clas.

1279 4333 1471 4395 Paneg.
1502 4331 1611 4381 Vel.

1986 353 2103 421 68.
2389 355 2520 421 897

1451 512 1704 576 TraJanns
1728 512 1938 576 quidem
1970 527 2065 576 pro
2095 512 2264 562 sslute
2287 527 2380 562 sua
2404 520 2525 564 vota

1453 588 1646 638 fecisse
1674 589 1807 651 Diis,
1836 598 1895 639 ut
1929 603 1985 637 se
2021 596 2261 650 serveut;
2298 598 2354 639 at
2385 591 2524 646 inter

1451 665 1552 716 ista
1575 676 1697 715 vota
1722 666 2014 730 excepisse,
2050 672 2110 714 ut
2144 666 2220 715 ita
2254 666 2458 716 demum
2493 681 2525 716 ι

1455 743 1569 791 Diis
1604 750 1863 798 servetur,
1898 743 1941 791 si
1974 742 2108 790 bene
2152 743 2520 806 rempublicam

1453 820 1682 882 rexerit3
1735 821 1772 870 i.
1807 837 1853 871 e.
1899 834 1964 869 ne
2009 827 2137 869 tunc
2184 829 2441 877 servetur,
2479 822 2523 870 si

1455 895 1590 944 male
1615 896 1808 944 rexerit
1835 894 2221 958 rempublicam.
2259 897 2504 947 Schmun.

1518 973 1613 1021 Dia·
1649 972 1862 1034 servent]
1909 973 2015 1022 Sex
2058 971 2263 1021 codices
2297 974 2426 1022 Μαι.
2467 981 2524 1024 et

1456 1047 1509 1096 in
1547 1048 1690 1098 libris
1724 1049 1927 1098 excusis
1953 1049 2294 1110 Puteolanus,
2313 1049 2525 1099 Beroal-

1456 1123 1571 1180 dus,
1620 1124 1804 1179 Aldns,
1852 1126 2220 1188 cuspinianus,
2260 1125 2525 1175 Philomu-

1457 1215 1565 1262 sns,
1589 1201 1873 1263 Grypliius,
1906 1201 2183 1263 Gruterus,
2215 1208 2268 1250 et
2304 1200 2523 1251 sortasse

1458 1278 1565 1340 alii,
1590 1291 1692 1325 non
1727 1279 2026 1340 exprimunt
2063 1278 2151 1334 dii,
2186 1279 2275 1326 sed
2310 1278 2419 1338 dei,
2456 1278 2524 1328 de

1456 1367 1558 1416 qua
1582 1353 1839 1414 scriptura
1859 1368 1958 1402 uon
1981 1354 2105 1403 nihil
2130 1354 2213 1415 egi
2234 1355 2284 1402 in
2306 1354 2525 1404 Excurs.

1457 1441 1636 1479 nvn.
1662 1429 1728 1477 ad
1754 1443 1871 1491 cap.
1894 1442 1991 1479 ιιι.
2019 1434 2065 1479 1.
2100 1430 2251 1478 Idem.

1526 1506 1592 1554 Te
1614 1504 1750 1566 bene]
1787 1504 2006 1554 Codices
2031 1504 2275 1554 Vaticani
2303 1508 2447 1553 1775.
2468 1510 2526 1554 et

1458 1585 1605 1630 14⁷5.
1637 1582 1762 1631 item
1798 1582 2129 1637 Parisieusis,
2153 1596 2215 1630 sc
2250 1596 2413 1644 meus,
2434 1582 2523 1630 bss

1459 1660 1667 1707 voculas
1688 1659 1891 1707 inverso
1910 1658 2091 1707 ordine
2112 1658 2389 1714 collocant,
2413 1657 2527 1706 bens

1459 1740 1521 1784 le.
1563 1736 1728 1784 Idem.

1526 1812 1881 1875 Rempubticam
1896 1808 2089 1872 gerere]
2127 1809 2189 1858 In
2212 1810 2342 1858 libro
2363 1808 2527 1859 Gudi-

1460 1905 1559 1939 ano
1599 1891 1783 1953 primo,
1818 1896 1891 1949 et,
1927 1897 2061 1939 teste
2089 1888 2367 1949 Hesrnaeo,
2390 1888 2441 1936 in
2467 1887 2527 1936 li·

1459 1967 1556 2016 bro
1596 1967 1868 2030 scaligeri,
1906 1967 1986 2014 his
2030 1965 2202 2014 verbis
2244 1963 2412 2012 adbuc
2448 1977 2527 2013 se-

1461 2046 1677 2108 quentis
1703 2044 2037 2106 adiiciuntur,
2057 2047 2105 2091 et
2121 2057 2183 2091 ex
2205 2041 2419 2090 utilitate
2433 2055 2530 2089 om·

1461 2121 1628 2176 nium3
1663 2133 1777 2182 quoe
1806 2133 1928 2166 vero
1966 2133 2115 2167 nenio
2137 2116 2294 2166 facile
2327 2117 2530 2165 deside-

1463 2195 1618 2243 ravit.
1656 2193 1718 2241 ln
1743 2193 1860 2241 cod.
1891 2193 2147 2241 Patavino
2172 2206 2202 2240 a
2228 2193 2393 2254 prima
2415 2192 2529 2255 qui·

1463 2270 1581 2319 deni
1609 2284 1760 2318 manu
1786 2276 2055 2318 exaratum
2088 2277 2169 2317 est
2199 2282 2401 2328 μνη-ῃ·
2435 2267 2527 2316 sed

1463 2347 1872 2408 superscriptum
1910 2344 2066 2392 etism
2094 2353 2169 2392 est
2196 2358 2393 2403 regere,·
2428 2358 2531 2392 non

1464 2422 1617 2483 male,
1649 2421 1691 2469 si
1728 2420 2033 2484 cogitemus,
2068 2420 2414 2483 praecessisse,
2450 2421 2464 2445 ‘
2486 2422 2531 2470 si

1464 2498 1597 2547 bene
1625 2498 1996 2559 rempublicam
2018 2506 2070 2545 et
2094 2511 2157 2544 ex
2179 2497 2406 2549 utilitate
2427 2511 2532 2545 om·

1463 2573 1602 2622 nium
1630 2570 1859 2621 rexeris:
1899 2572 2050 2620 Idem.

1532 2650 1666 2698 Bene
1688 2648 2021 2711 rempublicam
2037 2647 2228 2711 gerere]
2261 2650 2394 2702 Bene
2411 2665 2531 2700 rem·

1459 2725 1697 2788 publicam
1735 2729 1780 2771 et
1824 2739 1886 2771 ex
1929 2725 2142 2773 utilitate
2182 2726 2331 2774 animi
2368 2726 2532 2791 (forte

1464 2800 1696 2865 omnium)
1719 2816 1883 2862 regere
1906 2802 1965 2850 C.
2013 2802 2173 2849 Livia.

1534 2880 1657 2927 Dies
1688 2878 1817 2942 exit]
1868 2879 1987 2926 Dies
2022 2879 2132 2926 erit.
2200 2879 2425 2941 Egregie
2450 2886 2534 2929 est

1467 2953 1518 3002 in
1569 2954 1631 3000 V.
1687 2955 1788 3002 dies
1841 2953 1962 3001 exit.
2025 2953 2225 3001 Seneca
2272 2955 2443 3015 Epist.
2487 2961 2536 3003 8.

1465 3030 1695 3079 ‘Nullus
1737 3027 1858 3076 mihi
1899 3041 1992 3090 per
2033 3028 2193 3075 otium
2237 3027 2350 3076 dies
2391 3030 2537 3084 exit.'

1467 3109 1569 3154 &c.
1613 3105 1845 3167 ‘Aspice
1888 3104 2003 3151 illos
2040 3102 2277 3165 juvenes,
2317 3118 2535 3166 quorum

1469 3184 1640 3231 nullus
1663 3181 1773 3229 sine
1794 3179 2071 3238 ebrietate,
2095 3179 2264 3227 nrsslus
2299 3179 2408 3227 sine
2444 3180 2536 3228 ali·

1469 3273 1574 3324 quo
1599 3257 1785 3320 insigni
1810 3254 2025 3318 flagitio,
2051 3253 2161 3302 dies
2188 3253 2333 3304 exit.’
2380 3255 2535 3305 Cete-

1471 3348 1583 3382 rum
1641 3331 1895 3382 Calendss
1942 3331 2218 3380 Janusriss
2275 3331 2536 3398 intelligit,

1469 3410 1655 3473 quibus
1687 3422 1803 3458 cum
1838 3414 2048 3455 senatus
2077 3407 2399 3470 populusque
2433 3409 2538 3458 Ro·

1469 3502 1669 3543 manus,
1697 3494 1804 3535 tum
1828 3483 1988 3532 duces
2014 3491 2066 3531 et
2091 3484 2351 3533 exercitus
2375 3484 2538 3550 impe-

1472 3563 1630 3612 rstori
1645 3560 1815 3624 jurati
1841 3566 1961 3608 vota
1988 3573 2082 3621 pro
2107 3559 2276 3608 salute
2307 3559 2416 3623 ejus
2446 3563 2538 3612 ob-

1471 3640 1638 3690 ibant.
1687 3638 1941 3700 Exempla
1960 3636 2110 3686 obvia
2136 3639 2344 3700 passim.
2368 3638 2523 3689 Idem.

1536 3715 1661 3764 Dies
1689 3713 1814 3777 exit]
1848 3712 1968 3761 Dies
2000 3713 2113 3761 erit.
2171 3714 2373 3775 Placet,
2397 3714 2536 3778 quod

1472 3790 1524 3840 in
1549 3791 1733 3845 veteri,
1754 3789 1877 3839 exit.
1912 3789 2054 3853 Lips.

1539 3867 1687 3931 Dies]
1741 3867 1985 3916 Caleudae
2035 3866 2291 3926 Jenusrii,
2335 3871 2391 3915 et
2435 3879 2537 3915 non

1471 3957 1757 4007 nunqnam,
1778 3941 1867 4006 qui
1904 3949 2187 4004 sequuntur
2219 3956 2328 4002 ess,
2350 3941 2539 4005 quibus

1474 4020 1668 4086 ubique
1702 4019 2080 4083 provinciarum
2106 4027 2228 4067 vota
2256 4033 2348 4081 pro
2371 4020 2539 4068 salute

1475 4097 1766 4160 principum
1804 4094 2193 4157 suscipiebant:
2230 4094 2418 4143 milites
2456 4109 2539 4144 so·

1474 4175 1613 4224 lenni
1649 4171 1998 4235 jurejurando
2042 4186 2096 4220 se
2144 4172 2192 4219 in
2246 4170 2400 4221 fidem
2447 4174 2538 4222 sd·

1474 4248 1822 4316 stringebant.
1889 4250 2123 4302 Quorum
2154 4252 2393 4300 ntincium
2420 4254 2540 4302 mali

2299 4333 2409 4383 ³1.
