3060 4902
757 345 822 392 c,
873 341 1112 390 eamn
1166 339 1500 389 saeuum
1554 340 1827 389 nuno.
1906 341 1953 388 ι.
1996 327 2107 392 73.

321 487 486 553 gyrici
512 500 783 551 recepere.
821 486 1064 536 Schmun.

390 563 628 626 Ven'tate]
666 564 716 613 N
723 576 788 611 on
814 563 951 612 enim
975 561 1113 611 fictae
1141 559 1266 619 illoe,
1298 565 1391 609 aut

321 654 606 704 expressae.
672 639 824 690 Quod
851 639 892 687 si
920 645 1117 701 tamen,
1147 638 1388 687 ubertate?

328 716 479 780 Lips.

401 791 641 855 Veritate]
661 791 876 842 Rectius
899 800 1073 856 putem
1099 792 1318 852 veritate,
1336 797 1394 840 nt

327 868 649 932 respondeat
674 869 1014 931 precedenti,
1034 868 1204 931 fidem.
1238 868 1396 915 Bern.

393 945 758 1008 Demimmque
786 945 989 1007 gaudio]
1026 946 1079 994 Si
1123 945 1197 993 sic
1237 945 1395 1007 legas,

330 1021 397 1071 ad
424 1022 676 1086 pudorem
700 1022 906 1070 mistum
944 1021 1130 1082 gaudio
1167 1020 1398 1069 referen-

331 1098 426 1147 dus
464 1100 551 1147 bic
594 1105 802 1161 gestus5
851 1112 969 1146 nam
1010 1098 1096 1145 ille
1133 1098 1184 1144 in
1228 1097 1397 1156 laude,

332 1189 448 1239 (με
488 1174 671 1223 titillat
708 1173 1036 1225 etsuaviter
1081 1170 1261 1233 afficit,
1294 1173 1400 1221 vul·

337 1260 447 1300 tum
474 1258 650 1299 tamen
673 1250 955 1298 submittit.
1024 1247 1097 1297 At
1123 1249 1164 1296 si
1188 1248 1254 1296 de
1278 1262 1399 1311 gau·

333 1326 419 1376 dio
445 1326 576 1387 solo,
608 1326 834 1388 legerem
871 1326 1224 1386 remissumque,
1247 1324 1296 1371 id
1322 1339 1400 1372 es-

335 1410 436 1465 set,
460 1403 675 1451 hilarem
699 1410 755 1451 et
788 1399 1029 1451 diffusum
1068 1401 1255 1463 gaudio
1292 1399 1402 1448 vul-

337 1486 482 1539 tum3
527 1480 668 1541 cujus
705 1478 971 1541 proprium
1006 1478 1211 1525 scilicet
1239 1477 1253 1503 ‘
1279 1476 1402 1523 dila·

338 1552 489 1612 tare‚’
517 1554 654 1603 unde
678 1562 734 1603 et
752 1556 767 1580 ⁸
786 1552 973 1601 laetitia
991 1552 1025 1599 ι’
1044 1553 1179 1601 sicut
1200 1559 1402 1600 contra-

335 1632 484 1691 here,
538 1639 596 1679 et
651 1638 949 1692 angustare,
1002 1629 1214 1682 doloris,
1269 1628 1404 1677 unde

333 1709 354 1765 ‚⁸
383 1704 586 1770 angor?
619 1705 756 1767 Lips.

408 1780 772 1843 Demissamque
797 1779 976 1839 gaudio
999 1779 1204 1843 vultum]
1241 1780 1299 1829 Si
1335 1779 1408 1829 sic

339 1857 593 1920 legamus,
619 1856 826 1920 Lipsius
846 1864 1044 1919 gestum
1071 1857 1207 1905 bunc
1230 1856 1294 1906 ad
1319 1871 1409 1920 pu-

340 1934 523 1984 dorem
561 1933 752 1996 gaudio
788 1934 994 1981 mistum
1035 1934 1239 1981 censuit
1277 1932 1407 1983 rese·

342 2008 581 2059 rendum.
647 2008 740 2056 Sin
765 2008 830 2056 de
853 2007 962 2055 solo
999 2008 1185 2070 gaudio
1218 2008 1409 2057 intelli-

347 2100 545 2151 gamus,
609 2085 783 2147 legere
844 2084 1026 2133 maluit
1079 2085 1413 2147 remissumque

343 2164 523 2225 gaudio
545 2163 762 2220 vultum5
796 2160 830 2209 i.
856 2174 905 2210 e.
943 2161 1157 2209 hilarem
1182 2168 1238 2210 et
1262 2160 1411 2212 diffu-

346 2254 460 2289 sum
485 2238 677 2303 gaudio
703 2238 934 2298 vultum;
969 2237 1100 2298 sive,
1117 2244 1175 2285 ut
1198 2238 1414 2287 Petron.

347 2331 465 2381 cap.
487 2320 572 2365 91.
595 2320 768 2378 vocat,
802 2315 817 2343 ‘
843 2314 1066 2364 solutum
1092 2314 1278 2377 gaudio
1304 2315 1414 2363 vul·

350 2392 496 2442 tum-⁸
562 2392 733 2442 Quam
771 2390 1129 2454 conjecturam
1159 2392 1313 2439 etiam
1336 2404 1416 2439 se·

351 2477 506 2520 cutus
530 2477 613 2518 est
635 2469 957 2530 Bernegger,
981 2475 1036 2516 et
1058 2467 1221 2517 editio
1241 2468 1417 2517 Hack·

352 2547 489 2596 iana.
557 2544 662 2594 Sed
689 2559 856 2609 neque
881 2545 963 2592 bic
999 2545 1139 2592 loeus
1164 2545 1420 2593 medicina

354 2633 499 2689 eget,
553 2638 669 2673 cnm
727 2624 934 2686 vulgata
985 2623 1142 2671 lectio
1196 2624 1419 2672 omnium

353 2701 606 2750 librorum
642 2698 955 2748 auctoritate
993 2695 1332 2756 suffulciunt,
1366 2707 1422 2748 et

357 2777 434 2827 rei
472 2777 575 2840 ipsi
606 2774 899 2825 conveniat.
967 2775 1166 2824 Plinius
1191 2777 1326 2825 enim
1352 2778 1422 2825 lo-

358 2853 540 2919 quitur
562 2852 627 2902 de
651 2852 870 2906 ‚veritate
891 2851 1230 2916 lacrymarum
1254 2860 1307 2902 et
1330 2855 1422 2903 hu·

355 2928 709 2980 mescentibns
748 2928 907 2976 oculis
948 2928 1160 2990 Trajani
1201 2928 1426 2990 ganden-

362 3007 458 3056 tis:
485 3006 599 3070 jam
637 3011 810 3054 antem
836 3004 1056 3052 bominis
1092 3019 1201 3067 prae
1237 3006 1425 3068 gaudio

359 3080 699 3144 lacrymantis
725 3079 896 3129 vultus
929 3085 1074 3128 recte
1110 3079 1213 3127 diei
1255 3089 1428 3144 potest

361 3160 626 3216 demism3
646 3169 938 3222 quanquam
957 3155 1155 3205 librarii
1177 3156 1227 3205 in
1244 3158 1429 3208 codice

363 3233 746 3299 Guelpberbyt.
766 3232 1165 3295 Salisburgensi,
1184 3241 1239 3282 et
1260 3235 1430 3282 Vene-

364 3319 416 3361 to
439 3314 488 3360 2.
519 3309 674 3359 obvio
713 3322 891 3357 errore
927 3308 1235 3370 scripserint
1268 3310 1432 3358 dimis-

363 3401 578 3450 sumque.
646 3385 776 3436 Quis
803 3397 923 3432 vero
946 3384 1135 3445 nescit,
1163 3383 1435 3446 lacrymas,

365 3477 488 3514 cum
524 3462 712 3522 dolori,
754 3468 864 3509 tum
903 3460 1109 3523 gaudio,
1144 3474 1257 3509 esse
1295 3475 1435 3510 com·

367 3538 583 3590 munes?
653 3538 769 3587 Liv.
795 3549 848 3587 v.
869 3540 919 3585 7.
942 3542 1136 3598 narrat,
1160 3538 1174 3564 ‘
1191 3537 1434 3586 certatim

368 3616 608 3681 patribus
666 3616 910 3679 plebique
962 3629 1197 3664 manasse
1250 3615 1438 3678 gaudio

368 3689 664 3754 lacrymas.’
732 3689 876 3739 Idem
901 3702 1108 3738 xxxiv.
1128 3693 1208 3737 50.
1231 3703 1348 3738 cum
1371 3689 1438 3737 de

372 3769 611 3819 oratione
631 3782 660 3816 a
681 3769 745 3817 T.
765 3767 980 3819 Quintio
1001 3767 1178 3815 habita
1203 3767 1440 3823 dixisset,

371 3847 389 3876 ‘
416 3845 567 3903 Has,’
588 3846 772 3910 inquit,
804 3844 819 3871 ‘
841 3845 985 3894 velut
1020 3844 1249 3907 parentis
1288 3857 1439 3892 voces

373 3937 494 3974 cum
533 3921 791 3978 audirent.
810 3935 1032 3991 ‘manare
1058 3919 1291 3968 omnibus
1316 3933 1441 3982 gau·

373 4001 463 4049 dio
489 3999 756 4061 lacrymae,
777 3996 929 4052 adeo,
951 4004 1006 4044 ut
1032 3994 1199 4058 ipsum
1237 4009 1442 4059 qnoque

375 4071 764 4125 confunderent
808 4068 1110 4121 dicentem!
1195 4071 1334 4120 Hinc
1390 4077 1444 4121 et

377 4151 584 4199 Demea
622 4147 843 4197 Terent.
895 4146 1113 4208 Adelph.
1149 4159 1237 4196 ιιι.
1276 4151 1324 4196 8.
1361 4152 1444 4196 66.

375 4227 391 4255 ‘
419 4226 523 4283 oh.
563 4226 796 4274 lacrumo
841 4221 1081 4288 gaudiol'
1163 4223 1247 4275 Ad
1292 4238 1443 4289 quem

1097 4409 1126 4429 O

2395 325 2525 391 941

1467 486 1637 535 locum
1680 486 1945 535 Donatust
1988 485 2004 513 ‘
2029 481 2417 546 Immoderata,'
2451 481 2530 531 in·

1467 564 1599 627 quit,
1635 567 1650 591 ⁸
1676 565 1878 626 laetitia,
1901 564 2114 612 maxime
2139 568 2432 625 parentum,
2453 560 2528 609 la·

1467 654 1673 702 crymas
1697 641 1891 689 liabet.'
1954 638 2113 702 Apul.
2134 639 2266 686 Met.
2285 650 2324 685 ι.
2348 650 2401 699 p.
2422 640 2533 685 146.

1459 722 1484 763 .‘
1504 717 1651 764 Tunc
1668 730 1762 778 ego
1777 716 1929 771 sensi,
1951 714 2258 763 naturaliter
2280 712 2528 777 quosdam

1471 791 1693 841 affectus
1711 793 1760 841 in
1777 793 2088 842 contrarium
2106 791 2532 854 provenire3nam
2598 814 2601 821 ·

1470 877 1527 918 et
1565 870 1809 933 lacrymas
1841 869 2087 932 saepicule
2111 867 2175 915 de
2201 865 2389 930 gaudio
2415 879 2533 929 pro·

1473 944 1675 994 deum!
1701 949 1782 996 De
1801 947 1952 994 variis
1972 946 2313 1009 lacrymarum
2339 942 2534 991 caussis

1476 1020 1594 1069 vide
1620 1022 1751 1070 Coei.
1780 1020 1999 1085 Rhodig.
2026 1034 2133 1069 xu.
2159 1024 2206 1067 4.
2276 1019 2345 1066 Et
2377 1018 2536 1066 Alex·

1476 1098 1638 1146 ander
1696 1097 1975 1160 Aphrodis.
2032 1095 2296 1145 Problem.
2348 1105 2535 1142 xxxu.

1477 1174 1738 1238 disquirit,
1770 1188 1880 1232 cur,
1911 1174 1999 1238 qui
2030 1180 2085 1222 et
2122 1171 2317 1228 dolent,
2340 1178 2392 1219 et
2418 1183 2538 1234 gau·

1477 1251 1623 1305 dent,
1647 1251 2012 1312 lacrymentur.
2047 1248 2288 1297 Schmun-z.

1545 1326 1832 1388 Sanguinis]
1862 1325 2081 1388 Sanguis
2117 1325 2168 1372 in
2213 1338 2302 1372 ore
2337 1321 2536 1385 signum

1478 1412 1753 1451 externum
1790 1411 1890 1457 est,
1927 1417 2027 1467 qno
2060 1400 2317 1449 indicatur
2356 1397 2540 1461 pudor,

1480 1478 1567 1542 qui
1594 1479 1731 1528 intro
1755 1479 1971 1539 residet,
1997 1486 2152 1542 atque
2177 1477 2358 1524 anime
2384 1471 2540 1522 affec-

1483 1560 1566 1602 tus
1591 1561 1689 1603 est.
1725 1554 1945 1602 Patarol.

1548 1630 1815 1690 Sanguinis
1867 1631 1918 1678 in
1974 1626 2078 1691 ore]
2128 1627 2381 1677 Rnbnisse
2434 1626 2542 1675 vult

1483 1706 1760 1768 Trajanum
1803 1705 2018 1769 pudore.
2088 1703 2267 1753 Rubor
2305 1703 2441 1751 enim
2478 1715 2544 1751 ex

1483 1781 1640 1829 animi
1668 1781 1864 1843 pudore
1888 1782 2132 1835 irascitur.
2150 1787 2204 1828 et
2227 1779 2431 1842 quoties
2454 1791 2547 1826 na·

1486 1870 1615 1909 tnrae
1644 1860 1834 1925 aliquid
1871 1860 2087 1909 honesto
2113 1856 2307 1919 pudore
2334 1856 2546 1917 dignum

1483 1937 1733 1991 occurrit,
1778 1944 2034 1986 commoto
2085 1935 2333 1997 sanguine
2374 1937 2545 1979 cutem

1486 2012 1662 2074 tingit,
1702 2012 1830 2069 sive,
1875 2020 1933 2061 ut
1974 2017 2174 2059 naturae
2217 2006 2549 2070 indagatores

1486 2089 1687 2150 dicunt,
1719 2097 1860 2137 tacta
1896 2087 2094 2151 pudore
2130 2084 2430 2146 sanguinem
2457 2096 2552 2145 pro

1489 2167 1783 2215 velamento
1810 2163 1996 2224 tendit,
2015 2163 2091 2211 uti
2115 2160 2425 2210 erubescens
2448 2160 2550 2209 sibi

1490 2257 1694 2291 manum
1721 2248 1841 2290 ante
1864 2240 2051 2289 faciem
2075 2237 2314 2300 opponit.
2349 2236 2502 2283 Bern.

1564 2322 1722 2382 thue
1762 2332 2001 2380 nunquam
2019 2316 2235 2375 frontem
2269 2319 2401 2362 tunm
2443 2313 2549 2362 abs·

1488 2397 1730 2462 ter-gem]
1771 2397 1934 2445 Locus
1969 2394 2052 2442 bic
2091 2392 2231 2441 varie
2273 2399 2552 2454 corruptus

1492 2485 1590 2524 est.
1643 2476 1892 2529 Primum,
1921 2470 2220 2520 adverbium
2244 2483 2479 2531 nunquam
2503 2469 2556 2518 in

1494 2551 1731 2602 omnibus
1763 2549 1968 2614 quidem
2004 2547 2268 2597 codicibus
2291 2546 2422 2594 Mss.
2446 2544 2559 2609 qui·

1498 2629 1591 2678 bus
1628 2641 1746 2675 usus
1787 2641 1916 2682 sum,
1958 2623 2293 2689 pluribusque
2318 2621 2558 2670 editioni-

1495 2702 1612 2757 bus,
1634 2703 1841 2761 iuveni;
1874 2709 1950 2763 at,
1987 2713 2081 2764 pro
2104 2712 2189 2759 eo,
2225 2698 2348 2746 licet
2372 2696 2559 2746 eadem

1497 2783 1730 2841 notione,
1753 2797 1845 2831 non
1868 2795 2070 2844 unquam
2092 2778 2458 2828 animadvertit
2480 2777 2563 2826 Li·

1499 2859 1716 2920 vineius,
1757 2859 1957 2921 hocque
1992 2857 2155 2918 magis
2191 2855 2253 2904 ad
2290 2849 2562 2903 numerum

1501 2935 1782 2983 oratorium
1807 2932 1981 2981 facere
2001 2932 2281 2979 arbitratus
2298 2931 2396 2976 est.
2435 2930 2563 2977 Por·

1504 3025 1562 3059 ro
1588 3024 1729 3068 vero,
1752 3025 1845 3058 non
1880 3021 2119 3069 nunquam
2157 3004 2371 3053 edidere
2404 3005 2563 3053 Cata·

1503 3101 1668 3141 naeus,
1694 3086 2039 3138 Philomusus,
2076 3083 2141 3130 R.
2164 3088 2217 3129 et
2240 3079 2312 3129 H.
2344 3079 2563 3141 Stepha-

1505 3164 1577 3225 ni,
1601 3161 1910 3219 Cratander,
1947 3158 2227 3222 Gryplnins,
2264 3155 2569 3219 Sichardus,

1506 3238 1743 3294 Rivinus,
1763 3235 2167 3285 Kirchmaierus.
2219 3232 2457 3295 Denique
2487 3233 2567 3282 Li·

1506 3314 1706 3362 vineius
1736 3312 1913 3374 tradit,
1930 3326 1985 3359 se
2009 3311 2165 3359 etiam
2190 3310 2239 3356 in
2264 3307 2567 3372 quibusdam

1508 3389 1654 3438 libris
1673 3387 2074 3451 deprehendisse
2093 3387 2314 3448 pessime
2333 3385 2577 3449 positum,

1507 3479 1746 3527 nunquam
1769 3479 1895 3521 ποπς
1918 3462 2055 3527 qnod
2077 3462 2199 3510 mihi
2220 3468 2390 3511 tamen
2410 3459 2573 3512 offen·

1512 3540 1635 3588 dere
1661 3554 1762 3588 uon
1788 3539 2038 3601 contigit;
2075 3538 2190 3597 nisi,
2224 3535 2359 3602 qnod
2397 3538 2571 3586 obser·

1513 3618 1758 3673 vaverim,
1798 3616 1979 3664 Herm.
2022 3616 2311 3678 Rayannm,
2346 3613 2397 3662 in
2435 3616 2573 3664 notis

1513 3693 1621 3742 suis
1647 3695 1929 3754 censuisse,
1967 3707 2202 3755 nunquam
2226 3706 2317 3739 non
2350 3704 2464 3739 esse
2500 3690 2574 3739 le·

1514 3770 1759 3833 gendum.
1824 3769 1964 3825 ἄεισι,
1988 3769 2128 3834 quod
2154 3769 2217 3816 ad
2238 3767 2445 3815 verbnm
2468 3765 2576 3815 abs·

1514 3853 1728 3908 urgeres
1784 3847 1994 3906 attinet,
2048 3844 2101 3893 id
2153 3856 2256 3892 non
2312 3842 2475 3890 solum
2521 3842 2576 3890 in

1515 3925 1656 3972 nuno
1679 3924 1857 3973 codice
1881 3922 1986 3971 Ms.
2012 3926 2272 3983 superest.
2295 3915 2384 3964 sed
2417 3914 2576 3966 etiam

1515 3999 1567 4046 in
1594 3996 1974 4062 antiquioribus
2011 3995 2155 4043 libris
2192 3992 2451 4055 impressis
2476 3993 2581 4042 Pu·

1519 4075 1730 4130 molani,
1770 4069 2035 4126 Beroaldi‚
2077 4069 2214 4123 Aldi,
2256 4066 2581 4129 Cuspiniani,

1515 4149 1718 4204 Juntae,
1746 4145 1997 4200 Rlnenani,
2022 4153 2076 4193 et
2108 4143 2282 4203 Navii,
2318 4140 2582 4191 desidera-

1520 4232 1625 4274 tur.
1690 4221 1925 4273 Tandem
1948 4234 2061 4271 eam
2098 4218 2395 4284 lectionem,
2428 4232 2582 4283 quam
