3060 4902
541 434 671 498 '574

609 589 700 640 Sui
741 588 1078 652 parentumque
1108 570 1358 642 peniteat]
1390 570 1606 620 Scilicet

544 668 716 733 potuit
741 666 882 714 cives
901 659 995 710 sub
1012 667 1230 722 tyranno
1250 653 1484 701 viventes
1500 664 1604 711 poe·

544 747 714 796 nitere
734 748 1052 806 posterorum
1078 748 1304 792 suorum,
1326 743 1452 794 quos
1472 740 1608 786 mag-

545 824 625 871 nis
662 818 869 884 quidem
910 815 1045 865 curis
1082 807 1440 869 laboribusque
1481 803 1607 851 edu-

546 900 810 956 caverint;
832 909 966 943 nunc
991 903 1114 939 vero
1136 886 1391 938 viderent,
1410 878 1611 942 rapaci-

549 979 668 1037 tati,
687 982 741 1023 et
760 968 1081 1030 crudelitati,
1106 961 1407 1024 libidinique
1436 965 1609 1020 tyran·

549 1055 621 1108 ni,
661 1049 962 1114 expositos;
999 1038 1251 1105 inprimis,
1291 1037 1331 1085 si
1371 1040 1611 1097 parentes

549 1128 648 1192 ipsi
689 1123 956 1188 suppliciis
988 1117 1207 1166 filiorum
1240 1113 1492 1162 interesse
1526 1122 1612 1155 co·

551 1209 801 1267 gerentur
824 1216 837 1248 z
872 1195 1009 1262 quod
1037 1193 1231 1241 factum
1256 1195 1339 1237 est
1364 1185 1611 1246 Calignlae

552 1278 887 1343 temporibus,
913 1279 1048 1322 teste
1071 1270 1285 1319 Sueton.
1317 1264 1479 1324 Calig.
1498 1274 1614 1323 cap.

550 1363 633 1408 27.
682 1353 950 1404 Poenitere
974 1361 1061 1399 eos
1090 1343 1258 1409 potuit
1280 1341 1295 1368 ‘
1314 1338 1390 1387 sui
1410 1336 1441 1397 ;'
1476 1333 1613 1400 quod

550 1451 605 1485 se
628 1430 884 1482 servarint
913 1434 1017 1476 tam
1042 1423 1181 1471 duris
1208 1413 1614 1482 periculosisque

551 1509 894 1572 temporibus,
949 1509 1008 1551 ut
1057 1496 1314 1548 servirent
1364 1486 1614 1537 voluntati

554 1584 782 1650 tyranni,
815 1594 911 1628 nec
947 1592 1052 1625 sna».
1085 1570 1292 1622 virtutis
1319 1565 1456 1615 aliud
1484 1576 1614 1624 prae-

554 1663 733 1716 mium,
770 1671 919 1722 quam
959 1650 1262 1708 cruciatum,
1298 1643 1535 1696 exitium,
1563 1645 1618 1687 et

556 1749 794 1791 mortem,
811 1751 837 1782 a
861 1743 1079 1796 tyranno
1102 1727 1463 1787 expectarent.
1500 1717 1618 1765 1³oe-

554 1817 721 1865 nitere
758 1806 983 1871 denique
1021 1802 1228 1852 eosdem
1266 1799 1423 1847 etiam
1448 1792 1620 1857 potuit

554 1896 569 1922 ‘
586 1896 859 1956 parentum
879 1884 911 1947 ;'
936 1882 1071 1947 quod
1098 1879 1164 1928 ab
1188 1877 1265 1924 his
1291 1874 1399 1923 uati
1427 1875 1622 1928 essent,

557 1985 587 2019 a
614 1967 821 2032 quibus,
844 1977 936 2026 per
960 1956 1212 2008 saevitiam
1240 1949 1511 2015 principis,
1539 1947 1620 1993 vel

555 2045 758 2103 occisis,
782 2041 863 2089 vel
884 2032 1207 2099 exspoliatis,
1227 2042 1326 2076 non
1346 2025 1472 2073 satis
1498 2021 1621 2070 edu-

556 2123 687 2185 cari,
708 2132 805 2168 nec
839 2116 1063 2177 aliquam
1096 2105 1440 2156 hereditatem
1466 2111 1623 2161 cape-

561 2216 636 2256 re,
662 2195 943 2262 potuerint.
982 2191 1132 2239 Idem.

633 2279 702 2327 Ut
719 2275 944 2335 serarum
971 2266 1140 2329 catuli]
1184 2263 1249 2312 Ut
1268 2257 1450 2319 fer-orii
1479 2255 1629 2305 catuli

561 2357 718 2407 Grut.
784 2353 868 2401 Ita
894 2349 1099 2414 quidem
1129 2340 1308 2400 editio,
1333 2351 1482 2401 quam
1512 2349 1626 2398 pro-

561 2432 763 2483 curavit
782 2428 929 2479 nobis
950 2424 1174 2490 optimus
1196 2414 1482 2474 Livineins3
1515 2410 1630 2469 sed,

563 2529 679 2563 cum
705 2511 860 2558 abeat
885 2503 1040 2554 verbo
1065 2515 1164 2549 uno
1190 2514 1219 2546 a
1241 2495 1503 2556 scriptura
1526 2492 1629 2539 vul·

563 2602 703 2655 gata,
723 2600 890 2651 neque
917 2582 1067 2631 ullius
1093 2574 1389 2626 mutationis
1413 2568 1630 2617 mentio·

561 2685 679 2719 nem
704 2666 860 2715 faciat
887 2663 935 2710 in
960 2659 1098 2708 notis
1122 2656 1243 2716 sniS,
1269 2649 1519 2712 suspicari
1547 2662 1630 2695 co-

563 2759 674 2810 gor,
691 2736 1003 2798 illudserorii
1021 2747 1129 2781 esse
1152 2741 1424 2792 operarum
1447 2738 1631 2786 pecca·

568 2830 695 2874 tum,
723 2811 1178 2878 reponendumque
1192 2803 1429 2877 serarum.
1462 2799 1614 2848 Grut.

633 2897 864 2947 Ferarum
898 2886 1069 2948 catuli]
1105 2882 1325 2939 Navius,
1360 2875 1636 2936 Livineius,

565 2982 621 3024 et
670 2969 992 3021 parisienses
1039 2978 1121 3011 an.
1166 2961 1312 3008 1643.
1356 2954 1632 3004 ediderunt

551 3048 734 3108 ser-arii
783 3044 949 3095 catuli.
1037 3038 1168 3089 Quae
1217 3032 1378 3081 lectio
1428 3040 1635 3091 prorsus

568 3125 677 3173 abit
705 3137 734 3172 a
763 3121 1022 3180 scriptura
1049 3114 1279 3173 vulgata,
1301 3111 1360 3154 et
1380 3104 1442 3153 ab
1473 3101 1635 3150 omni·

567 3201 662 3249 bns
696 3196 961 3247 codicibus
997 3190 1127 3238 Mss.
1159 3188 1314 3232 immo
1346 3188 1399 3228 et
1431 3178 1497 3226 ab
1522 3178 1635 3239 ipso

569 3290 662 3324 usn
683 3275 871 3334 linguae
893 3267 1115 3315 Lattnae.
1168 3258 1344 3316 Unde,
1363 3269 1477 3303 cum
1499 3252 1636 3300 Grn-

570 3359 710 3401 terus
734 3362 845 3397 eam
868 3344 1142 3394 lectionem
1166 3333 1450 3387 invenisset
1473 3329 1523 3377 in
1552 3328 1639 3376 Li-

572 3425 723 3476 vineii
759 3422 1010 3474 editione,
1044 3428 1211 3479 neque
1244 3404 1639 3458 animadvertis·

571 3510 672 3562 set,
692 3499 979 3548 Livineinm
1007 3493 1160 3541 ullius
1181 3481 1478 3535 mutationis
1502 3492 1639 3527 men·

574 3580 764 3627 tionem
800 3574 972 3623 facere
997 3571 1048 3616 in
1074 3563 1206 3613 notis
1236 3559 1373 3618 suis3
1409 3556 1642 3618 suspica-

574 3663 658 3704 tus
698 3659 798 3711 est,
833 3646 961 3698 illud
988 3640 1171 3704 seror-ii
1212 3651 1326 3685 esse
1365 3645 1641 3698 operarum

575 3738 868 3797 peccatum,
915 3717 1369 3787 reponendumque
1401 3710 1642 3771 serarum.

574 3808 682 3860 Sed
720 3807 898 3863 miror,
922 3815 985 3848 ne
1016 3796 1222 3861 quidem
1258 3790 1566 3840 Gruterum,
1590 3785 1643 3832 in

575 3881 989 3938 Francosnrtana
1005 3873 1232 3924 editione
1247 3883 1326 3916 an.
1347 3869 1487 3915 1607.
1503 3875 1647 3911 meu·

577 3964 699 4012 dum
717 3958 840 4008 illud
857 3948 1229 4004 emendandum
1247 3957 1469 3994 curasse.
1491 3935 1643 3989 Quod

579 4041 621 4089 si
660 4049 801 4097 vero,
827 4029 1027 4080 fatente
1068 4019 1373 4079 Columella,
1397 4018 1447 4066 in
1479 4010 1647 4063 Praef.

576 4117 668 4167 lib.
692 4127 732 4162 t.
757 4110 823 4159 de
852 4110 925 4158 Re
951 4108 1099 4155 Rust.
1137 4100 1296 4149 etiam
1330 4098 1346 4123 ⁸
1373 4090 1549 4159 praeda
1585 4104 1648 4137 ex

578 4190 759 4241 militia
778 4195 932 4248 capta
955 4181 1102 4230 nobis
1121 4176 1246 4225 nibil
1270 4173 1377 4222 sine
1398 4168 1648 4232 sanguine

581 4277 637 4317 et
666 4263 901 4314 cladibus
932 4255 1110 4307 alienis
1139 4250 1289 4302 affert
1311 4248 1343 4309 ς’
1382 4260 1529 4312 qttam
1555 4241 1647 4292 fle·

581 4343 705 4404 bile,
730 4351 925 4404 quaeso,
950 4342 1005 4383 et
1027 4344 1182 4398 quam
1214 4323 1541 4391 tyrannicum
1565 4325 1650 4369 est

1243 427 1456 481 NOTAE
1510 418 1918 472 VARIORUM
1976 413 2057 463 ΙΝ

1682 559 2012 614 beneficium,
2032 551 2244 605 si-liberi
2270 549 2476 609 civium,
2498 544 2750 610 sanguine

1682 652 1738 691 et
1760 638 2009 695 caedibns,
2028 635 2080 682 h.
2100 647 2148 682 e.
2176 631 2324 680 bonis
2348 628 2632 677 occisorum
2657 622 2752 670 ali-

1684 731 1829 768 orum
1851 713 2059 772 civium,
2083 706 2409 758 nutriantur!
2445 703 2689 752 Schem-

1752 789 1948 841 Nemim'
1987 791 2057 837 est
2097 780 2331 847 ereptum]
2374 780 2483 829 Cic.
2521 774 2675 824 Offic.
2713 787 2755 822 r.

1687 874 1766 921 14.
1791 868 1874 917 ubi
1896 866 2002 928 agit
2024 864 2091 911 de
2117 856 2458 909 beneficentia
2480 867 2542 902 ac
2566 851 2757 900 libera-

1684 949 1855 1007 litate,
1876 944 2078 1003 nmltas‚
2101 951 2291 1001 easque
2317 934 2615 997 praeclaras,
2636 936 2756 992 qnae

1684 1027 1783 1073 buc
1809 1028 2073 1086 spectant,
2091 1011 2376 1064 sententias
2397 1005 2577 1057 affert:
2619 1003 2758 1056 ‘Qui

1690 1103 1801 1149 aliis
1841 1094 2069 1151 nocent,'
2106 1090 2292 1154 inquit,
2327 1089 2416 1134 ‘ut
2450 1086 2499 1133 in
2532 1083 2660 1130 alios
2702 1081 2761 1129 li·

1690 1178 1892 1228 berales
1914 1175 2036 1235 sint,
2056 1170 2106 1219 in
2134 1167 2313 1216 eadem
2338 1169 2458 1212 sunt
2483 1157 2764 1223 injustitia,

1691 1265 1748 1304 ut
1782 1256 1823 1303 si
1857 1255 1907 1302 in
1932 1263 2074 1300 suam
2101 1259 2209 1296 rem
2237 1242 2405 1290 aliena
2430 1240 2761 1287 convertant.

1691 1333 1823 1381 Sunt
1859 1335 2029 1378 autem
2065 1321 2229 1376 multi,
2255 1327 2310 1367 et
2341 1314 2549 1382 quidem
2581 1310 2764 1373 cupidi

1692 1405 1984 1470 splendoris
2035 1407 2091 1450 et
2148 1397 2344 1461 gloria»,
2394 1391 2480 1456 qni
2531 1387 2764 1450 eripiunt

1691 1484 1820 1545 aliis,
1843 1478 1979 1545 quod
2004 1478 2116 1527 aliis
2139 1473 2445 1535 largiantur.
2473 1500 2486 1515 .
2506 1497 2520 1512 .
2545 1496 2560 1512 .
2583 1466 2765 1516 Quare

1695 1563 1756 1610 L.
1779 1561 1957 1622 Suum,
1981 1561 2035 1605 et
2067 1554 2128 1604 C.
2156 1549 2397 1604 Caesaris,
2426 1543 2761 1609 pecuniarum

1694 1636 1959 1687 translatio
1985 1647 2014 1681 a
2036 1629 2194 1696 justis
2230 1622 2452 1675 dominis
2475 1620 2539 1669 ad
2567 1618 2762 1668 alienos

1697 1728 1797 1763 non
1830 1711 1990 1759 debet
2024 1704 2251 1755 liberalis
2285 1698 2484 1749 videri:
2521 1694 2646 1743 nibil
2685 1699 2770 1741 est

1696 1792 1831 1839 enim
1856 1786 2089 1846 liberale,
2106 1781 2240 1847 quod
2268 1792 2369 1828 non
2392 1774 2528 1826 idem
2543 1773 2766 1836 justum.

1701 1901 1715 1917 .
1741 1901 1754 1916 .
1778 1900 1792 1915 .
1830 1867 1975 1915 Inest
2013 1869 2187 1910 autem
2223 1859 2276 1906 in
2312 1854 2405 1904 tali
2446 1849 2768 1900 liberalitate

1699 1943 1959 2008 cupiditas
1991 1940 2295 2003 plerumque
2325 1927 2577 1992 rapiendi,
2601 1933 2655 1973 et
2680 1938 2770 1972 au-

1700 2019 1923 2075 ferendi.
1948 2031 2044 2081 per
2079 2014 2339 2078 iujuriam,
2362 2016 2417 2056 ut
2446 2005 2509 2054 ad
2543 2001 2772 2066 tar-gien-

1700 2099 1821 2148 dum
1842 2098 2123 2160 suppetant
2146 2084 2346 2151 copim!
2396 2081 2661 2132 Haecloca
2677 2076 2774 2124 eti·

1702 2191 1783 2226 arn
1812 2176 2169 2233 Berneggerus
2185 2165 2291 2227 jam
2318 2155 2590 2208 excitavit.
2642 2153 2773 2201 Cre-

1702 2253 1815 2312 das,
1832 2250 2003 2298 Latin.
2023 2247 2275 2295 Pacatum
2290 2234 2527 2285 babuisse
2545 2230 2773 2279 Plinium

1702 2330 1753 2378 in
1795 2326 2046 2376 manibus,
2087 2332 2226 2378 cum,
2268 2323 2458 2363 xxvtt.
2494 2313 2542 2357 1.
2583 2305 2775 2355 similia

1702 2404 1991 2455 scriberet:
2026 2400 2041 2426 ‘
2070 2397 2164 2445 Est
2198 2387 2551 2454 improborum
2584 2380 2775 2445 princi-

1704 2479 1863 2547 pum,’
1887 2475 2072 2541 inquit,
2094 2477 2108 2501 ‘
2127 2479 2389 2534 postrema
2413 2459 2665 2513 defensio.
2687 2471 2777 2505 au-

1703 2559 1839 2608 ferre
1874 2550 2101 2604 donandi
2133 2544 2322 2611 gratia,
2346 2549 2401 2589 et
2423 2536 2667 2587 invidiam
2696 2546 2778 2581 ra-

1706 2634 1942 2698 pinarum
1982 2621 2341 2686 magnitudine
2383 2623 2650 2664 munerum
2686 2607 2779 2657 de-

1709 2705 1950 2774 precari!
1982 2703 2133 2751 Idem.

1777 2781 2034 2846 Ereptum]
2069 2787 2083 2807 ‘
2110 2774 2212 2825 Qui
2248 2770 2365 2821 aliis
2396 2770 2611 2822 nocent,
2632 2768 2691 2810 ut
2727 2761 2782 2809 iu

1709 2863 1837 2912 alios
1859 2859 2100 2909 liberales
2130 2853 2255 2911 sint,
2279 2849 2329 2896 in
2354 2843 2536 2895 eadem
2562 2848 2680 2889 sunt
2704 2839 2782 2886 in-

1702 2939 1931 3005 justitia,
1951 2945 2006 2983 nt
2029 2934 2070 2982 si
2094 2932 2144 2981 in
2170 2941 2312 2977 suam
2339 2937 2446 2972 rem
2469 2920 2637 2969 aliena
2658 2927 2783 2965 con·

1712 3014 1953 3076 vertant:
1987 3011 2097 3060 Cic.
2126 3004 2234 3057 Off.
2261 3018 2299 3053 ι.
2334 3008 2348 3030 ⁴
2377 2996 2568 3062 Cupidi
2605 2993 2779 3056 splen-

1713 3093 1851 3142 doris
1892 3097 1945 3139 et
1993 3087 2170 3151 gloriae
2216 3079 2447 3142 eripiunt
2488 3070 2624 3137 qnod
2669 3068 2783 3117 aliis

1712 3164 2040 3229 largiantur,'
2099 3161 2238 3210 idem
2293 3154 2417 3204 ibid.
2476 3152 2492 3179 ‘
2534 3148 2653 3198 Non
2704 3151 2789 3193 est

1713 3245 1884 3307 magni
1919 3239 2091 3294 animi,
2123 3235 2210 3301 qui
2248 3234 2314 3283 de
2356 3229 2525 3277 alieno
2556 3220 2789 3272 liberalis

1714 3329 1826 3382 est;
1862 3319 1951 3368 sed
1989 3317 2097 3375 ille,
2122 3312 2225 3376 qni,
2249 3305 2384 3373 qnod
2422 3300 2572 3351 alteri
2606 3298 2791 3350 donat,

1716 3398 1812 3448 sibi
1840 3390 2106 3452 detrabit‚’
2129 3390 2314 3437 Senec.
2341 3384 2473 3430 Ben.
2496 3392 2536 3427 1.
2558 3380 2643 3426 20.
2675 3381 2689 3402 ⁸
2710 3375 2788 3423 Ea

1715 3472 2034 3523 liberalitate
2069 3475 2296 3520 utamur,
2316 3473 2432 3522 qum
2466 3453 2627 3518 prosit
2657 3452 2791 3499 omi-

1717 3551 1810 3609 cis,
1833 3554 2015 3595 noceat
2047 3536 2277 3592 nemini,’
2307 3535 2417 3584 Cic.
2443 3527 2551 3580 Off.
2577 3541 2616 3577 ι.
2681 3526 2789 3575 Sed

1713 3625 1974 3687 Trajanus
2000 3634 2029 3668 a
2054 3612 2289 3681 pecuniis
2307 3607 2487 3658 alienis
2511 3611 2566 3653 et
2590 3601 2792 3665 injustis

1719 3701 1952 3754 caedibus
1976 3691 2245 3744 abstinuit.
2284 3687 2413 3737 Dio.
2450 3680 2604 3731 Beris.

1785 3780 1892 3830 Nec
1915 3777 2037 3824 hunc
2052 3764 2263 3834 quidm]
2299 3761 2479 3813 Codex
2505 3755 2794 3806 Vaticanus

1719 3859 1868 3907 aaut.
1904 3865 1996 3916 pro
2038 3859 2165 3896 voce
2200 3843 2341 3902 hunc,
2378 3836 2536 3885 babet
2569 3832 2691 3888 koc3
2734 3836 2796 3878 nt

1721 3940 2006 3996 pronomen
2057 3920 2204 3987 quasi
2249 3915 2512 3967 referatur
2551 3909 2615 3958 ad
2657 3906 2795 3955 inte·

1721 4021 1862 4073 gram
1893 4002 2221 4054 sententiam.
2288 3991 2392 4042 Sed
2428 3983 2660 4053 proefero
2688 3983 2797 4031 lee-

1723 4086 1927 4134 tionem'
1945 4078 2252 4142 reliquorum
2278 4070 2523 4118 librorum
2546 4060 2799 4111 omnium.

1724 4162 1830 4210 Cur
1861 4163 2032 4206 autem
2070 4151 2334 4216 princeps,
2354 4137 2692 4205 locupletatis
2721 4136 2797 4184 ei-

1726 4237 1893 4290 vibns‚
1919 4245 2018 4282 nou
2056 4223 2339 4294 pauperior
2374 4216 2641 4269 reddatur,
2664 4210 2800 4261 indi-

1718 4307 1813 4366 cat
1829 4312 1965 4361 idem
1983 4310 2099 4359 Lat.
2113 4303 2370 4355 Pacatus:
2393 4290 2738 4360 ‘Imperatori
2756 4320 2771 4338 .
2784 4319 2798 4336 .
