3060 4902
553 344 687 412 916

554 514 693 564 sunt,
740 503 1044 566 codicillum
1096 503 1148 554 in
1203 503 1386 568 quibus
1433 509 1609 551 tamen

555 582 768 632 verbnm
794 582 1128 637 antecedens,
1150 585 1346 636 scietne,
1360 580 1469 644 jam
1493 593 1525 627 a
1550 577 1612 627 li·

552 658 726 710 brario
746 658 903 709 fuerit
919 657 1330 709 transformatum
1350 659 1399 706 in
1418 654 1612 706 nesciet.

551 735 798 786 Schwarz.

618 813 752 863 Male
800 812 1050 876 consultis]
1099 812 1117 842 ‘
1151 812 1293 862 Male
1339 810 1613 872 consulta:

554 895 801 953 tauquam
862 896 877 918 ‘
916 889 1231 952 malefacte:
1285 898 1613 954 opponuntur

549 965 566 993 ⁴
591 974 738 1015 recte
761 963 952 1015 factis.'
984 966 1167 1016 Tacito
1203 972 1218 994 ⁸
1244 965 1380 1015 mala
1408 966 1612 1015 consul·

553 1041 637 1091 ta'
670 1041 910 1091 dicuutur
931 1043 1209 1092 temeraria
1230 1050 1284 1091 et
1310 1056 1467 1106 prava
1489 1057 1611 1092 con·

553 1119 688 1174 silis.
708 1117 900 1167 Annal.
921 1133 998 1168 vi.
1016 1123 1066 1167 6.
1089 1118 1104 1144 ‘
1124 1119 1357 1175 Saevitia,
1378 1119 1610 1176 libidine,

552 1195 701 1244 malis
724 1197 988 1251 consultis,
1012 1194 1204 1244 animus
1228 1195 1615 1258 (tyrannorum)

553 1272 905 1323 dilaceratur.'
962 1275 1175 1324 Sallust.
1215 1274 1339 1337 Jug.
1383 1289 1498 1338 cap.
1532 1278 1615 1323 92.

550 1351 567 1377 ⁸
592 1351 782 1401 Omnia
803 1365 904 1400 non
930 1351 1064 1401 bene
1099 1351 1333 1401 consulta
1367 1350 1418 1398 in
1452 1351 1614 1400 virtu·

554 1433 659 1474 tem
685 1426 1053 1478 trahebantur!
1102 1428 1319 1477 Plautus
1344 1426 1478 1477 dixit
1501 1429 1516 1453 ‘
1540 1428 1615 1475 in·

554 1504 830 1566 consulta,'
862 1504 1018 1553 Milit.
1038 1517 1127 1553 ιιι.
1144 1509 1188 1553 l.
1206 1509 1256 1553 6.
1290 1508 1305 1532 ‘
1326 1504 1461 1552 Nam
1479 1502 1615 1552 bene

554 1581 843 1629 consultum
880 1581 1224 1630 inconsultum
1258 1588 1358 1635 est,
1385 1579 1425 1627 si
1449 1578 1616 1628 inimi·

553 1657 630 1704 cis
656 1656 724 1705 sit
747 1654 897 1705 usui-¹
957 1656 1108 1708 Quod
1134 1656 1196 1705 ad
1220 1656 1327 1705 duo
1348 1655 1616 1720 sequentia

553 1731 716 1779 verba
739 1732 946 1796 attinet,
982 1733 1033 1781 iu
1070 1732 1200 1781 libro
1220 1730 1498 1791 Vossiano,
1521 1746 1617 1795 pro

549 1809 866 1871 polliceretur,
921 1817 977 1858 et
1028 1808 1314 1869 deterrebat,
1367 1809 1617 1872 scriptum

553 1892 635 1933 est
677 1886 1033 1945 pollicerentur,
1082 1917 1096 1933 .
1138 1885 1454 1935 deterrebant.
1534 1886 1618 1935 Sic

553 1961 711 2009 etiam
741 1960 790 2009 in
821 1961 1001 2011 codice
1027 1962 1280 2011 Pataviuo
1304 1968 1386 2010 est
1407 1961 1617 2025 quidem

547 2037 903 2101 pollicerentur,
938 2043 992 2087 at
1015 2038 1170 2086 nihilo
1193 2038 1361 2087 minus
1383 2038 1617 2102 sequitur

552 2113 839 2165 deterrebat.
909 2114 1129 2164 Poterat
1164 2120 1333 2163 autem
1374 2127 1618 2163 numerus

556 2192 768 2253 pluralis
808 2191 860 2240 in
898 2200 1117 2258 utroque
1152 2191 1310 2241 verbo
1340 2190 1504 2241 locum
1529 2192 1617 2240 ha·

555 2268 702 2333 bere,
742 2270 783 2318 si
823 2270 875 2319 id
918 2279 1194 2334 utrumque
1232 2267 1514 2319 referretur
1552 2268 1615 2317 ad

554 2361 741 2396 nomeu
760 2347 1060 2411 principum3
1094 2354 1149 2395 at
1172 2360 1306 2395 nunc
1331 2347 1383 2395 in
1408 2346 1621 2408 vulgata

555 2425 786 2475 lectione
813 2425 1029 2489 respicit
1051 2425 1422 2475 antecedentes
1447 2437 1619 2486 voces,

555 2504 870 2566 negligentia,
915 2505 1209 2564 malignitas.
1279 2505 1384 2552 Per
1430 2501 1623 2552 σύνεσιν

557 2593 697 2641 vero,
732 2580 841 2628 sive
865 2578 1123 2642 σύλληψιν,
1151 2580 1350 2629 Plinius
1376 2595 1491 2630 mox
1516 2581 1623 2629 illos

555 2651 723 2703 refert
759 2655 963 2716 quidem
1002 2655 1065 2703 ad
1102 2657 1222 2704 male
1261 2658 1492 2714 consulta.
1526 2657 1620 2706 sed

556 2731 803 2793 intelligit
841 2732 1077 2780 homiues
1112 2733 1201 2794 qui
1229 2734 1360 2781 male
1383 2735 1622 2782 consulta

554 2806 794 2867 faciunt;
829 2816 882 2857 et
908 2808 991 2856 lios
1028 2807 1188 2857 refert
1225 2810 1286 2856 ad
1321 2810 1621 2868 rec-tesana,

556 2883 649 2933 sed
684 2883 927 2946 designat
969 2884 1197 2934 homines
1237 2885 1324 2948 qui
1366 2894 1507 2935 recte
1544 2885 1623 2935 fa·

556 2962 703 3013 ciunt
739 2979 754 3025 ;
827 2971 984 3026 prout
1050 2965 1347 3027 Pamphilus
1407 2965 1621 3016 Terent.

556 3039 723 3089 Andr.
748 3054 835 3089 ιιι.
859 3045 906 3088 5.
932 3044 980 3089 1.
1011 3041 1027 3068 ‘
1058 3040 1156 3090 Ubi
1182 3041 1285 3090 illic
1318 3050 1401 3091 est
1431 3043 1622 3105 scelus,

558 3118 644 3181 qui
666 3132 749 3166 me
775 3116 1059 3179 perdidit;'
1093 3117 1239 3182 qnasi
1272 3117 1509 3173 dixisset,
1533 3118 1620 3168 ubi

560 3201 642 3242 est
678 3195 927 3243 scelestus
962 3194 1051 3242 ille
1086 3193 1274 3242 homo?
1341 3193 1515 3258 Atque
1541 3195 1621 3242 hic

556 3271 805 3321 Donatus
840 3279 1010 3329 notat,
1044 3268 1108 3319 ad
1143 3270 1483 3331 intellectum,
1519 3285 1620 3319 non

556 3345 621 3394 ad
673 3347 830 3395 verba
876 3348 1084 3410 respici,
1138 3355 1194 3398 et
1247 3362 1362 3398 esse
1405 3347 1623 3412 figuram

557 3418 816 3484 σύλληψιν.
882 3424 1146 3489 Denique,
1192 3424 1245 3473 in
1294 3424 1463 3474 verbis
1500 3427 1624 3488 quod

553 3501 703 3560 eupit,
725 3506 878 3563 petat,
904 3500 1109 3550 codices
1127 3502 1386 3563 Vaticani,
1411 3502 1624 3564 Veneti,

557 3583 612 3623 et
657 3573 1172 3638 Guelplierbytanus,
1229 3592 1322 3640 pro
1372 3582 1623 3642 praesenti

555 3649 755 3700 liabent
780 3652 1098 3712 praeteritum
1130 3653 1299 3716 cupiit.
1333 3653 1501 3704 Idem.

619 3728 688 3778 At
703 3727 846 3790 nunc]
862 3727 1075 3777 Scilicet
1089 3729 1185 3778 sub
1200 3730 1445 3791 Trojano.
1479 3732 1623 3781 Male

556 3806 879 3858 parisienses
914 3821 998 3853 au.
1036 3809 1180 3856 1643.
1249 3806 1526 3872 Gruterus,
1567 3816 1623 3859 et

557 3885 643 3933 alii
682 3883 909 3948 quidam,
948 3898 1041 3946 pro
1076 3882 1167 3944 Ar,
1202 3883 1479 3933 ediderant
1510 3886 1622 3947 Ac,-

557 3975 673 4010 cum
709 3960 1011 4011 adverbium
1048 3960 1118 4010 At
1158 3968 1212 4010 et
1244 3964 1504 4011 sententia
1541 3978 1620 4011 re-

554 4039 746 4102 quirat,
788 4046 842 4087 et
882 4038 1091 4087 codices
1130 4038 1260 4087 Mss.
1293 4037 1621 4103 confirment,

557 4121 611 4161 et
635 4113 827 4163 dudum
854 4116 1229 4165 Rittershusius
1253 4125 1426 4166 noster
1456 4116 1620 4182 adop·

557 4189 767 4237 tandum
808 4192 1086 4241 censuerit.
1153 4192 1367 4243 Scilicet
1400 4195 1620 4245 antehac

557 4269 702 4314 secte
726 4262 884 4319 factis
917 4267 1113 4319 nullum
1137 4270 1403 4334 praemium
1426 4270 1619 4322 consti-

1246 356 1462 406 NOTAE
1514 354 1914 404 vammum
1965 355 2044 405 m

1689 499 1956 562 tuebatur,
1994 504 2045 548 at
2082 512 2204 549 nuuc
2228 528 2273 547 ..
2292 531 2307 547 .
2328 497 2531 562 quesita
2563 497 2743 554 uis-tete

1686 577 1900 639 dignitas
1933 577 2150 641 offertur.
2184 576 2325 625 Plin.
2363 575 2533 638 Epist.
2565 589 2618 624 v.
2657 581 2738 626 15.

1687 656 1703 682 ‘
1717 654 1945 703 Tandem
1963 653 2191 703 homines
2210 667 2312 702 non
2331 653 2396 702 ad
2415 653 2660 717 pericula,
2679 659 2739 703 nt

1689 734 1854 797 prius;
1881 745 2054 780 verum
2069 730 2134 779 ad
2147 731 2388 793 honores,
2410 730 2605 780 virtute
2625 743 2740 794 per-

1691 807 1936 860 veniunt)
1968 809 2119 858 Idem.

1751 886 1859 935 Sibi
1901 884 2091 947 debeat]
2125 884 2171 934 1.
2211 900 2261 934 e.
2308 883 2584 934 virtutibus
2621 882 2745 939 suis,

1690 978 1793 1013 non
1823 961 2007 1019 favori,
2044 969 2312 1026 acceptum
2343 958 2555 1010 referat.
2587 960 2739 1010 Pata-

1687 1039 1776 1089 rol.

1755 1114 1862 1166 Sibi
1894 1113 2080 1177 debeat]
2114 1115 2234 1164 Sua
2272 1113 2538 1164 industrias
2564 1120 2622 1162 et
2644 1111 2742 1161 vir·

1691 1193 1810 1255 tuti,
1833 1208 1983 1258 quam
2006 1193 2248 1257 princeps
2276 1190 2553 1241 honoribus
2576 1203 2740 1239 remu·

1691 1279 1922 1321 neratur.
1956 1270 2091 1333 Lips.

1755 1348 2022 1396 Accusandi
2057 1345 2402 1409 necessitatem]
2434 1345 2564 1396 Quis
2609 1343 2743 1394 euim

1692 1423 1853 1472 bonos
1899 1422 2296 1486 repetundarum
2336 1419 2602 1485 postulet?
2633 1421 2745 1484 qui·

1693 1499 1788 1548 bus
1815 1499 2080 1563 provincia
2101 1499 2234 1547 solet
2257 1498 2452 1563 gratias
2473 1512 2629 1560 agere
2652 1511 2747 1560 pro

1693 1577 1827 1626 bene
1850 1576 2208 1625 administrata
2237 1575 2528 1639 republica,
2563 1581 2621 1624 et
2654 1588 2747 1624 eos

1693 1654 1871 1702 Romae
1892 1666 1986 1716 per
2011 1653 2296 1715 legationes
2321 1651 2552 1701 laudare.
2578 1652 2730 1701 Bm.

1760 1730 2105 1780 Necessitatem
2133 1727 2384 1790 remisisti]
2419 1728 2538 1778 Hoc
2574 1727 2746 1777 dicere

1696 1807 1855 1857 voluit
1879 1808 2078 1857 Plinius
2105 1824 2119 1855 :
2159 1805 2533 1868 Provinciales,
2555 1806 2745 1871 quibus

1697 1885 1833 1934 viros
1881 1885 2042 1935 bonos
2090 1884 2390 1947 praefecisti,
2427 1883 2662 1932 liberasti
2693 1884 2744 1932 in

1694 1960 1923 2011 futurum
1950 1976 2155 2026 quoqne
2179 1969 2383 2024 tempus
2399 1975 2430 2010 a
2447 1971 2592 2010 metu
2614 1960 2747 2025 inju-

1695 2039 1905 2101 riarum,
1939 2047 1994 2088 et
2026 2053 2057 2087 a
2089 2038 2398 2087 necessitate
2437 2037 2747 2087 accusandi:

1695 2131 1809 2165 cum
1847 2130 1948 2165 uon
1985 2129 2198 2164 necesse
2230 2114 2474 2170 habeant.
2510 2122 2603 2164 aut
2645 2128 2748 2162 me·

1697 2202 1864 2253 tuere,
1886 2206 1951 2239 ne
1984 2190 2083 2240 sibi
2109 2191 2172 2240 ab
2202 2190 2316 2240 istis
2336 2190 2484 2240 bonis
2511 2191 2634 2241 viris
2670 2191 2749 2239 iu-

1685 2269 1836 2334 jurias
1873 2267 2197 2330 inferantur3
2231 2274 2320 2317 aut
2359 2268 2569 2317 eosdem
2608 2267 2747 2332 apud

1693 2347 1980 2409 principem
1996 2353 2334 2409 senatumque
2350 2358 2619 2404 accusare,
2632 2357 2754 2409 qua·

1693 2423 1736 2472 si
1782 2422 2098 2487 provinciam
2146 2422 2277 2471 male
2325 2420 2751 2472 administrarint.

1695 2499 1833 2549 Olim
1884 2515 2023 2556 vero,
2063 2513 2178 2548 cum
2223 2512 2326 2548 non
2359 2512 2476 2547 raro
2516 2488 2664 2550 av'ari
2698 2504 2756 2548 et

1695 2577 1915 2640 improbi
1972 2576 2217 2641 praesides
2280 2585 2752 2642 procuratoresque

1695 2655 1972 2718 provinciis
2016 2653 2426 2718 proeficerentur‚
2465 2653 2753 2704 identidem

1696 2731 1907 2793 accidit,
1977 2741 2034 2780 ut
2088 2731 2200 2791 hos,
2263 2739 2380 2794 post
2440 2730 2755 2793 discessum,

1697 2815 1915 2872 propter
1958 2806 2186 2870 injurias,
2230 2814 2284 2856 et
2329 2816 2438 2856 rem
2480 2809 2620 2858 male
2663 2808 2755 2858 ad·

1696 2884 2058 2939 ministratam,
2083 2883 2263 2933 Romoe
2296 2897 2390 2946 per
2423 2883 2630 2948 legatos
2664 2899 2751 2935 ac·

1696 2960 1941 3010 cusarint.
2010 2960 2136 3022 Ipse
2180 2960 2380 3009 Plinius
2417 2962 2561 3009 varia
2595 2963 2751 3025 liujus

1697 3037 1902 3100 generis
1945 3036 2184 3099 exempla
2228 3036 2568 3100 suppeditat3
2610 3052 2663 3088 v.
2700 3053 2754 3102 g.

1695 3115 1932 3177 Epistola
1987 3129 2049 3165 ιι.
2105 3120 2184 3164 11.
2231 3122 2245 3143 ‘
2272 3115 2470 3164 Marius
2522 3116 2758 3180 Priscus,

1697 3191 2057 3241 accusantibus
2088 3190 2243 3252 Afris,
2280 3191 2468 3255 quibus
2512 3206 2607 3254 pro
2636 3200 2755 3243 con-⁴

1696 3271 1808 3318 sule
1844 3268 2074 3333 praefuit,
2113 3270 2299 3317 omissa
2328 3266 2758 3334 defensione,jn·

1696 3345 1840 3396 dices
1865 3344 2055 3408 petiit,’
2075 3348 2173 3395 ὅτε.
2221 3345 2391 3409 Epist.
2413 3358 2501 3394 ιιι.
2523 3349 2575 3394 9.
2609 3347 2627 3374 ‘
2642 3346 2757 3395 Cas·

1697 3424 1782 3472 cil.
1814 3424 2088 3486 Classicus,
2119 3424 2270 3472 homo
2292 3420 2461 3472 foedns
2483 3429 2542 3471 et
2569 3431 2757 3487 aperte

1697 3501 1880 3561 malus,
1922 3500 2333 3562 proconsulatum
2383 3500 2437 3548 in
2481 3499 2753 3563 provincia

1698 3577 1901 3626 Baetica
1944 3591 2044 3626 uon
2091 3577 2256 3626 minus
2298 3576 2558 3626 violenter
2599 3591 2756 3642 quam

1698 3655 1907 3703 sordide
1946 3662 2196 3719 gesserat,
2227 3653 2409 3703 eodem
2447 3668 2604 3716 anuo,
2653 3668 2757 3719 quo

1698 3732 1750 3780 in
1767 3729 1949 3780 Africa
1966 3730 2163 3780 Marius
2185 3730 2411 3780 Priscus.
2431 3764 2446 3781 .
2464 3763 2478 3778 .
2497 3763 2511 3776 .
2527 3730 2759 3780 Marium

1697 3823 1798 3857 una
1823 3808 2006 3856 civitas
2030 3807 2257 3871 publice,
2276 3807 2530 3870 multique
2548 3808 2761 3870 privati,

1698 3899 1841 3934 reum
1868 3894 2217 3948 peregerunt:
2254 3884 2306 3934 in
2335 3884 2627 3935 Classicum
2647 3890 2759 3935 tota

1697 3961 1964 4025 provincia
1999 3959 2272 4011 incubuit!
2338 3960 2583 4024 Epistola
2606 3975 2684 4011 tv.
2704 3966 2755 4012 6·

1696 4046 1710 4067 ·
1734 4038 1903 4089 Julius
1947 4038 2137 4087 Bassus
2176 4037 2390 4087 sortitus
2437 4037 2758 4102 Bithyniam,

1696 4116 1849 4165 rediit
1868 4131 2006 4177 reus,
2029 4122 2300 4165 accusatus
2316 4128 2421 4164 non
2440 4115 2610 4164 minus
2629 4116 2761 4164 acri-

1696 4201 1795 4255 ter,
1848 4207 2000 4258 quam
2056 4190 2284 4241 fideliter
2339 4188 2620 4254 defensus:
2661 4193 2762 4241 &c-

1693 4269 1862 4336 Epist.
1886 4281 1986 4321 vn.
2008 4272 2092 4319 88.
2121 4269 2138 4296 ⁸
2154 4267 2392 4323 Dederat
2424 4281 2511 4319 me
2539 4277 2755 4325 senatus
