3060 4902
748 337 812 383 G.
862 332 1100 383 rhum
1151 332 1484 384 8301]an
1540 334 1817 384 PANEG.

296 483 501 534 natum,
531 483 623 528 aut
657 477 1053 540 Rempublicam
1090 475 1176 526 isti
1212 476 1381 527 Genio

297 554 712 604 sacrificantem.
744 554 984 603 Schmun.

366 632 520 695 Apad
538 632 737 695 numen]
775 631 836 680 In
863 631 1139 694 Capitolio.
1177 630 1314 693 Lips-

370 710 459 758 tui
479 709 650 760 debere
670 708 778 771 nos]
814 708 1034 757 Behrius
1057 707 1380 764 Gedanensis

305 785 384 836 liis
409 787 586 835 verbis
609 784 1019 850 praeponendum
1056 785 1260 834 censuit
1285 786 1384 834 Fa·

302 861 427 912 teris
447 861 594 911 enias.
631 860 893 910 Heuman.
918 861 1061 912 Poec.
1084 861 1148 910 Τ.
1176 874 1266 912 ιιι.
1291 861 1383 910 lib.

306 951 387 988 xv.
413 937 494 987 sic
518 937 844 988 scribendum
872 937 1152 988 arbitratus
1174 946 1276 1001 est,
1300 939 1387 988 1112·

303 1014 477 1065 debere
499 1028 585 1063 nos
606 1014 696 1063 nis.
760 1014 865 1063 Sed
898 1029 997 1063 non
1023 1029 1153 1078 opus
1179 1023 1260 1063 est
1285 1014 1384 1065 bac

304 1091 557 1140 insitione
585 1090 726 1139 verbi
758 1091 932 1140 alieni.
1003 1092 1281 1154 Dependet
1308 1092 1382 1140 in-

305 1164 540 1215 finitivus
562 1165 727 1216 debere
752 1180 782 1214 a
807 1167 1038 1230 proximo
1075 1168 1233 1217 verbo
1253 1173 1384 1231 pate-

302 1245 380 1294 ris
405 1260 427 1303 ,-
483 1245 620 1309 quod
664 1243 757 1294 ὰπὸ
812 1247 972 1295 κοινοῦ
1022 1246 1384 1312 repetendum.

304 1320 555 1372 sennem.

379 1398 630 1462 Quidquid
659 1398 750 1447 tibi
778 1397 1051 1461 debeamus]
1088 1399 1382 1450 Pronomen

303 1474 400 1525 tibi
423 1475 688 1538 hucusque
713 1489 780 1524 ex
818 1476 1051 1538 plurimis
1090 1476 1233 1525 libris
1258 1492 1381 1526 exu-

305 1552 538 1612 laverat,
563 1557 759 1613 praeter
783 1551 1024 1615 Grypliii‚
1049 1552 1304 1609 Sicliardi,
1329 1559 1383 1602 et

308 1626 472 1676 Cevae
509 1625 798 1687 editiones;
836 1626 994 1692 idque
1036 1626 1294 1678 duntaxat
1330 1629 1382 1678 in

305 1703 547 1764 margine
570 1702 710 1752 inter
733 1703 900 1752 varias
939 1703 1191 1754 lectiones
1228 1719 1382 1753 anno·

307 1785 555 1829 tavei-ant
595 1777 667 1827 Η.
704 1778 1002 1842 Stephanus
1046 1788 1101 1829 et
1153 1780 1385 1829 Rivinus.

303 1854 411 1905 Sed
437 1869 616 1904 omnes
639 1854 848 1905 codices
870 1858 1000 1907 Mss.
1022 1856 1158 1906 idem
1184 1857 1381 1908 diserte

305 1930 630 1995 exprimunt.
695 1931 814 1981 Viri
854 1931 1069 1982 doctiss.
1118 1933 1381 1983 Gesnerus

305 2014 362 2056 et
394 2006 729 2060 Aramum,
769 2007 821 2056 id
863 2007 1027 2070 ipsum
1069 2023 1275 2074 quoque
1314 2024 1381 2058 ex

304 2092 490 2133 nostro
526 2083 718 2133 iudicio
754 2083 1106 2144 admiserunt;
1151 2085 1383 2148 quamvis

307 2160 576 2227 posterior
596 2159 874 2217 monuerit,
897 2160 940 2208 si
964 2175 993 2208 a
1013 2161 1144 2210 Mss.
1169 2160 1383 2225 reliquis

308 2238 539 2299 abesset,
563 2236 706 2300 (cum
734 2243 858 2286 tunc
883 2237 1037 2285 unico
1062 2237 1241 2286 codice
1267 2252 1384 2288 meo

307 2311 542 2377 uterer‚)
566 2328 623 2362 se
653 2327 756 2368 non
783 2326 1097 2375 magnopere
1122 2313 1383 2363 desidera-

308 2398 522 2449 turum3
574 2389 815 2454 quoniam
853 2388 1114 2437 sementia
1151 2390 1226 2439 sic
1263 2392 1385 2440 satis

306 2473 585 2531 appareat.
656 2464 890 2529 Apparet
916 2465 1144 2530 quidem,
1178 2467 1268 2516 sed
1296 2468 1387 2531 ita,

309 2551 366 2592 nt
401 2541 618 2591 verbum
651 2540 901 2591 debeamus
940 2544 1101 2605 magis
1127 2541 1386 2594 referatur

310 2617 373 2668 ad
416 2617 632 2678 Jovem,
673 2617 756 2665 cui
802 2617 1077 2674 debeatur,
1122 2632 1276 2680 quam
1317 2619 1381 2668 ad

307 2693 612 2756 Trajanum.
646 2691 729 2742 Ad
758 2693 1006 2755 majorem
1028 2707 1151 2742 vero
1166 2693 1384 2758 Trajani

309 2768 518 2819 laudem
544 2766 693 2830 facit,
712 2768 753 2815 si
780 2767 864 2817 bic
896 2782 996 2817 non
1023 2775 1223 2818 tantum
1247 2772 1383 2820 dica-

312 2852 398 2894 tur
420 2858 608 2909 passus
632 2858 767 2906 esse,
808 2850 866 2892 ut
901 2844 1120 2894 Romani
1150 2845 1272 2897 Jovi
1296 2846 1384 2896 de·

311 2920 522 2983 berent,
552 2919 689 2984 quod
730 2933 785 2967 re
811 2932 936 2968 vera
960 2921 1257 2983 deberent3
1291 2922 1383 2972 sed

309 3000 493 3059 etiam,
532 3004 591 3046 ut
627 2995 680 3046 id
721 3011 927 3060 qnoque
962 2996 1082 3047 Jovi
1118 2998 1386 3055 deberent,

309 3074 448 3140 qnod
474 3072 658 3133 ὰμέσος
678 3073 854 3137 potius
871 3070 1125 3123 deberent
1142 3074 1240 3136 ipsi
1258 3076 1387 3125 Tra·

300 3152 451 3215 jano.
519 3149 639 3199 Hoc
683 3155 856 3199 antem
889 3150 1070 3198 volunt
1116 3152 1388 3215 sequentia

312 3228 492 3286 verba,
512 3229 528 3256 ⁸
551 3226 690 3292 quod
716 3225 850 3276 bene
874 3225 1074 3276 sacias.’
1106 3228 1257 3277 Idem.

374 3306 628 3369 muner-is]
682 3304 802 3360 Pie,
841 3305 974 3353 sient
1015 3305 1273 3354 Homerus
1312 3307 1386 3357 0-

314 3383 458 3449 dyss.
475 3389 533 3433 ¹1⁸.
580 3380 694 3430 Ζεὺς
716 3382 755 3429 δ’
777 3379 951 3444 ἀρετὴν
973 3380 1221 3443 ἄνδρεσσιν
1243 3380 1387 3443 boia-

308 3470 388 3511 λει
423 3478 482 3509 τε
508 3456 690 3520 μινύθει
725 3454 1019 3517 “Jonas
1048 3473 1130 3506 κεν
1153 3455 1386 3515 ἐθέλῃσιν.

316 3538 562 3589 Virtutem
577 3537 713 3584 Dens
728 3534 778 3583 in
793 3532 927 3582 nobis
944 3536 1088 3595 auget
1106 3532 1387 3598 minuitque,

313 3615 382 3665 Ue
399 3613 569 3664 ulai!-
604 3613 750 3674 Lips.

372 3693 478 3741 Per
503 3689 830 3754 Capitolinum
866 3687 986 3750 iter]
1026 3687 1122 3737 Per
1156 3685 1387 3749 Capitoli-

303 3785 386 3819 nus
408 3769 506 3817 iter
531 3766 702 3814 Livin.
736 3764 787 3812 in
813 3767 993 3822 textu3
1029 3761 1131 3810 sed·
1158 3761 1212 3810 in
1255 3776 1387 3810 mar·

304 3846 448 3908 gine,
466 3855 558 3905 per
583 3839 906 3903 Capitolinum
928 3838 1023 3885 iter
1042 3835 1101 3886 C.

372 3921 478 3971 Per
506 3915 833 3980 Capitolinam
854 3910 973 3974 iter]
1023 3912 1151 3962 Cum
1193 3925 1287 3976 per
1310 3909 1386 3960 fo·

302 4009 418 4045 rum
445 3995 498 4042 in
524 3989 840 4053 Capitolium
865 3987 1018 4035 irent.
1053 3985 1192 4049 Lips.

372 4071 477 4120 Per
503 4066 833 4130 Capitoliumn
860 4063 980 4126 iter]
1016 4063 1118 4112 Per
1156 4062 1385 4126 Capitoli·

298 4162 387 4195 «as
405 4147 538 4195 inter
555 4142 687 4193 edit.
724 4140 892 4191 Rhea.
926 4137 1015 4191 sed
1047 4153 1132 4203 per
1154 4140 1388 4204 Capitoli·

300 4238 387 4273 nm
410 4224 521 4274 iter.
559 4218 755 4271 Faber.

1897 334 1942 384 ι.
1988 319 2101 385 52.
2389 318 2520 388 765

1527 480 1846 543 Capitolinam
1870 478 1986 542 iter]
2010 478 2212 529 Vitiose
2231 480 2342 528 haec
2361 478 2526 531 edidit

1458 555 1757 616 Rhenanus,
1791 571 1878 618 per
1911 556 2180 618 capitolium
2203 555 2329 604 inter
2351 571 2527 617 mogun

1457 631 1650 693 sui,85c.
1676 632 1844 680 Etiam
1862 632 2528 696 Puteolanus,Beroaldus,

1462 707 1647 763 Aldus,
1674 707 1959 771 Gryphius,
1985 708 2295 769 Cratander,
2323 708 2528 757 Sichar·

1460 784 1576 845 dtis,
1609 785 1825 845 Navius,
1864 785 2146 840 Livineius,
2169 786 2400 847 quamvis
2437 800 2527 835 vo·

1462 876 1575 911 cem
1594 862 1690 912 iter
1713 869 1857 910 recte
1882 862 2256 925 expresserint,
2277 862 2526 912 mendose

1462 945 1635 987 tamen
1657 939 1919 988 retinuere
1945 937 2236 999 capitolium.
2274 938 2527 1001 Immo,*in

1460 1013 1641 1062 eodem
1666 1016 1795 1063 vitio
1819 1016 2019 1064 liaerent
2042 1014 2251 1063 codices
2278 1014 2526 1064 Mas-Va-

1461 1090 1620 1137 tican.
1643 1089 1836 1138 Venet.
1860 1093 1907 1138 l.
1933 1097 1987 1138 et
2011 1094 2060 1138 2.
2100 1090 2525 1153 salisburgensis,

1459 1164 1973 1228 Gnelplierbytanus,
1993 1174 2047 1215 et
2070 1180 2229 1214 meus.
2299 1167 2527 1228 Capitoli·

1456 1254 1568 1288 uum
1591 1248 1763 1289 antem
1793 1243 1990 1290 veriore
2014 1242 2276 1305 scriptura
2314 1242 2528 1292 exhibet

1458 1315 1623 1366 codex
1652 1318 2169 1380 Parisiensis,etjam
2197 1318 2531 1381 publicarunt

1459 1393 1735 1442 Catanoeus
1762 1394 1811 1442 in
1837 1395 2002 1442 altera
2022 1402 2072 1442 et
2099 1397 2256 1444 tertia
2281 1394 2530 1457 editione,

1460 1476 1516 1518 et
1545 1469 1907 1532 Cuspiuianns,
1933 1471 2209 1534 pluresque
2232 1471 2336 1520 alii.
2371 1474 2525 1524 Quod

1461 1546 1807 1609 Capitolinum
1852 1547 1953 1596 iter
1997 1548 2072 1596 ita
2129 1547 2526 1599 describendum

1460 1622 1661 1671 censuit
1700 1622 1952 1673 Belirius:
1991 1625 2006 1650 ‘
2030 1623 2285 1688 Intelligit
2324 1625 2527 1675 Plinius

1459 1711 1644 1761 greges
1660 1697 1936 1747 hostiarum
1958 1714 2048 1763 per
2069 1700 2233 1748 vicum
2254 1701 2525 1763 ,lugarium

1459 1789 1489 1822 a
1509 1782 1660 1837 porta
1683 1774 2000 1825 Carmentali
2020 1791 2196 1826 versus
2218 1777 2405 1826 clivum
2426 1778 2525 1827 Ca-

1459 1848 1731 1911 pitolinum
1756 1858 1921 1915 actos,
1947 1866 2164 1914 quorum
2190 1853 2367 1916 aliqui,
2390 1861 2444 1902 ut
2460 1851 2525 1903 ad

1458 1934 1684 1976 statuam
1722 1929 2005 1978 Domitiani
2043 1938 2416 1992 mactarentur,
2453 1929 2529 1978 di·

1458 2016 1665 2055 vertere
1690 2007 2012 2070 cogebantur
2048 2007 2113 2056 ab
2138 2009 2320 2058 itinere
2353 2008 2527 2072 solito,

1458 2095 1575 2130 cum
1595 2097 1658 2131 ex
1687 2085 1802 2132 vico
1825 2083 2043 2148 ,Iugario
2069 2083 2132 2133 ad
2160 2084 2323 2133 aedem
2349 2086 2528 2134 Satur-

1458 2159 1532 2222 ni,
1556 2158 1640 2208 ubi
1666 2160 1880 2221 patebat
1907 2162 2076 2209 aditus
2110 2161 2160 2209 in
2198 2159 2388 2219 forum,
2412 2175 2526 2210 ver·

1457 2248 1544 2282 sus
1592 2242 1815 2296 statuam
1862 2236 2111 2300 principis
2154 2235 2527 2300 abigerentur!

1459 2311 1706 2361 Schmun.
2236 2345 2240 2354 -

1524 2390 1633 2437 Iter
1655 2388 1854 2451 magna]
1891 2388 1954 2437 In
1988 2388 2124 2438 libro
2160 2388 2327 2437 altero
2364 2388 2528 2439 Gudi-

1461 2479 1559 2513 ano
1600 2466 1734 2514 inter
1758 2465 1847 2514 lias
1873 2465 2001 2515 ditas
2027 2482 2180 2516 voces
2214 2482 2278 2515 ex
2304 2467 2527 2530 quodam

1459 2539 1644 2589 codice
1670 2547 1919 2589 annotata
1944 2540 2041 2590 fuit
2066 2556 2166 2591 vox
2185 2548 2369 2604 gentes.
2420 2543 2528 2593 Pro

1460 2631 1561 2680 qua
1579 2616 1788 2678 punctis
1803 2617 2101 2673 subnotata,
2117 2620 2424 2683 rescriptum
2444 2625 2529 2670 est

1456 2696 1669 2750 agentes.
1736 2692 1887 2743 Quod
1913 2695 2079 2757 ipsum
2101 2696 2430 2759 participium
2454 2697 2528 2747 le-

1459 2769 1597 2831 gitur
1612 2768 1661 2817 in
1678 2770 1945 2820 codicibus
1961 2771 2092 2821 Mas.
2108 2774 2349 2822 Vatican.
2366 2774 2527 2823 Guel-

1462 2843 1808 2907 pherbytano,
1843 2860 1975 2910 meo,
2007 2853 2061 2895 et
2087 2848 2219 2897 libro
2254 2849 2527 2900 vossiano.

1458 2919 1560 2968 Sed
1586 2921 1683 2969 hoc
1702 2921 2004 2971 vocabulum
2021 2938 2229 2985 prorsus
2248 2925 2330 2972 hic
2348 2939 2530 2987 super·

1460 3008 1737 3043 vacaneum
1781 3006 1837 3045 et
1883 2998 2065 3046 inutile
2119 3006 2215 3048 est.
2281 2999 2530 3062 Suspicor

1461 3072 1617 3127 enim,
1654 3072 2034 3136 imprudentem
2070 3075 2327 3137 quendam
2373 3074 2528 3127 libra·

1462 3147 1618 3210 rium,
1654 3162 1718 3195 ex
1758 3150 2104 3198 antecedente
2132 3165 2255 3200 voce
2292 3152 2528 3215 ingentes,

1461 3221 1591 3270 duas
1634 3222 1803 3270 adhuc
1851 3226 2164 3286 posteriores
2209 3226 2431 3291 syllabas
2474 3229 2528 3277 in

1461 3299 1631 3347 animo
1665 3299 1925 3360 habuisse,
1949 3301 2179 3366 adeoque
2207 3312 2529 3367 praepostero

1459 3375 1590 3430 loco,
1622 3379 1793 3436 gentes
1830 3375 2130 3426 insanisse:
2189 3379 2315 3428 alios
2353 3386 2528 3431 autem

1461 3450 1702 3500 librarios
1738 3453 1895 3514 magis
1927 3462 2153 3518 nasutos,
2178 3469 2292 3503 cum
2320 3456 2371 3504 in
2396 3456 2531 3519 ejus·

1461 3528 1598 3576 modi
1624 3528 1809 3578 librum
1846 3529 2141 3595 inciderint,
2175 3547 2239 3581 ex
2267 3548 2390 3583 voce
2411 3549 2530 3595 gen-

1460 3608 1532 3652 tes
1558 3606 1862 3667 procudisse
1892 3613 2104 3668 agentes,
2135 3611 2279 3673 quasi
2309 3610 2405 3659 boc
2439 3627 2530 3674 ap-

1462 3682 1562 3730 tius
1586 3696 1700 3730 cum
1728 3696 1854 3732 voce
1880 3683 1973 3733 iter
2004 3693 2143 3735 stare
2179 3689 2356 3750 possit.
2421 3688 2530 3737 Sed

1460 3756 1592 3807 bene
1618 3759 1960 3809 Arntzenius:
1999 3769 2012 3791 ⁸
2034 3762 2322 3825 Novimus,’
2345 3764 2530 3825 inquit,

1459 3835 1475 3863 ‘
1499 3850 1644 3896 agere
1671 3836 1934 3899 proprium
1970 3852 2079 3887 esse
2118 3848 2379 3901 pastorum
2411 3853 2530 3900 pro-

1463 3914 1767 3976 pellentium
1796 3927 1982 3974 pecus;
2020 3928 2196 3963 verum
2218 3928 2316 3963 non
2338 3915 2411 3962 ita
2433 3914 2531 3978 ipsi

1463 4002 1651 4052 greges
1699 3998 1915 4053 possunt
1954 3988 2060 4038 dici
2106 3991 2121 4016 ⁴
2162 4005 2315 4051 agere
2361 3990 2494 4039 iter:
2515 3988 2531 4012 '

1461 4072 1656 4127 praeter
1692 4064 1829 4127 quod
1869 4077 1969 4112 non
1998 4078 2085 4125 per
2119 4064 2285 4127 ipsum
2319 4065 2529 4127 Capito-

1463 4140 1588 4187 lium
1623 4138 1960 4202 ducerentur,
1985 4138 2073 4186 sed
2106 4141 2168 4186 ad
2198 4139 2529 4201 Capitolium.

1463 4215 1715 4283 Adeoque
1741 4217 1793 4266 in
1818 4224 2031 4283 recepta
2055 4216 2276 4266 lectione
2296 4218 2531 4283 acquies-
