3060 4902
778 339 842 384 c.
891 333 1133 384 num
1182 332 1514 382 saeuum
1563 332 1840 381 Panno.
1888 331 1935 380 ι.
1980 313 2086 382 85.

339 478 563 532 tradixit
599 478 723 530 huic
753 480 869 531 loco
904 480 1082 530 Plinii.
1145 479 1234 529 Sin
1262 479 1396 542 lega·

337 572 454 608 mus
477 557 698 621 optimos,
723 565 875 621 prout
900 557 1128 606 Baunins
1152 556 1401 617 conjecit,

337 633 450 683 sive
475 634 717 696 opimam,
742 633 817 682 uti
844 632 894 681 in
930 647 1046 682 meo
1077 640 1159 682 est
1188 633 1402 694 codice3

338 719 467 760 tunc
504 725 599 774 per
636 723 913 773 pronomen
945 710 1044 772 ille,
1066 718 1154 757 aut
1189 708 1401 757 Gratia·

341 801 461 844 nus,
485 797 576 836 aut
600 789 828 837 incertus
850 786 1167 852 quicunque,
1188 785 1399 835 denota·

343 873 451 914 tur.
487 863 727 915 &amm-z.

407 943 661 1006 Manebat]
696 943 759 992 In
798 942 1059 993 codicibus
1092 943 1221 993 Mss-
1253 940 1403 991 Vati-

338 1035 474 1073 cano
495 1025 645 1071 ³⁴61.
692 1021 1175 1085 Guelpberbytano.
1208 1019 1402 1069 Parisi-

341 1097 474 1152 ensi.
499 1095 898 1161 Salisburgeusi‚
935 1104 990 1147 et
1024 1112 1169 1157 meo;
1200 1098 1320 1147 item
1345 1102 1403 1148 et

339 1173 395 1224 in
435 1173 756 1236 cnspiniani,
792 1174 1030 1239 Gryphii.
1063 1174 1315 1231 Sicbardi,
1346 1181 1403 1224 ει

340 1250 615 1301 Arntzenii
639 1250 816 1314 editis,
833 1253 1000 1316 reperi
1028 1252 1237 1301 verbum
1262 1266 1400 1302 com-

340 1329 570 1392 positum
585 1329 873 1392 remanebat,
896 1329 1034 1394 quod
1051 1329 1256 1394 quidem
1277 1343 1400 1379 neu·

342 1405 543 1470 tiquam
567 1404 830 1469 indignum
854 1416 934 1457 est
966 1408 1087 1458 stilo
1126 1409 1399 1469 Plinian03

338 1489 396 1531 at
421 1496 452 1530 a
475 1482 614 1530 nulla
636 1496 815 1533 caussa
839 1498 920 1533 me
945 1485 1109 1545 urgeri
1132 1485 1318 1548 sentio,
1343 1491 1401 1533 ιιι

339 1558 598 1620 expellam
613 1559 883 1608 lectionem
895 1559 1251 1624 vulgatiorem,
1266 1574 1400 1610 eam-

341 1650 444 1701 que
466 1649 564 1685 nec
586 1636 801 1685 aliorum
827 1636 1059 1687 codicum
1090 1638 1398 1703 scriptorum

342 1710 592 1775 suffragio
614 1711 934 1762 destitutam.
970 1714 1186 1776 Adhaec,
1208 1717 1283 1765 sic
1300 1717 1397 1766 eti·

343 1804 425 1838 am
457 1788 577 1839 alibi
608 1790 803 1841 Noster
841 1790 996 1839 verbo
1028 1792 1245 1855 simplici
1280 1807 1398 1841 usus

342 1877 444 1926 est,
482 1870 570 1919 ubi
612 1869 954 1933 compositum
991 1870 1188 1933 pariter
1230 1871 1399 1920 locum

341 1946 535 1997 babere
592 1948 881 2010 potuisset3
933 1962 984 1995 v.
1024 1963 1074 2011 g.
1135 1947 1400 2011 Panegyr.

342 2035 511 2074 xxw.
552 2028 603 2073 2.
652 2024 874 2074 ‘Manet
918 2025 1240 2087 imperatori,
1282 2040 1399 2088 qnae

343 2100 490 2164 prior
509 2102 612 2151 oris
630 2101 953 2152 humanitas!
972 2108 1231 2151 xxxvi-2.
1254 2108 1270 2130 ⁰
1285 2103 1400 2151 Ma·

344 2183 436 2224 net
481 2182 651 2226 tamen
690 2178 852 2226 honor
892 2177 1098 2241 legum!
1152 2190 1317 2227 xuu.
1349 2182 1401 2227 4.

339 2263 353 2284 ·
378 2253 605 2304 Cesserit
642 2269 818 2316 parum
850 2264 1058 2316 gratum
1093 2265 1301 2304 manent
1324 2260 1400 2304 ta·

341 2345 460 2379 men
499 2331 557 2393 ii,
580 2332 667 2395 qui
696 2332 837 2380 bonis
861 2333 969 2394 ejus
1000 2330 1275 2381 fruantur!
1309 2345 1401 2381 ιιι.

339 2412 392 2458 4.
445 2407 461 2434 ‘
486 2408 625 2471 Ergo
664 2415 720 2459 et
758 2409 874 2459 istie
910 2408 1114 2475 quidem
1158 2424 1310 2460 aereae
1346 2416 1403 2461 et

342 2500 525 2550 paucae
557 2487 797 2551 (statuae)
830 2495 1058 2544 manent,
1097 2488 1401 2537 manebunt·

343 2578 466 2627 que,
502 2565 740 2628 quamdiu
777 2567 942 2629 ipsum
977 2566 1260 2629 templum!
1291 2579 1403 2614 uv-

344 2645 393 2690 1.
448 2643 463 2669 ⁸
489 2641 555 2689 Et
576 2642 812 2704 quiajam
841 2643 979 2691 locus
1003 2643 1203 2691 miserae
1226 2642 1402 2692 edula-

343 2716 500 2765 tionis
535 2718 741 2778 ignarus
779 2718 1055 2768 manebat!
1120 2718 1184 2767 In
1230 2719 1403 2768 verbis

341 2795 613 2857 proximis,
633 2796 773 2845 inane
792 2796 971 2845 scilicet
995 2796 1297 2859 irritumque,
1328 2798 1402 2846 vi·

342 2868 592 2932 dendum,
630 2885 695 2918 an
730 2870 866 2920 forte
901 2873 1001 2935 legi
1031 2872 1237 2930 debeat,
1259 2873 1401 2922 inane

343 2946 526 2996 seilicet
548 2948 864 3015 irritumque?
897 2948 1066 2997 Idem.

408 3024 663 3088 Manebat]
704 3026 993 3074 Remanebae
1018 3026 1082 3073 V.
1109 3026 1170 3074 C.
1194 3025 1357 3076 Livia.

412 3099 512 3155 Qui
522 3099 729 3162 poterat]
752 3101 921 3162 Vulgo
936 3102 1124 3164 legitur
1138 3117 1242 3167 «μα’
1257 3119 1277 3159 ,-
1302 3116 1399 3152 nec

343 3176 456 3225 siue
490 3177 680 3225 indicio
716 3175 951 3226 codicum
986 3178 1113 3226 Mas.
1135 3177 1289 3227 facile
1312 3193 1403 3229 co·

345 3252 535 3315 gitabis
556 3253 622 3302 de
646 3253 811 3317 aliqua
830 3255 1132 3303 mutatione.
1180 3255 1280 3304 Sed
1301 3258 1399 3319 qui,

340 3329 379 3377 i.
403 3342 451 3377 e.
490 3343 590 3390 quo
624 3332 793 3391 modo,
814 3330 1007 3380 diserte
1040 3331 1290 3393 scriptum
1319 3339 1401 3382 est

339 3403 396 3452 in
419 3404 685 3454 codicibus
709 3406 980 3455 Vaticanis
1014 3414 1069 3456 ει
1106 3408 1156 3455 in
1183 3415 1400 3471 utroque

344 3481 569 3531 Veneto.
638 3481 700 3530 In
725 3483 956 3546 pluribus
989 3498 1081 3546 per
1102 3483 1398 3546 compendi-

339 3560 500 3609 ariam
525 3570 699 3610 notam
717 3561 1034 3625 designatur,
1051 3572 1107 3612 ιιι
1126 3562 1399 3628 aliquando

342 3650 486 3697 aegre
526 3635 812 3696 discernes,
848 3646 1017 3686 utrum
1054 3652 1175 3702 qua,
1197 3653 1262 3687 an
1298 3638 1398 3701 qui,

342 3712 505 3776 legas.
555 3713 659 3763 Sed
681 3714 837 3762 etiam
847 3715 954 3778 jem
979 3714 1044 3762 ab
1068 3715 1213 3763 initio
1231 3716 1283 3763 in
1305 3715 1400 3763 im·

342 3790 539 3852 pressis
575 3790 740 3852 libris,
774 3791 1110 3845 Puteolanus.
1133 3792 1400 3853 Cuspinie-

341 3879 460 3920 nus,
486 3864 764 3914 Rhenanus
784 3867 866 3929 qui
894 3867 1126 3915 edidere.
1191 3866 1401 3917 Placuit

340 3942 425 4004 qui
464 3942 785 4004 Arutzeni03
833 3945 1008 4005 placet
1046 3944 1203 3992 etiam
1242 3944 1399 3995 mihi:

340 4033 458 4067 cum
500 4019 679 4082 utique
713 4019 1027 4083 probabilius
1072 4021 1329 4083 videatur,
1370 4036 1401 4071 a

342 4094 589 4151 librariis.
611 4096 695 4159 qui
719 4098 769 4144 in
793 4112 916 4160 «μω,
939 4112 1089 4161 quam
1113 4113 1218 4160 qna
1233 4099 1282 4146 iu
1302 4099 1402 4162 qui,

343 4179 641 4236 corruptum
684 4187 816 4222 esse.
882 4173 983 4230 Qui
1023 4182 1106 4224 est
1146 4175 1401 4225 ablativus

344 4252 588 4316 antiquus
608 4266 642 4302 a
663 4250 681 4283 ‘
705 4251 858 4317 quis,’
881 4259 937 4303 et
957 4259 1106 4304 notat
1128 4260 1145 4283 ³
1162 4267 1263 4318 quo
1279 4268 1399 4319 pac·

2357 315 2551 381 1037·

1475 475 1570 539 to,'
1589 483 1604 506 ⁸
1635 491 1737 542 quo
1772 474 1960 536 modo‚’
1986 482 1999 504 ⁸
2021 473 2194 524 unde.’
2258 474 2393 525 Vide
2428 477 2530 526 Pe·

1474 556 1635 602 rizon.
1669 553 1733 602 ad
1767 553 1964 603 Sanctii
1990 553 2210 602 Minci-v.
2235 566 2311 601 tv.
2331 556 2382 603 4.
2409 568 2529 618 pag.

1473 635 1589 679 688.
1672 630 1785 680 Nec
1832 645 1948 678 raro
1991 630 2217 680 occurrit
2262 630 2387 679 illud
2432 630 2531 694 qut.

1474 709 1686 757 Terent.
1713 707 1877 757 Andr.
1902 720 1986 756 ιιι.
2011 711 2057 756 2.
2078 711 2160 755 21.
2190 714 2205 737 ⁸
2223 707 2326 759 Qui
2349 707 2531 758 isthac

1476 783 1571 833 tibi
1595 783 1780 833 incidit
1798 784 2060 847 suspicio?
2090 784 2217 833 Sm-
2243 785 2378 837 Qui?
2409 786 2531 850 quie.

1477 869 1530 911 te
1566 861 1777 911 noram!
1842 862 1987 911 Idem
2030 863 2243 912 Phorm.
2280 875 2346 912 11.
2377 868 2530 914 3.(51.

1475 938 1491 966 ‘
1517 937 1681 994 Cedo,
1718 939 1803 1004 qui
1837 947 1916 990 est
1949 940 2236 1004 cognata?'
2270 941 2452 992 Cicero
2474 945 2528 993 in

1477 1014 1640 1064 Laelio
1657 1028 1775 1080 cap.
1797 1020 1880 1066 28.
1912 1019 1928 1046 ⁸
1947 1015 2076 1066 Cum
2094 1017 2336 1067 amicitiae
2361 1019 2436 1067 vis
2459 1019 2532 1069 sit

1476 1094 1529 1143 in
1552 1109 1635 1157 eo,
1659 1102 1717 1145 ut
1751 1111 1879 1145 unus
1911 1096 2005 1146 fiat
2038 1111 2102 1146 ex
2145 1097 2407 1161 pluribus;
2442 1101 2531 1164 qui

1475 1171 1529 1221 id
1562 1172 1676 1222 fieri
1700 1176 1911 1239 poterit,
1944 1175 1986 1224 si
2022 1189 2088 1224 ne
2123 1175 2173 1224 in
2196 1190 2297 1224 uuo
2320 1176 2529 1240 quidem

1475 1264 1679 1313 quoque
1719 1266 1850 1301 unus
1887 1252 2085 1301 enimus
2124 1252 2246 1313 erit,
2289 1251 2531 1318 idemque

1474 1328 1715 1391 semper?
1736 1328 1750 1350 '
1805 1329 1951 1379 Idem
1993 1331 2118 1380 Nat.
2161 1330 2327 1380 Deor.
2364 1346 2405 1383 1.
2447 1336 2528 1382 30.

1474 1403 1491 1430 ⁸
1515 1404 1616 1456 Qui
1644 1413 1820 1468 potest
1842 1421 1955 1455 esse
1989 1407 2041 1456 in
2075 1407 2324 1471 ejusmodi
2345 1415 2530 1459 trunco

1473 1481 1795 1544 sapientia?'
1833 1483 1969 1534 Plin.
1990 1496 2054 1532 n.
2067 1487 2116 1531 6.
2151 1484 2168 1511 ⁴
2185 1483 2289 1535 Qui
2307 1483 2420 1535 fieri
2439 1500 2529 1551 po·

1477 1561 1620 1609 test?
1648 1561 1873 1611 Potest!
1906 1563 2147 1612 δώωσι.

1539 1637 1644 1685 Atia·
1660 1639 1860 1703 donnini]
1879 1638 2056 1689 Codex
2071 1639 2354 1690 Vaticanus
2367 1647 2533 1690 trans·

1474 1713 1622 1775 ponit
1643 1714 1732 1762 bas
1756 1730 1930 1776 voces,
1952 1716 2131 1765 domini
2163 1717 2265 1766 atii.
2333 1717 2531 1767 Domini

1473 1788 1719 1839 dicuntur
1738 1791 1842 1842 beri
1867 1800 1921 1841 et
1943 1800 2168 1843 rectores
2184 1807 2443 1844 servornm
2469 1808 2532 1845 ac

1472 1866 1876 1930 mancipiorum;
1911 1875 1967 1919 at
1998 1871 2271 1933 principes,
2302 1880 2531 1920 rectores

1474 1943 1665 1993 civium
1677 1945 1973 1998 liberorum.
1997 1948 2147 2004 Vide,
2161 1963 2276 2013 qum
2292 1948 2357 1998 de
2371 1950 2533 1998 nomi·

1473 2034 1540 2068 ne
1561 2022 1740 2071 domini
1763 2024 2005 2072 annotavi
2029 2037 2203 2087 supra,
2218 2024 2285 2074 ad
2308 2039 2397 2088 pp.
2415 2029 2533 2074 449.

1474 2100 1592 2145 792.
1638 2098 1788 2148 Inter
1811 2114 1898 2148 eos
1921 2101 2075 2161 enim,
2100 2103 2186 2164 qui
2213 2101 2429 2163 quedam
2450 2109 2533 2165 ty·

1477 2177 1686 2226 rannics
1713 2186 1974 2240 potestate
1995 2180 2122 2229 alios
2144 2187 2390 2243 tanquam
2408 2182 2531 2230 vilia

1475 2254 1732 2316 mancipia
1750 2262 1998 2316 tractant,
2019 2257 2243 2305 amicitia
2260 2258 2422 2306 locum
2442 2259 2537 2307 ha·

1475 2329 1604 2381 bere
1624 2345 1724 2381 non
1740 2340 1935 2397 potest.
1955 2334 1970 2360 ‘
1993 2333 2124 2383 Haec
2140 2332 2313 2394 enim,’
2330 2335 2400 2383 ait
2416 2335 2530 2385 Cic.

1476 2406 1527 2457 in
1552 2407 1726 2470 Laelio,
1745 2423 1792 2458 c.
1816 2412 1897 2460 15.
1918 2415 1933 2437 ‘
1957 2415 2038 2458 est
2052 2416 2386 2473 tyrannorum
2405 2410 2534 2475 vita,

1475 2486 1527 2535 in
1552 2501 1651 2550 qua
1675 2487 1911 2537 nimirum
1943 2487 2085 2537 nulla
2118 2486 2266 2545 fides,
2287 2489 2427 2538 nulla
2449 2505 2532 2540 ca-

1476 2562 1625 2625 ritas,
1647 2565 1782 2613 nulla
1817 2564 2013 2613 stabilis
2044 2566 2418 2616 benevolentiae
2442 2582 2533 2631 po·

1476 2646 1582 2688 test
1615 2655 1726 2689 esse
1756 2640 1977 2701 fiducia3
2014 2641 2184 2690 omnia
2211 2656 2414 2707 semper
2449 2659 2533 2693 su-

1476 2725 1660 2780 specta
1706 2726 1861 2782 atque
1894 2719 2132 2779 solicita;
2183 2721 2354 2770 nullus
2391 2721 2531 2772 locus

1477 2794 1732 2844 amicitiae.
1767 2795 1895 2847 Quis
1919 2797 2053 2844 euim
2077 2804 2167 2845 ent
2188 2811 2306 2846 eum
2331 2797 2535 2860 diligat,

1474 2885 1625 2934 quem
1652 2874 1867 2932 metuit3
1902 2883 1991 2922 aut
2016 2887 2152 2930 enm,
2178 2887 2208 2919 a
2231 2888 2332 2936 quo
2352 2888 2408 2922 se
2430 2888 2533 2923 me-

1477 2949 1551 2996 tui
1593 2949 1805 3010 putet?’
1855 2950 2082 3010 laegatus
2125 2949 2430 3011 Scytharum
2464 2950 2533 2999 ad

1477 3022 1849 3079 Alexandrum.
1886 3023 2022 3086 apud
2059 3023 2206 3072 Curt.
2239 3037 2337 3073 vu.
2369 3027 2417 3073 8.
2450 3029 2534 3075 27.

1475 3105 1490 3128 ‘
1515 3098 1827 3149 Firmissime
1849 3109 1927 3148 est
1950 3101 2085 3149 inter
2101 3114 2251 3163 pares
2273 3101 2534 3163 amicitia3

1475 3184 1532 3223 et
1556 3175 1797 3224 videntur
1833 3191 2000 3239 pares,
2036 3177 2125 3240 qui
2160 3189 2263 3225 nou
2294 3175 2534 3227 fecerunt

1473 3253 1612 3302 inter
1631 3267 1689 3302 se
1714 3256 1997 3317 periculum
2023 3255 2223 3305 virium.
2293 3255 2435 3305 Quos
2459 3257 2535 3305 vi·

1474 3332 1631 3393 ceris,
1655 3331 1844 3380 amicos
1868 3331 1961 3381 tibi
1985 3345 2116 3395 esse,
2147 3346 2294 3394 cave,
2316 3331 2529 3383 credes:

1476 3410 1616 3457 inter
1639 3407 1899 3458 dominum
1934 3416 1989 3458 ει
2010 3423 2213 3458 servum
2247 3411 2388 3460 nulla
2409 3411 2534 3460 ami-

1474 3485 1599 3535 citie
1621 3484 1734 3535 est.'
1769 3488 1918 3536 Idem.

1542 3564 1615 3612 Tu
1632 3564 1774 3627 Inane]
1810 3564 1832 3612 1
1841 3571 2005 3613 terum
2028 3564 2260 3614 imitatus
2277 3563 2412 3615 idem
2429 3565 2534 3616 Pa-

1474 3640 1797 3703 negyristes:
1852 3642 1869 3668 ‘
1892 3642 1968 3690 Tu
2010 3642 2308 3705 amicitiem,
2347 3657 2534 3692 nomen

1476 3724 1631 3766 autea
1656 3717 1929 3779 privatum,
1963 3732 2065 3768 non
2100 3719 2261 3769 solum
2287 3720 2423 3768 intra
2445 3733 2534 3767 an-

1473 3795 1575 3843 lam
1622 3797 1834 3852 vocasti,
1877 3796 1965 3845 sed
2013 3795 2246 3846 indutam
2294 3810 2534 3859 purpura,

1476 3884 1605 3920 auro
1627 3874 1942 3936 gemmisque
1969 3872 2283 3935 redimitam,
2304 3871 2430 3920 solio
2454 3884 2534 3920 re-

1475 3946 1694 4009 cepisti!
1729 3946 1864 4010 Lips.

1534 4023 1754 4085 Pulsum]
1771 4021 1816 4071 A
1835 4022 2150 4078 Domitiano,
2163 4022 2304 4086 cnjus
2315 4021 2534 4073 amiciti·

1476 4112 1557 4149 am
1580 4098 1846 4150 Juvenalis
1868 4105 2021 4147 vocat
2044 4100 2060 4127 ⁸
2083 4097 2358 4147 miseram!
2379 4099 2531 4151 Rem.

1541 4175 1739 4225 Pulsum
1767 4181 1814 4224 et
1846 4180 2083 4225 errantem
2116 4174 2378 4239 reduxisti]
2415 4175 2530 4226 Me-

1478 4251 1699 4318 taphora
1715 4252 1941 4307 deducta
1963 4253 2027 4307 ab
2048 4253 2130 4318 iis,
2145 4253 2232 4319 qui
2249 4252 2302 4305 in
2318 4253 2531 4307 exilium
