3060 4902
520 492 740 540 civitate
798 490 1027 539 Romana
1084 489 1281 550 donati,
1326 494 1587 555 persolve-

520 567 665 629 bant,
720 568 923 632 quando
978 581 1180 616 suorum
1237 569 1585 642 hereditatem

521 645 665 694 adire
723 646 981 694 volebant.
1068 645 1218 694 Hanc
1272 649 1586 709 temperavit

520 723 718 784 Nerva,
761 731 814 771 et
863 723 1021 784 magis
1061 723 1338 787 Trajanus,
1382 724 1585 773 Gratia·

519 813 612 847 nus
652 800 702 848 in
745 809 906 848 totum
944 801 1167 848 sustulit.
1236 799 1387 848 Adde
1424 801 1584 849 Auso·

518 875 660 922 nium
701 874 765 922 de
812 876 1087 938 Gratiano,
1136 877 1482 938 Capitolinum
1521 876 1586 923 de

518 949 786 999 Antonino
832 951 1168 1013 Philosopho,
1215 951 1382 999 Paull.
1435 953 1582 1000 Sent.

517 1026 606 1075 lib.
635 1041 707 1075 tv·
736 1027 947 1076 tit.o.1.
976 1029 1067 1077 ult.
1106 1029 1166 1076 C.
1203 1029 1267 1076 de
1304 1027 1476 1077 edicto
1517 1029 1583 1075 l).

518 1101 687 1149 Hadr.
708 1104 815 1151 toli.
844 1103 960 1152 Aul.
984 1101 1068 1152 off.
1127 1104 1228 1155 Qui
1255 1104 1586 1165 colligebant,

516 1189 902 1242 procuratores,
951 1181 1202 1242 magistri,
1253 1181 1583 1242 promagistri

516 1256 664 1306 dicti.
722 1257 853 1306 Haec
879 1258 1021 1320 Lips.
1045 1258 1215 1307 Tacit.
1244 1258 1426 1306 Anual.
1455 1270 1585 1305 xtu.

517 1336 599 1381 31.
622 1342 729 1382 not.
751 1339 833 1382 98.
861 1335 1076 1382 Excurs.
1100 1335 1159 1382 C.
1196 1335 1347 1383 Bern.

589 1406 844 1469 Vicesima]
882 1409 1193 1456 Vicesimum
1219 1408 1581 1464 hereditatum,

515 1491 569 1533 et
608 1485 916 1548 legatorum,
954 1493 1154 1546 partem
1194 1486 1394 1533 solvere
1437 1493 1581 1534 tene·

516 1562 725 1617 bantur,
750 1566 836 1626 qui
878 1564 1042 1610 vocati
1073 1572 1216 1611 erant
1255 1568 1583 1610 testamento.

515 1640 745 1688 Sancivit
786 1639 1059 1699 Augustus,
1099 1638 1361 1687 referente
1407 1640 1579 1687 Dione

512 1715 603 1763 lib.
629 1729 716 1763 ιν.
737 1723 888 1777 atque
917 1715 1159 1762 innuente
1186 1716 1403 1761 Suetou.
1427 1729 1470 1762 c.
1496 1718 1578 1762 49.

514 1800 724 1840 coactus
759 1792 876 1838 hinc
912 1790 1198 1847 indigentia
1236 1792 1486 1853 pecuniae,
1521 1792 1579 1839 il·

513 1869 616 1916 linc
640 1882 846 1930 pressus
872 1868 1021 1929 copia
1045 1868 1291 1915 immensa
1317 1870 1577 1916 exercitu·

512 1960 618 2005 um,
659 1947 745 2008 qui
787 1944 1079 1991 necessario
1121 1943 1183 1990 ad
1234 1945 1431 2007 imperii
1473 1945 1577 1992 late

508 2019 610 2069 susi
636 2021 849 2069 tutelam
877 2020 1044 2067 alendi
1072 2028 1235 2068 erant.
1302 2021 1459 2069 Plura
1491 2022 1577 2069 tri·

510 2094 655 2158 buta,
679 2096 741 2143 de
767 2110 979 2144 numero
1000 2110 1230 2150 smmnae,
1256 2111 1355 2160 qua
1377 2106 1578 2145 consta·

510 2172 656 2228 bant,
693 2173 970 2226 nominata,
1001 2174 1116 2220 olim
1154 2173 1407 2234 extitisse,
1433 2181 1577 2233 patet

510 2264 574 2296 ex
606 2249 899 2298 Historicis.
954 2248 1193 2310 Legimus
1214 2250 1432 2308 enim,et
1455 2264 1574 2312 qua·

509 2325 870 2388 dragesimam,
912 2334 965 2373 et
1003 2326 1356 2381 centesimam,
1396 2335 1446 2374 et
1483 2326 1575 2373 du-

510 2403 869 2462 centesimam,
908 2410 962 2449 et
1004 2400 1299 2449 vicesimam
1325 2403 1576 2466 quintam,

511 2487 566 2526 ut
602 2479 734 2542 apud
770 2480 1024 2539 Tacitum,
1050 2487 1106 2526 et
1132 2480 1351 2540 vectigal
1383 2483 1574 2528 venali-

509 2568 592 2603 um
617 2555 987 2616 mancipiorum
1011 2571 1037 2601 a
1059 2556 1269 2604 Nerone
1293 2559 1576 2617 remissum,

506 2635 606 2679 ἃς.
685 2631 811 2680 l'ari
858 2630 1203 2679 beneficentia
1241 2633 1572 2695 quadragesi·

507 2724 638 2756 mam
677 2709 796 2757 olim
838 2724 867 2755 a
901 2708 1069 2756 Galba
1105 2712 1387 2769 remissam,
1417 2712 1572 2761 (locet

507 2801 760 2845 nummus,
797 2788 848 2835 in
885 2802 984 2849 quo
1021 2788 1196 2835 literas
1224 2800 1274 2836 R.
1303 2802 1393 2836 xl„
1430 2788 1444 2813 ‘
1472 2791 1570 2837 tte-

506 2864 709 2911 missam
759 2862 1249 2925 Quadragesimam’
1300 2865 1570 2913 Tristauus

506 2940 747 2990 reddidit.
835 2942 1118 2989 Clariorem
1167 2938 1327 2987 refert
1375 2942 1570 2991 Casan-

506 3017 621 3066 bou.
661 3017 725 3066 ad
758 3018 972 3067 Sueton.
1010 3017 1162 3066 Galb.
1198 3032 1245 3066 c.
1272 3021 1350 3066 15.
1376 3019 1459 3067 ubi
1497 3020 1571 3068 in·

506 3102 667 3157 tegrae
705 3096 944 3155 leguntur
980 3109 1151 3158 voces,
1181 3107 1568 3145 QvAnltAGcst·

508 3186 584 3220 ΜΛ
618 3184 872 3220 tramissa·
915 3173 1124 3219 Putarol.

582 3249 860 3310 Talei-abile]
921 3248 1152 3297 Quidni?
1209 3263 1321 3297 cum
1381 3250 1568 3312 gaudio

501 3324 634 3370 enim
661 3337 863 3384 semper
889 3321 1437 3387 fructuquejunctum.
1500 3330 1567 3376 Et

503 3400 586 3448 ubi
626 3401 854 3463 largiter,
891 3415 1032 3464 saepe
1073 3402 1357 3464 inopinato.
1392 3405 1563 3466 acqui-

503 3477 680 3536 rebas;
724 3479 842 3541 quid
886 3478 1057 3525 acerbi
1097 3479 1287 3540 aliquid
1327 3479 1564 3528 detrahi?

502 3556 516 3582 ‘
549 3555 672 3601 Mihi
708 3568 848 3615 saepe
887 3555 1070 3602 mirum
1109 3554 1279 3613 bodie,
1305 3569 1418 3603 cum
1458 3564 1561 3603 tam

499 3631 661 3678 multa
685 3636 1006 3692 quaeruntur.
1030 3628 1207 3677 odiosa
1230 3631 1406 3691 magis,
1424 3631 1560 3680 fruc·

501 3716 646 3754 tuosa
687 3705 888 3764 miuus;
936 3707 1031 3754 hoc
1072 3714 1170 3754 tam
1214 3719 1471 3770 promtum
1508 3716 1563 3758 et

498 3783 702 3833 obvium
720 3797 878 3845 usque
897 3783 1062 3831 adbuc
1079 3785 1406 3846 neglectum!
1427 3787 1562 3849 Lips.

564 3860 824 3908 Dumna-ut
867 3857 1134 3920 extraneis]
1191 3860 1204 3885 ‘
1233 3861 1564 3923 Extraneus,’

497 3937 777 3984 secundnm
820 3935 1048 3997 Festum,
1073 3945 1151 3984 est
1182 3943 1197 3965 ‘
1220 3952 1282 3985 ex
1320 3939 1419 3986 alia
1457 3947 1559 3985 ter·

497 4025 574 4071 ra,
614 4012 756 4075 qttasi
801 4012 1192 4073 exterraneu83’
1246 4023 1301 4063 at
1347 4014 1560 4062 ‘extra-

496 4087 636 4149 rins,'
658 4088 744 4153 qui
766 4087 947 4137 ‘extra
972 4085 1161 4147 focum,
1186 4089 1559 4154 sacra,jusque

494 4161 599 4213 sit.’
668 4163 821 4216 Quod
845 4162 1125 4216 discrimen
1150 4166 1192 4216 si
1220 4166 1406 4233 ubique
1442 4182 1556 4231 pro·

1226 348 1444 396 NO'I'AE
1496 348 1903 397 vAmoRUM
1956 348 2034 398 m

1667 493 1901 552 cederet,
1945 494 2042 543 hoc
2099 493 2211 542 loco
2270 492 2443 556 potins
2486 496 2740 557 extrariis,

1666 585 1817 632 qnam
1839 569 2104 624 extraneis,
2128 566 2262 617 foret
2287 569 2576 631 legendum.
2628 571 2737 620 Ne·

1667 660 1765 706 que
1803 648 1937 693 enim
1977 645 2061 693 hic
2098 648 2160 693 de
2196 646 2455 705 extraneis,
2492 655 2736 709 tanquam

1664 721 1728 768 de
1764 725 1959 771 exteris
1995 730 2044 769 et
2082 722 2386 782 peregrinis,
2418 737 2584 770 sermo
2621 730 2732 781 est3

1664 807 1846 861 utpote
1885 798 1990 862 qni,
2031 799 2104 846 uti
2144 808 2389 862 expertes
2426 809 2573 847 erant
2598 799 2733 862 juris

1665 877 2038 924 connubiorum
2068 877 2428 930 Romanorum,
2452 884 2733 924 testamen-

1665 958 1853 1009 torum,
1873 952 2186 1013 aliorumque
2203 949 2399 1013 jurium
2422 951 2734 1012 Quiritium3

1664 1026 1734 1074 ita
1762 1041 1854 1075 nec
1875 1027 2284 1091 admittebantur
2304 1028 2365 1073 ad
2388 1027 2730 1076 hereditatem

1661 1103 1788 1150 civis
1824 1104 2058 1162 Romani,
2096 1117 2193 1152 nec
2232 1103 2363 1151 adeo
2406 1103 2730 1165 pendendam

1661 1179 1920 1227 habebant
1963 1180 2274 1228 vicesimam.
2354 1179 2494 1229 Hinc
2532 1182 2732 1229 Seneca

1662 1256 1726 1302 de
1762 1255 1950 1304 Benef.
1986 1271 2057 1304 tv.
2085 1262 2165 1304 35.
2203 1257 2296 1315 ait,
2333 1259 2349 1283 ⁸
2377 1256 2598 1305 Promisi
2635 1257 2730 1306 tibi

1661 1328 1814 1380 filiam
1842 1331 1892 1379 in
1919 1332 2333 1391 matrimonium3
2371 1340 2550 1394 postea
2579 1349 2729 1395 pere-

1661 1409 1834 1470 grinus
1870 1408 2188 1472 apparuisti:
2228 1423 2326 1456 uon
2356 1416 2432 1456 est
2463 1409 2579 1457 mihi
2612 1424 2726 1459 cum

1660 1492 1841 1532 extero
1877 1483 2227 1534 connubium.’
2295 1487 2438 1535 Civis
2463 1488 2599 1536 euim
2629 1489 2728 1536 Ro-

1659 1575 1837 1609 manus
1861 1576 1974 1609 esse
1997 1562 2340 1626 debebat,qui
2362 1561 2729 1613 admitteretur

1661 1636 1722 1684 ad
1768 1638 1915 1685 Rom.
1951 1639 2238 1700 connubia3
2282 1638 2367 1702 qui
2409 1645 2725 1702 testaretor;

1660 1714 1742 1762 cni
1777 1716 2036 1763 hereditas
2068 1723 2123 1763 et
2157 1717 2386 1775 legatum
2415 1716 2725 1780 relinquere-

1661 1800 1763 1850 tur,
1797 1794 1898 1840 ἃς.
1966 1793 2189 1840 Tantum
2226 1792 2304 1840 hic
2342 1806 2509 1841 sermo
2546 1802 2625 1842 cst
2663 1796 2727 1842 de

1659 1869 1739 1929 iis,
1764 1870 1845 1930 qui
1883 1869 2091 1932 quidem
2124 1877 2294 1917 essent
2319 1870 2460 1917 cives
2489 1868 2726 1926 Romani,

1658 1943 1748 1991 sed
1788 1959 1886 1992 nou
1930 1944 2219 2004 domestici,
2252 1944 2584 2008 ejusdemque
2621 1944 2722 1996 foci

1657 2029 1710 2069 et
1746 2034 2001 2068 sacrorum
2038 2022 2337 2083 participes,
2370 2022 2464 2070 hoc
2501 2030 2599 2080 est,
2624 2038 2722 2072 non

1656 2096 1873 2144 heredes
1904 2097 1979 2145 sui
2013 2104 2065 2145 et
2098 2098 2391 2158 necessarii,
2415 2107 2465 2146 et
2504 2098 2724 2160 proximi

1656 2174 2058 2234 consanguinei;
2104 2174 2191 2221 sed
2228 2176 2413 2237 quibus
2451 2189 2516 2222 ex
2560 2176 2721 2238 inopi·

1656 2259 1779 2298 nato
1802 2253 2005 2311 saltem,
2030 2258 2081 2298 et
2108 2266 2171 2298 ex
2196 2253 2301 2299 sola
2325 2252 2594 2299 voluntate
2619 2260 2720 2301 tes·

1656 2327 1858 2383 tatoris,
1882 2327 2163 2388 hereditas,
2184 2335 2270 2375 ant
2296 2327 2490 2389 legata,
2510 2328 2721 2377 obveni·

1655 2413 1787 2453 rent.
1857 2404 1945 2461 Hi,
1980 2404 2052 2453 uti
2089 2404 2215 2459 dixi,
2250 2418 2315 2453 ex
2353 2412 2528 2453 mente
2568 2405 2721 2467 Festi,

1653 2483 1861 2545 proprie
1896 2483 1909 2507 ‘
1932 2480 2176 2530 extrarii’
2213 2480 2382 2529 forent
2406 2483 2719 2544 appellandi.

1648 2560 1750 2605 Sed
1782 2557 1962 2605 eadem
2001 2558 2141 2606 uotio
2166 2558 2321 2605 etiam
2349 2557 2597 2605 tribuitur
2633 2572 2721 2605 no-

1650 2635 1773 2682 mini
1812 2639 1826 2661 ·
1854 2632 2252 2693 extraneorum,’
2296 2633 2431 2696 apud
2476 2643 2718 2683 auctores

1640 2713 1796 2775 juris,
1821 2712 2049 2775 aliosque
2070 2729 2083 2768 ;
2119 2720 2206 2758 aut
2228 2719 2370 2760 certe
2389 2718 2442 2759 et
2462 2712 2585 2759 alibi
2607 2712 2719 2762 ha‘c

1650 2790 1904 2839 vocabula
1930 2789 2240 2837 creberrime
2266 2790 2402 2836 inter
2426 2803 2480 2837 se
2508 2790 2720 2851 permis-

1648 2875 1847 2914 centur.
1906 2867 1987 2915 lta
2011 2868 2226 2914 Sueton.
2254 2865 2437 2914 Claud.
2460 2880 2505 2914 c.
2528 2872 2577 2914 4.
2600 2871 2614 2894 ⁸
2635 2883 2722 2916 ex·

1650 2941 1888 2990 trancos'
1925 2940 2085 2989 ret'ert
2124 2942 2187 2987 ad
2227 2942 2524 2988 remotiores
2566 2942 2718 2991 here·

1647 3018 1755 3073 des,
1778 3025 1831 3065 et
1868 3018 2161 3080 legatarios,
2186 3016 2307 3065 dum
2341 3027 2536 3070 narrat,
2563 3020 2717 3068 Clan-

1646 3096 1786 3144 dium
1824 3096 1887 3144 ab
1921 3096 2154 3158 Angusto
2177 3103 2190 3124 ⁸
2217 3110 2283 3143 ne
2321 3095 2562 3143 heredem
2604 3096 2714 3159 qui-

1645 3173 1783 3232 dem,
1809 3173 1903 3220 nisi
1943 3174 2077 3222 inter
2112 3172 2316 3232 tertios,
2348 3185 2407 3220 ac
2443 3185 2590 3234 paene
2627 3185 2716 3218 ex-

1646 3258 1876 3308 traneos,
1914 3264 1940 3297 e
1982 3257 2127 3311 parte
2164 3254 2313 3296 sexta
2355 3257 2712 3309 nuncupatum

1643 3327 1791 3374 esse.'
1861 3326 2024 3374 Etiam
2063 3325 2315 3375 Quinctil.
2350 3323 2525 3372 Instit.
2557 3324 2714 3372 Orat.

1643 3416 1740 3450 vn.
1764 3409 1814 3452 4.
1853 3404 1868 3430 ⁴
1898 3401 2200 3451 extraneos'
2237 3409 2293 3450 et
2334 3406 2347 3427 ⁸
2372 3399 2715 3448 domesticos·

1643 3479 1735 3526 sibi
1761 3478 1979 3527 invicem
2006 3477 2249 3541 opponit:
2288 3483 2301 3505 ⁴
2325 3477 2478 3527 Quod
2503 3477 2599 3525 sub
2625 3492 2712 3525 ex·

1645 3568 1823 3606 traneo
1859 3564 2162 3606 accusatore
2197 3564 2250 3604 et
2291 3555 2490 3617 legibus
2524 3567 2711 3619 agente

1640 3633 1891 3696 prodesse
1929 3647 2183 3692 nunquam
2217 3639 2412 3694 potest,
2439 3631 2489 3678 in
2513 3631 2711 3679 domes-

1641 3710 1755 3757 ticis
1772 3708 2239 3772 disceptationibus
2264 3715 2456 3770 potest.
2497 3707 2628 3756 Nam
2657 3715 2712 3759 et

1639 3785 1753 3834 filiis
1790 3793 1956 3848 pater,
1982 3819 1995 3833 .
2020 3819 2033 3833 .
2060 3816 2075 3833 .
2100 3794 2150 3833 et
2175 3785 2392 3833 maritus
2421 3785 2588 3841 uxori,
2614 3819 2628 3835 .
2652 3816 2677 3835 .·
2695 3819 2709 3835 .

1638 3871 1691 3909 et
1738 3862 1873 3924 patri
1913 3860 2070 3925 filius,
2093 3894 2106 3909 .
2131 3894 2144 3908 .
2173 3895 2186 3910 .
2218 3876 2320 3911 non
2358 3861 2709 3913 inverecunde

1639 3936 1811 3997 dicet‚’
1835 3940 1932 3984 διο.
1959 3950 2267 3999 quamquam
2299 3944 2355 3985 et
2390 3936 2442 3985 in
2467 3926 2566 3985 boc
2592 3939 2710 3987 loeo

1635 4029 1735 4063 non
1763 4015 1886 4062 nulli
1906 4014 2024 4062 libri
2045 4014 2271 4063 babeant
2293 4013 2596 4063 ‘extr-ario)
2643 4015 2708 4064 In

1635 4091 1870 4140 omnibus
1891 4090 2022 4140 adeo
2036 4090 2422 4153 exemplaribus
2439 4090 2587 4154 hujus
2605 4092 2709 4141 Pa-

1635 4167 1870 4232 negyrici
1893 4174 2198 4218 constanter
2220 4168 2376 4219 etiam
2409 4168 2602 4232 legitor
2623 4184 2709 4219 ex-
