3060 4902
546 342 679 408 784

551 501 736 566 inquit,
758 501 773 529 ⁸
793 499 1016 566 quisquis
1037 513 1093 550 es
1128 497 1474 555 medioaimal
1541 499 1611 549 Et

554 578 769 626 Terent.
793 575 1045 637 Adelphis
1068 575 1221 637 dixit,
1245 581 1260 603 ⁸
1278 574 1498 636 Aperite
1520 575 1610 623 ali·

551 654 667 716 quis
691 660 922 701 actutum
946 649 1167 700 ostium.’
1212 652 1281 700 Et
1306 651 1520 703 Paullus
1546 650 1613 699 de

553 727 846 776 Verborum
885 726 1302 790 Significatione:
1344 728 1358 753 ‘
1384 726 1612 774 Verbum

552 804 672 860 hoc,
692 806 737 851 si
758 803 883 867 quis,
922 810 1023 851 tam
1055 802 1328 857 masculos,
1352 816 1504 866 quam
1534 799 1613 849 se·

554 881 739 944 minas,
772 879 1173 943 complectitur.'
1227 880 1397 929 Tacit.
1424 878 1616 928 Annal.

556 971 681 1006 xix.
702 965 716 986 ⁸
735 973 797 1006 eo
816 957 1065 1021 suffragio
1083 957 1458 1007 turbidissimus
1476 955 1615 1021 quis·

555 1051 656 1100 que
702 1035 934 1085 delecti!
1010 1037 1081 1085 Et
1123 1036 1319 1096 statim,
1374 1034 1615 1097 ⁸Optimi

556 1111 772 1175 quisque
798 1110 1016 1160 adsciti!
1053 1111 1214 1174 Cujus
1238 1109 1615 1159 observationis

558 1186 767 1250 quidam
807 1187 961 1235 rudes
995 1185 1268 1234 lectionem
1311 1191 1618 1248 pervertunt

557 1261 834 1311 scribendo
889 1260 1027 1324 apud
1075 1261 1390 1316 Secundum,
1450 1274 1617 1309 consa·

557 1335 682 1384 snit.⁸
720 1336 852 1384 Haec
868 1337 1166 1386 Catanaeus.
1199 1337 1301 1385 Sed
1323 1351 1417 1398 ego
1439 1335 1620 1383 nibilo-

557 1410 726 1459 minus
761 1409 981 1473 praefero
1012 1427 1276 1462 numerum
1310 1413 1618 1476 singularem

558 1487 826 1544 coemittit,-
881 1502 1032 1551 quem
1079 1489 1378 1551 exprimunt
1422 1501 1618 1548 omnes,

559 1564 646 1627 qni
682 1564 803 1613 mibi
843 1565 1114 1613 innotuere
1155 1564 1362 1613 codices
1401 1563 1530 1611 Mss.
1565 1569 1620 1610 et

561 1655 712 1704 quern
751 1641 913 1688 ceteri
950 1655 1151 1704 quoque
1195 1640 1312 1688 libri
1354 1640 1495 1701 typis
1530 1652 1621 1686 ex·

560 1715 746 1777 scripti
773 1714 1066 1777 prodidere.
1131 1716 1262 1766 Quae
1286 1712 1440 1763 affert
1467 1713 1621 1762 Cata·

558 1803 726 1849 naeus,
766 1804 865 1837 non
905 1803 968 1836 ex
1006 1789 1145 1836 omni
1180 1795 1328 1850 parte
1364 1790 1462 1836 buc
1498 1803 1624 1851 qua·

561 1865 731 1914 drant.
768 1864 1082 1912 Insolentior
1116 1865 1247 1911 adeo
1279 1861 1437 1925 foret,
1470 1878 1623 1928 quam

562 1953 678 2004 quae
723 1941 844 1989 stilo
888 1941 1123 1989 Pliniano
1173 1941 1469 2003 conveniat,
1512 1940 1624 1989 haec

562 2014 743 2076 dictio,
776 2017 898 2071 Quis
925 2022 1152 2072 nostrum,
1177 2021 1401 2079 tanquam
1430 2016 1622 2079 oblitus,

566 2127 582 2143 .
607 2128 620 2144 .
647 2123 662 2140 .
684 2099 975 2142 consumuat.
1008 2092 1175 2143 Idem.

634 2169 748 2218 Tuoe
791 2170 1124 2219 moderationis
1177 2167 1302 2231 laus]
1357 2169 1529 2232 Vulgo
1571 2168 1620 2217 in

563 2246 772 2307 scriptis
826 2245 1138 2308 excusisque
1206 2244 1349 2294 libris
1413 2245 1624 2306 legitur,

568 2321 682 2370 Tua·
703 2321 1036 2370 moderationis
1070 2321 1170 2370 Iioec
1206 2322 1328 2381 laus,
1356 2320 1625 2368 constantia

562 2403 743 2446 nostra.
803 2398 866 2446 In
891 2397 1197 2461 quibusdam
1220 2396 1450 2446 Catanaei
1472 2394 1624 2444 editi·

562 2475 747 2523 onibus
788 2474 865 2522 ita
909 2488 1155 2536 expressa
1193 2482 1247 2523 et
1290 2476 1626 2535 interpuncta

563 2558 685 2597 sunt
703 2550 813 2597 baec
835 2549 1013 2610 verba,
1038 2549 1152 2597 Tace
1172 2550 1506 2598 moderationis
1524 2548 1626 2597 hac

562 2627 695 2674 laus.-
729 2626 1010 2673 constantie.
1044 2630 1239 2686 nostroe,
1271 2632 1319 2673 et
1353 2625 1462 2681 tibi,
1494 2625 1625 2674 obse·

563 2702 766 2765 qaimur.
833 2701 1055 2763 Lipsius,
1088 2716 1204 2750 cum
1240 2702 1292 2750 in
1329 2700 1625 2763 hujusmodi

562 2777 710 2826 libris
734 2777 980 2841 gignendi
999 2792 1171 2826 casum
1195 2778 1495 2838 invenisset,
1513 2792 1624 2825 con·

562 2852 758 2903 staatiae
795 2859 989 2916 nostre,
1031 2852 1249 2916 putavit,
1290 2867 1356 2901 ex
1394 2851 1493 2900 boc
1533 2852 1626 2900 ali-

564 2944 737 2995 quem,
762 2930 1034 2991 negatione
1057 2928 1253 2985 addita,
1277 2926 1498 2977 fortasse
1520 2928 1625 2977 lec·

567 3015 738 3056 turum
758 3019 873 3053 esse
895 3005 1010 3054 Tua
1031 3003 1368 3053 moderationis
1389 3003 1490 3062 lioec
1507 3004 1628 3065 taus,

561 3098 658 3133 non
706 3083 985 3132 constantio
1026 3087 1215 3131 nostroe.
1281 3081 1384 3131 Sed
1430 3080 1625 3128 leviore

564 3159 884 3221 remedio,et
909 3160 1020 3206 sine
1044 3158 1212 3222 aliqua
1245 3157 1498 3221 particula
1529 3156 1625 3205 ali·

565 3234 703 3283 unde
745 3235 964 3291 adscita,
1004 3233 1343 3295 pulcherrima
1383 3241 1437 3282 et
1482 3234 1625 3282 lucu·

563 3310 849 3359 lentissima
883 3309 1057 3359 evadit
1095 3309 1375 3370 sententia,
1397 3308 1626 3357 dummo-

565 3386 636 3434 do
678 3386 808 3436 duas
855 3387 945 3435 lias
983 3388 1211 3449 voculas,
1255 3386 1356 3434 hoec
1398 3386 1519 3442 taus,
1563 3398 1625 3434 eo

565 3461 721 3510 modo
760 3471 815 3511 et
854 3462 1053 3524 ordine,
1095 3471 1249 3526 prout
1284 3464 1335 3512 in
1374 3470 1627 3512 contextu

565 3539 809 3593 orationis
831 3538 1087 3601 expressi,
1112 3546 1434 3600 transponas.
1497 3540 1629 3590 Qum

567 3614 901 3675 transpositio
917 3614 1027 3676 jam
1047 3613 1418 3676 christophoro
1436 3613 1629 3663 Bebrio

565 3689 619 3738 in
643 3695 869 3737 mentem
892 3688 1062 3748 venit3
1087 3688 1227 3737 venit
1250 3694 1305 3736 et
1327 3688 1377 3737 in
1403 3697 1628 3738 mentem

565 3765 864 3815 doctissimo
905 3764 1158 3813 Gesnero.
1225 3764 1313 3813 Ita
1350 3779 1475 3814 vero
1516 3766 1630 3815 haec

568 3841 727 3892 verba
780 3839 934 3889 facile
991 3848 1236 3905 recteque
1294 3840 1630 3904 interpretari

569 3931 869 3982 possumus:
908 3915 1030 3964 Hoec
1044 3917 1312 3967 constantia
1332 3923 1515 3983 nostra,
1537 3933 1633 3981 per

567 4007 722 4059 quam
759 3992 997 4041 libertate
1033 4001 1216 4055 aperte
1252 3994 1496 4043 censendi
1528 3995 1628 4043 ntl-

567 4083 702 4131 mnr,
730 4082 899 4132 neque
937 4069 1074 4116 inter
1108 4068 1424 4118 censendum
1460 4068 1631 4118 indul·

569 4159 746 4209 gemus
763 4145 1063 4206 adulationi,
1078 4154 1158 4194 est
1178 4148 1282 4195 tasas
1294 4146 1632 4195 moderationis

569 4226 683 4279 taae,
706 4221 741 4272 i.
764 4234 812 4273 e.
836 4220 968 4276 tacit
990 4222 1055 4272 ad
1077 4222 1283 4274 laudem
1317 4222 1630 4275 moderatio·

1242 353 1460 405 No‘rAE
1507 353 1548 401 V
1566 350 1914 402 amotum
1968 351 2050 402 ΙΝ

1686 497 1764 547 nis
1786 505 1841 547 et
1863 495 2134 546 modestia!
2173 501 2296 552 ωε,
2321 508 2437 544 cnm
2469 493 2644 544 renuis
2670 505 2750 544 re·

1686 588 1936 637 cusasque
1982 588 2185 622 omnem
2225 572 2434 621 nimiam
2477 580 2535 621 et
2575 572 2749 621 adula-

1686 649 1871 698 toriam
1897 649 2261 696 laudationem.
2303 648 2455 696 Idem.

1755 725 1869 772 Tm
1889 722 2246 786 moderationis]
2284 725 2452 775 Quam
2472 732 2530 772 et
2554 724 2605 772 in
2621 723 2753 772 'flie-

1687 800 1866 850 odosio
1904 801 2128 849 Pacatus
2168 800 2379 850 laudat:
2421 801 2580 858 {Non
2614 800 2751 848 enim

1678 877 1791 940 jam
1814 887 1997 926 coacta
2021 877 2268 936 laudatio,
2289 885 2344 926 et
2367 890 2631 937 expressae
2650 890 2753 924 me·

1690 961 1746 1002 tu
1772 968 1945 1015 voces,
1965 955 2247 1016 periculum
2263 953 2450 1001 silentii
2473 952 2751 1000 redimunt.

1690 1030 1870 1079 Fuerit
1891 1031 2181 1096 abieritque
2205 1031 2290 1078 illa
2317 1029 2474 1078 tristis
2491 1027 2750 1077 facundia

1689 1107 1985 1157 ancillantis
2032 1107 2333 1168 necessitas,
2376 1120 2492 1154 cum
2554 1114 2754 1154 trucem

1691 1182 1973 1245 dominum,
2030 1198 2182 1232 auras
2249 1195 2423 1230 omnes
2481 1180 2754 1243 plausuum

1692 1258 2013 1321 publicorum
2032 1266 2239 1307 ventosa
2258 1256 2615 1321 popularitate
2634 1271 2755 1319 cap-

1693 1341 1892 1382 tantem
1918 1332 2137 1382 mendax
2163 1332 2445 1383 assentatio
2469 1329 2759 1381 titillabat.’

1692 1407 1826 1471 Lips.

1761 1483 2069 1548 Constantia]
2106 1483 2171 1534 Id
2205 1475 2305 1540 est,r
2345 1481 2481 1548 quod
2520 1497 2614 1531 nos
2637 1496 2757 1533 con·

1690 1566 1890 1609 stantes
1930 1561 2104 1618 simus,
2144 1567 2247 1610 tuoe
2282 1560 2617 1623 procognitus
2652 1572 2760 1608 mo·

1695 1634 1876 1684 destiae
1900 1635 2143 1685 debetur.
2212 1635 2326 1684 Nisi
2348 1634 2447 1683 boc
2474 1641 2636 1690 esset,
2660 1634 2761 1684 ire·

1695 1725 1807 1760 mus
1832 1711 1916 1775 (ut
1939 1710 2085 1776 olim)
2111 1713 2162 1760 in
2188 1711 2386 1760 laudes.
2426 1709 2655 1762 Quidam
2682 1717 2760 1759 ta·

1697 1802 1812 1836 men
1837 1789 1974 1844 libri,
2010 1789 2292 1837 constantia
2323 1792 2534 1835 aostroe:
2567 1800 2632 1836 ex
2658 1802 2760 1851 qno

1698 1864 1898 1927 aliquis,
1920 1866 2195 1928 negatione
2212 1863 2408 1919 addita,
2428 1877 2522 1910 non
2538 1869 2760 1912 condan-

1695 1942 1777 1990 tiae
1800 1940 2020 1989 fortasse
2039 1941 2243 2004 legerit.
2276 1940 2426 2000 Tnae,
2447 1939 2638 2004 inquit,
2655 1955 2762 1989 mo·

1698 2015 1880 2065 destiae
1907 2016 2021 2066 baec
2043 2016 2154 2065 laus
2180 2024 2277 2080 est,
2298 2015 2384 2080 qui
2421 2016 2628 2077 renuis;
2654 2029 2759 2064 non

1696 2101 1884 2142 nostrae
1908 2093 2230 2147 constantiae,
2250 2100 2338 2140 aut
2362 2092 2655 2155 gravitatis,
2675 2093 2761 2156 qni

1698 2176 1753 2217 et
1777 2176 1897 2216 ante
1920 2166 2151 2224 fecimus,
2173 2175 2228 2217 et
2244 2165 2513 2229 faciamus,
2536 2167 2640 2216 nisi
2655 2168 2763 2215 nol-

1698 2244 1792 2293 les.
1829 2243 1977 2292 Idem.

1763 2319 2009 2383 Justitioe]
2044 2321 2119 2369 Ut
2144 2321 2287 2383 justa
2309 2319 2413 2368 illic
2449 2319 2686 2381 decreta,
2707 2330 2762 2386 et

1700 2397 1813 2446 usui
1841 2397 2063 2460 publico,
2086 2396 2351 2446 faciamus.
2389 2397 2543 2446 Idem.

1764 2474 2001 2535 Justitioe,
2031 2472 2355 2537 simplicitati]
2384 2474 2621 2525 Justitiae
2648 2488 2761 2538 gra·

1700 2549 1924 2599 tissimus
1941 2565 2112 2599 comes
2132 2550 2455 2613 simplicitas.
2489 2550 2766 2599 Plutarch.

1699 2625 1816 2689 πρὸς
1857 2625 2066 2687 ἡγεμόνα
2115 2626 2415 2687 ἀπαίδευτον,
2455 2624 2487 2685 ἦ
2533 2623 2765 2688 rapum

1700 2700 1857 2768 (δίκη)
1892 2701 2118 2762 ἀφελείας
2154 2702 2349 2752 ἔνοικοι·
2374 2702 2451 2751 uti
2480 2702 2606 2763 legit
2626 2701 2763 2752 bunc

1702 2778 1872 2826 locum
1898 2778 2019 2826 Pet.
2044 2779 2169 2826 Fab.
2194 2792 2259 2826 ex
2283 2778 2413 2826 Mss.
2449 2775 2514 2825 ad
2550 2776 2658 2825 Tit.
2697 2776 2763 2825 de

1701 2853 1876 2903 Instit.
1898 2861 1954 2902 et
1975 2853 2089 2904 Jnr.
2114 2868 2233 2916 cap.
2258 2857 2305 2903 1.
2333 2867 2383 2916 p.
2410 2855 2488 2900 16.
2542 2850 2620 2899 Ea
2641 2866 2764 2901 vero

1703 2930 1788 2993 qui
1829 2930 2097 2991 praeditus‚
2134 2929 2372 2991 simplex,
2412 2935 2629 2989 apertus
2666 2934 2765 2982 est,

1700 3008 1716 3034 ⁸
1736 3007 1960 3068 nihilque
1984 3021 2049 3055 ex
2073 3005 2302 3068 occulto,
2322 3003 2451 3052 niliil
2473 3017 2539 3052 ex
2563 3003 2765 3053 insidiis

1703 3081 1958 3144 agendum
2000 3090 2181 3145 putat:
2225 3081 2459 3130 veritatis
2498 3081 2673 3130 cultor
2710 3088 2767 3131 et

1703 3158 1913 3218 amicus,
1935 3156 2128 3205 fraudis
2166 3155 2417 3212 inimicus,
2455 3171 2609 3220 quem
2648 3172 2766 3221 qnae

1702 3234 1831 3287 vult,
1855 3234 2005 3287 velle,
2033 3247 2149 3297 qnae
2180 3247 2282 3282 non
2314 3234 2446 3288 vult,
2479 3233 2617 3281 nolle
2653 3247 2768 3284 cre·

1702 3308 1906 3358 dimus!
1955 3309 2137 3360 Qualis
2161 3308 2441 3371 Trajannm
2470 3306 2766 3371 habitabat,

1702 3384 1769 3433 de
1792 3399 1892 3447 quo
1915 3385 2014 3434 Dio
2036 3384 2172 3448 apud
2193 3384 2395 3448 Xipbil.
2410 3384 2460 3433 in
2479 3383 2604 3433 Vita
2622 3385 2768 3449 ejus:

1702 3462 1943 3511 Πλεῖστον
1962 3459 2039 3509 ἐπί
2061 3478 2118 3510 τε
2151 3459 2432 3524 δικαιότητι,
2466 3459 2545 3508 καὶ
2581 3460 2656 3509 h?
2687 3461 2770 3510 b-

1703 3536 1824 3601 apta,
1845 3539 1915 3602 τῇ
1933 3556 1989 3587 τε
2009 3534 2250 3596 ἁπλότητι
2270 3540 2367 3586 τόν
2383 3538 2508 3596 ὴθῦν
2529 3536 2767 3602 διέτρεψε.

1702 3614 1916 3663 Multum
1946 3615 1996 3662 ia
2018 3614 2239 3674 justitia,
2260 3614 2579 3677 fortitudine,
2600 3620 2650 3664 et
2671 3630 2769 3664 mo-

1702 3704 1807 3738 ram
1858 3690 2165 3753 simplicitate
2206 3690 2481 3739 excellebat.
2549 3691 2639 3740 Sic
2682 3690 2770 3739 ille

1705 3766 1922 3815 duorum
1940 3764 2287 3817 consularium
2306 3773 2457 3829 pater
2472 3765 2615 3828 apud
2630 3766 2771 3816 Vell.

1705 3856 1769 3891 n.
1792 3845 1873 3891 ⁴8.
1894 3842 1910 3869 ⁸
1933 3843 2080 3891 viria
2105 3849 2307 3891 tantum
2330 3841 2519 3902 bonus,
2537 3844 2591 3891 in
2609 3857 2770 3907 quan·

1706 3926 1814 3968 tum
1841 3919 2064 3968 bumana
2086 3918 2395 3982 simplicitas
2430 3917 2654 3981 intelligi
2682 3933 2769 3983 po-

1706 3993 1846 4043 test.’
1910 3991 2066 4056 Apud
2090 3993 2246 4042 eund.
2270 4006 2333 4042 11.
2363 3997 2447 4043 25.
2480 3996 2495 4022 ⁸
2516 3994 2771 4044 Dolabel·

1705 4070 1753 4118 la
1798 4069 1876 4118 vir
1928 4069 2280 4131 simplicitatis
2337 4070 2774 4133 generosissime,

1705 4147 1805 4195 Cn.
1831 4146 2089 4195 Domitius
2107 4145 2439 4195 nobilissimae
2464 4144 2774 4209 simplicita-

1706 4222 1772 4273 tis
1785 4222 2013 4286 jnvenis.
2065 4222 2302 4288 Caligula
2323 4220 2582 4287 incipiens
2607 4223 2772 4289 impe-
