3060 4902
479 384 614 449 566,

480 557 592 592 sum
629 555 742 589 esse
782 554 1064 603 pronomen
1094 556 1175 597 se,·
1211 541 1359 602 cujus
1394 540 1545 588 omis-

480 619 636 668 sionis
655 619 909 682 permulta
923 626 1104 667 extant
1121 620 1374 681 exempla.
1411 619 1545 668 Inde

481 710 603 744 vero
650 703 1045 759 peropportuna
1090 697 1340 744 existeret
1387 696 1546 744 lectio

479 776 729 835 antequam
750 776 798 819 te
821 772 1055 831 viderent,
1078 774 1374 834 audirentce,
1400 787 1449 821 se
1471 786 1545 820 re·

478 849 593 912 cipi,
614 848 765 896 incidi
773 847 989 907 jussisti.
1025 848 1194 899 Idem.

546 925 730 987 Recipi,
764 925 934 984 incidi,
954 925 1177 987 jussisti]
1216 923 1433 972 Plurimi
1458 938 1545 972 co·

479 1002 622 1051 dices
648 1003 776 1050 Mss.
809 1011 863 1052 et
897 1002 1015 1051 libri
1049 1003 1282 1065 impressi
1315 1000 1547 1050 referunt

478 1079 612 1129 lianc
654 1079 950 1129 lectionem.
1032 1078 1362 1128 Solummodo
1400 1078 1546 1125 Vati·

479 1170 634 1204 canus
652 1159 801 1206 3461.
823 1164 876 1205 et
893 1156 1401 1219 Guelplierbytanus,
1418 1155 1544 1203 item

478 1240 533 1281 et
554 1232 686 1281 liber
710 1233 854 1296 prior
878 1233 1057 1295 Gudii,
1095 1246 1303 1295 prorsus
1330 1240 1545 1293 praeter-

478 1309 696 1358 mittunt
723 1309 935 1358 verbum
971 1310 1153 1366 incidi‚·
1188 1309 1323 1372 quod
1355 1324 1450 1358 nec
1470 1307 1545 1357 sa·

477 1387 577 1434 cile
600 1386 880 1448 desideres,
913 1387 1010 1435 nisi
1041 1387 1213 1448 potius
1247 1385 1546 1446 suspiceris,

477 1461 587 1524 ejus
613 1462 725 1511 loco
751 1461 962 1511 verbum
985 1462 1152 1524 recipi,
1188 1469 1427 1525 tanquam
1455 1475 1544 1509 no-

478 1539 600 1596 tius,
622 1555 686 1586 ex
711 1539 878 1602 glossa
903 1540 1196 1604 irrepsisse.
1251 1538 1429 1586 Codex
1453 1539 1545 1587 Sa·

477 1615 817 1679 lisburgensis
842 1624 1042 1672 contra,
1079 1631 1173 1678 pro
1208 1615 1359 1663 incidi
1391 1616 1545 1664 inuti·

476 1692 598 1741 liter
621 1694 826 1756 reponit
859 1693 1075 1750 iucludi‚·
1110 1692 1195 1740 ubi
1237 1701 1407 1740 tamen
1444 1707 1545 1741 non

477 1768 697 1818 obscure
732 1777 973 1831 apparet,
1015 1768 1269 1832 quomodo
1305 1769 1546 1816 librarius

478 1858 542 1894 ex
568 1844 727 1892 verbo
759 1844 925 1904 incidi,
951 1844 1099 1906 cujus
1139 1858 1345 1892 sensum
1379 1845 1544 1892 minus

477 1920 736 1983 capiebat,
787 1918 1044 1969 effinxerit
1091 1920 1285 1968 includi.
1381 1920 1548 1970 Henr.

478 1998 791 2059 Stephanus,
814 1996 1117 2057 Ascensum,
1140 2006 1195 2045 et
1211 1997 1433 2056 Eizevir,
1450 2012 1544 2059 pro

475 2074 623 2122 incida·
657 2072 852 2122 habent
887 2073 1052 2127 indici.
1092 2073 1245 2134 forte,
1271 2075 1413 2134 quasi
1455 2089 1545 2122 no-

479 2156 613 2197 taret
630 2148 865 2205 indiceri,·
882 2163 993 2197 cum
1014 2157 1256 2212 parentes
1268 2148 1545 2198 infantium

476 2238 705 2282 suorum,
742 2225 927 2288 quibus
956 2227 1201 2274 alimenta
1237 2241 1300 2274 ex
1341 2227 1545 2288 publico

478 2300 757 2361 dabantur,
802 2301 1012 2349 nomina
1060 2301 1197 2364 apud
1238 2300 1545 2364 praefectum

480 2393 697 2426 annonae
726 2379 1023 2442 indicarint,
1058 2387 1148 2427 aut
1178 2378 1400 2442 professi
1424 2381 1551 2429 sint.

480 2456 582 2504 Sed
618 2456 728 2504 sine
765 2456 922 2506 dubio
959 2458 1054 2505 ltoc
1094 2471 1297 2519 quoque
1332 2458 1546 2506 verbum

477 2535 645 2596 indici,
691 2549 782 2596 pro
826 2534 994 2592 incidi,
1040 2543 1329 2595 receptum,
1374 2541 1429 2581 et
1478 2550 1544 2583 ex

479 2612 802 2673 ignoratione
849 2611 1003 2658 moris
1049 2610 1308 2658 nominum
1348 2610 1397 2659 in
1441 2626 1547 2660 aere

481 2685 889 2747 incidendorum,
932 2693 1099 2734 ortum
1147 2694 1270 2746 est;
1327 2685 1393 2735 de
1445 2703 1548 2751 quo

481 2776 623 2811 more
657 2760 809 2822 infra,
842 2762 906 2810 ad
933 2770 1095 2824 caput
1128 2774 1335 2810 xxvttt.
1359 2767 1407 2810 6.
1443 2776 1547 2812 non

480 2839 605 2888 nihil
641 2838 891 2887 dicemus.
930 2840 1081 2887 Idem.

549 2914 731 2978 Incidi]
767 2915 831 2964 In
863 2917 1021 2963 aeneis
1057 2915 1263 2976 tabulis,
1288 2916 1337 2965 in
1361 2916 1549 2980 quibus

482 2992 589 3041 stili
615 2992 867 3040 incisione
901 2991 1089 3040 civium
1122 2993 1326 3042 nomina
1351 2995 1545 3043 scribe-

482 3071 686 3120 bantur.
725 3071 942 3119 Pulurol.

549 3146 730 3208 Incidi]
769 3146 829 3194 In
856 3146 1060 3194 tabulas
1086 3145 1339 3208 publicas,
1364 3147 1412 3194 in
1434 3146 1545 3209 qni-

481 3223 578 3271 bus
631 3223 840 3271 nomina
892 3222 1158 3284 descripta
1203 3237 1400 3281 eornm,
1455 3223 1544 3285 qui

482 3298 745 3348 frumento
770 3299 1105 3347 donarentur.
1156 3301 1342 3361 Supra.
1367 3314 1545 3348 omnes

482 3386 759 3439 antequam
786 3386 836 3424 te
862 3377 1094 3426 viderent
1116 3377 1443 3440 adirentqne,
1467 3392 1546 3425 re-

481 3454 604 3517 cipi,
632 3455 1042 3518 incidi,jnssisti.
1073 3457 1258 3504 Senec.
1276 3456 1341 3503 de
1360 3454 1548 3503 Benef.

483 3543 562 3579 ιν.
588 3535 664 3579 18.
701 3538 756 3579 ut
782 3531 988 3594 quidem
1026 3531 1214 3593 legitur
1248 3532 1297 3579 in
1331 3533 1544 3580 cariosis

482 3607 648 3662 libris,
696 3613 710 3638 ⁸
751 3610 1084 3658 Frumentum
1126 3608 1393 3672 publicum
1439 3617 1544 3657 tam

481 3683 585 3744 fur,
616 3699 768 3748 quarn
807 3684 1047 3747 perjurus
1083 3694 1138 3733 et
1170 3684 1376 3732 adulter
1413 3686 1546 3733 acci·

484 3764 657 3826 piunt,
693 3771 746 3811 et
773 3762 884 3809 sine
919 3761 1125 3810 delectu
1160 3776 1379 3816 morum,
1411 3763 1548 3824 quis-

483 3841 597 3903 quis
623 3839 817 3886 ineisus
841 3838 955 3886 est!
1022 3839 1294 3898 Pinciano,
1321 3838 1406 3902 qni
1431 3854 1545 3887 eam

481 3916 757 3964 lectionem
802 3914 1102 3975 solicitavit,
1143 3929 1244 3962 non
1283 3914 1549 3964 assentior.

485 3993 652 4043 Livia.

548 4069 735 4133 Incidi]
768 4068 828 4118 In
858 4068 1078 4117 tabulas.
1130 4070 1332 4118 Seneca
1355 4068 1418 4118 de
1445 4069 1548 4118 Be·

486 4147 638 4198 nefie.
676 4163 752 4199 lv.
786 4153 835 4197 2.
874 4155 995 4196 nota
1024 4152 1132 4198 131.
1165 4153 1180 4177 ⁸
1209 4149 1547 4197 Frumentum

487 4225 750 4288 publicum
795 4234 900 4274 tam
939 4222 1043 4285 fur,
1089 4240 1240 4289 quam
1289 4225 1548 4289 perjurus,

485 4300 771 4365 accipiunt,
793 4309 848 4353 et
873 4302 986 4351 sine
1009 4300 1309 4354 discrimine
1333 4316 1549 4359 mortun,

1174 399 1392 446 No'rAE
1447 398 1850 446 VARIORUM
1906 398 1986 445 IN

1625 540 1853 603 quisquis
1878 539 2006 589 civis
2028 538 2142 590 est.'
2178 538 2392 604 Aliquot
2412 539 2483 590 ibi
2504 540 2694 607 scripti

1623 616 1759 675 libri,
1783 624 1794 644 ·
1814 617 2042 679 quisquis
2065 617 2254 666 incisus
2275 617 2394 668 est.'
2429 619 2567 683 Lips.

1690 693 1874 755 Incidi]
1923 694 2192 756 Inscripti,
2234 695 2479 757 insculpti
2520 697 2571 745 in
2610 705 2691 746 ta·

1624 768 1772 824 bulis,
1802 770 1852 817 in
1878 784 2055 819 censu.
2120 771 2260 819 Hinc
2300 773 2530 822 recensi:
2568 774 2693 838 quia

1621 846 1903 895 identidem
1931 855 2217 910 purgentur
2239 861 2314 897 εκ
2344 846 2552 912 tabula»,
2576 851 2693 898 alii-

1620 936 1721 985 que
1749 922 2094 973 sufficiuntur.
2139 924 2356 975 Sueten.
2375 925 2510 975 Caes.
2533 940 2581 976 c.
2604 931 2691 976 41.

1621 998 1755 1058 Aug.
1778 1014 1824 1048 c.
1846 1004 1928 1048 40.
1964 1001 2118 1051 Bern.

1688 1076 1946 1125 Par-entem
1963 1076 2226 1140 publicum]
2262 1076 2442 1128 Rudes
2474 1077 2689 1143 quidam

1621 1152 1841 1213 librarii,
1875 1155 1961 1218 qui
1996 1152 2216 1203 fortasse
2259 1154 2568 1217 ignorarunt
2596 1170 2689 1218 pa·

1623 1238 1820 1277 rentem
1844 1229 2101 1291 publicum
2126 1230 2229 1279 dici
2255 1237 2455 1294 patrem
2480 1234 2690 1294 patrioe,

1623 1307 1763 1354 varie
1808 1308 1976 1354 locum
2016 1306 2149 1355 linne
2184 1314 2551 1371 corruperunt.
2628 1309 2688 1357 1η

1621 1383 1801 1432 codice
1829 1384 2089 1432 Vaticano
2116 1388 2260 1434 1475.
2289 1400 2478 1435 nomen
2510 1402 2687 1450 paren·

1619 1467 1714 1509 tem
1751 1462 1903 1523 plane
1936 1462 2179 1511 omissum
2210 1469 2307 1510 est.
2374 1463 2553 1513 Codex
2583 1466 2687 1512 Ve-

1621 1547 1792 1599 netus,
1848 1546 1904 1588 et
1954 1554 2119 1601 meus,
2174 1539 2369 1588 liabent
2440 1548 2691 1603 parentum

1617 1613 1854 1678 publicum
1872 1630 2057 1665 munus.
2125 1616 2305 1665 Codex
2324 1617 2690 1681 Guelpherby·

1622 1699 1793 1752 tanus,
1840 1692 2058 1741 inversis
2098 1692 2255 1742 modo
2303 1694 2532 1756 vocibus,
2568 1694 2689 1757 pub·

1619 1769 1759 1817 licum
1779 1773 2025 1830 parentam
2052 1783 2237 1818 munus.
2303 1769 2517 1824 Verum,
2554 1770 2688 1819 bene

1621 1859 1675 1892 se
1698 1845 1853 1893 habet
1880 1846 2084 1906 vulgata
2109 1845 2283 1894 lectio.
2336 1845 2420 1893 Ita
2448 1847 2693 1896 nimirum

1618 1921 1870 1982 Trajanus
1916 1923 2073 1970 etiam
2122 1921 2275 1976 infra,
2318 1936 2497 1972 vatt.
2542 1927 2588 1970 1.
2631 1932 2697 1975 ει

1622 2010 1880 2046 Lxxxvn.
1911 2003 1955 2047 1.
1991 2014 2018 2046 a
2047 1998 2214 2047 Plinio
2238 1999 2428 2047 dicitur
2458 2004 2473 2028 ⁸
2501 2013 2695 2061 parens

1624 2073 1902 2135 publicus.'
1967 2075 2054 2124 Ita
2099 2083 2154 2123 et
2198 2075 2492 2138 Imperator
2533 2076 2695 2124 Clau-

1622 2149 1737 2199 dius
1763 2152 2020 2214 Caligula,
2046 2153 2094 2198 in
2120 2153 2337 2216 antiquo
2353 2159 2691 2201 senatuscon-

1621 2228 1779 2290 sulto,
1814 2227 1953 2277 facto
1992 2228 2057 2275 de
2098 2229 2351 2289 Pallante,
2388 2229 2589 2277 Claudii
2631 2230 2690 2278 li-

1623 2302 1793 2364 berto‚
1839 2304 1975 2365 apud
2027 2304 2162 2353 Plin.
2209 2305 2306 2368 Ep.
2355 2318 2480 2353 vni.
2513 2310 2562 2353 6.
2612 2308 2691 2352 10.

1622 2378 1793 2428 dictus
1829 2388 1910 2427 est
1945 2382 1958 2405 ⁴
1980 2379 2254 2441 Princeps.
2281 2380 2547 2444 Optimus.
2584 2381 2691 2432 Pa-

1625 2470 1864 2519 rensque.
1893 2455 2181 2504 Publicus!
2217 2456 2458 2506 δώωσι-2.

1664 2534 1861 2596 Detuo]
1886 2532 1930 2580 1.
1947 2548 1996 2581 e.
2018 2539 2187 2580 sumtu
2205 2539 2311 2588 tuo,
2331 2534 2563 2594 impensa
2579 2539 2692 2590 tna,

1622 2607 1688 2657 de
1712 2610 1813 2657 tuis
1841 2608 2201 2656 facultatibus.
2268 2608 2474 2656 Similes
2494 2606 2690 2658 formu-

1624 2688 1687 2734 lae
1725 2683 2027 2749 frequenter
2062 2691 2344 2734 occurrunt
2376 2685 2431 2734 in
2460 2686 2690 2750 antiquis

1624 2763 1972 2811 monimentis.
2039 2763 2143 2822 Ita,
2185 2778 2233 2810 v.
2265 2777 2316 2825 g.
2356 2761 2493 2825 apud
2528 2762 2689 2812 Grut.

1624 2854 1739 2902 pag.
1764 2852 1840 2887 vt.
1861 2842 1910 2886 6.
1935 2838 1999 2885 de
2028 2838 2103 2887 M.
2123 2838 2248 2902 Uip.
2278 2838 2530 2887 Muciano
2560 2839 2690 2900 legi·

1623 2931 1751 2975 mus,
1805 2928 2106 2965 Temnum.
2151 2928 2208 2964 Α.
2249 2929 2405 2965 sono.
2449 2929 2542 2964 nn.
2585 2929 2687 2965 svo

1624 3005 1714 3040 nx.
1744 3006 1903 3040 νοτο.
1926 3005 2102 3041 rectr-
2158 2992 2221 3040 In
2245 2993 2347 3040 alio
2366 2992 2688 3041 monimento

1622 3069 1834 3116 incisum
1860 3076 1959 3123 est,
1981 3080 2283 3116 Tamenvm.
2316 3080 2409 3116 nx.
2436 3081 2557 3115 svo.
2595 3081 2687 3117 rs·

1621 3157 1859 3193 cenvnr.
1930 3144 2084 3207 Apud
2120 3145 2341 3206 Terent.
2368 3143 2593 3206 Adelph.
2634 3159 2691 3195 v.

1620 3225 1667 3269 8.
1711 3225 1786 3270 17.
1816 3221 1947 3270 dicit
1988 3221 2167 3275 Micio,
2212 3221 2332 3270 ‘De
2371 3228 2422 3269 te
2451 3223 2689 3284 largitor,

1622 3297 1785 3362 puer.’
1832 3299 1933 3347 Ubi
1978 3298 2213 3347 Donatus
2245 3298 2476 3362 quidem,
2512 3298 2693 3348 ‘Acu-
2782 3331 2793 3356 ,Α

1621 3374 1758 3433 tins‚’
1792 3376 1975 3438 inquit,
1998 3376 2013 3402 ‘
2030 3376 2088 3423 de
2115 3379 2161 3424 te
2186 3375 2383 3424 dictum
2406 3384 2509 3435 est,
2532 3391 2686 3440 quam

1620 3454 1678 3500 de
1720 3458 1799 3500 tao
1814 3451 1851 3509 ;’
1895 3452 1985 3499 sed
2025 3466 2124 3500 uon
2158 3453 2407 3516 ostendit,
2429 3453 2687 3517 quodnam

1621 3530 1744 3578 illud
1766 3544 1981 3578 acumen
1999 3530 2086 3578 sit.
2136 3529 2358 3579 Plautus
2381 3530 2691 3581 Meneclun.

1621 3621 1709 3655 ut.
1733 3610 1779 3654 3.
1800 3611 1880 3655 21.
1898 3607 1913 3633 ‘
1935 3608 2018 3655 Da
2037 3605 2188 3655 sodes
2212 3607 2307 3654 abs
2330 3613 2416 3664 te;
2452 3616 2569 3670 post
2584 3622 2687 3671 ego

1623 3684 1899 3733 reddidero
1917 3682 2048 3732 ubi!
2075 3684 2158 3732 Illi
2175 3682 2430 3745 forntulae,
2445 3695 2458 3714 ⁸
2474 3684 2540 3733 de
2561 3686 2693 3742 tuo,'

1620 3761 1904 3824 opponitur
1924 3761 1938 3788 ‘
1961 3758 2025 3807 de
2048 3759 2256 3808 alieno.’
2285 3759 2479 3810 Justin.
2505 3773 2691 3810 xxxv.

1623 3842 1672 3887 3.
1711 3847 1724 3866 ·
1747 3838 1920 3886 Facile
1964 3847 2087 3885 tnnc
2131 3837 2379 3887 Romanis
2413 3836 2481 3888 de
2516 3838 2689 3890 alieno

1622 3911 1991 3977 largientibus.'
2016 3914 2165 3964 Idem.

1709 3991 2063 4053 Alimentisqne
2081 3991 2204 4056 tais]
2231 3992 2246 4018 ‘
2269 3990 2687 4043 Frumentariam

1624 4066 2048 4133 perceptionem’
2082 4067 2191 4120 Jnt.
2226 4069 2557 4133 Capitolinus
2593 4084 2687 4134 ap·

1626 4148 1788 4211 pellat
1820 4147 2004 4195 Marco
2029 4145 2293 4196 Antonino
2328 4146 2646 4211 philosopho
2671 4165 2690 4209 ;

1624 4223 1979 4272 ‘alimentaria
2013 4221 2359 4285 compendia:
2388 4223 2691 4276 Pertinace.

1626 4300 1793 4350 Porro
1835 4300 2103 4363 pertinent
2144 4299 2241 4350 hue
2286 4298 2500 4364 Trajani
2544 4302 2690 4356 numi
