3060 4902
568 314 700 381 930

569 480 655 523 tur
689 470 828 522 Plin.
865 470 1036 535 Epist.
1059 484 1144 521 ur.
1164 475 1246 522 20.
1268 479 1325 521 et
1347 471 1410 520 de
1435 469 1624 536 quibus

566 563 668 599 non
690 548 815 597 nihil
831 549 1098 598 annotavit
1113 549 1322 598 Cortins
1339 547 1404 597 ad
1421 549 1637 599 Sallust.

566 626 691 688 Jug.
709 640 755 674 c.
778 629 860 674 6⁵.
901 624 1096 689 Utique
1127 625 1293 675 multo
1316 624 1634 688 probabilius

567 709 664 759 est,
689 701 1109 763 candidatorum,
1132 716 1286 766 qnam
1325 699 1635 763 suffragato·

566 792 701 842 rum,
738 779 946 827 nomina
981 779 1165 841 plausu
1204 785 1261 826 et
1296 777 1445 826 laude
1476 776 1634 827 fuisse

568 860 794 918 excepta
841 868 872 902 a
913 853 1258 908 senatoribus,
1313 853 1450 916 apud
1503 868 1634 919 quos

567 945 697 980 unos
732 938 856 979 tunc
894 927 1210 993 suffragandi
1241 929 1330 992 jus
1354 928 1633 994 superfuit.

568 1009 710 1070 Ergo
733 1015 788 1064 et
817 1006 1192 1057 restituendum
1216 1015 1299 1056 est
1325 1006 1633 1058 vocabulum

563 1086 940 1147 candidatorum,
953 1091 1137 1147 utpote
1150 1083 1215 1132 ad
1231 1098 1378 1147 qnos,
1393 1098 1492 1134 non
1507 1099 1633 1134 vero

565 1160 631 1207 ad
654 1157 1042 1221 suffragatores,
1066 1159 1330 1222 pertinent
1365 1161 1634 1224 sequentia

566 1234 747 1285 verba.
813 1236 950 1285 Sane
978 1236 1115 1284 enim
1140 1249 1242 1285 non
1280 1234 1634 1297 suffragatori-

565 1313 679 1373 bus,
708 1310 799 1361 sed
838 1310 1150 1372 candidatis,
1171 1312 1308 1375 apud
1348 1313 1632 1376 principem

568 1388 942 1452 perhibebatur
987 1388 1359 1439 testimonium.
1443 1388 1635 1440 Candi-

564 1465 673 1514 dati
721 1473 999 1528 praeterea,
1041 1470 1179 1515 teste
1211 1464 1416 1516 Seneca
1458 1466 1634 1529 Epist.

563 1557 656 1594 ln.
676 1559 777 1594 non
815 1544 1178 1610 suffragatores,
1211 1544 1368 1593 solita
1402 1546 1633 1608 appella·

564 1623 706 1672 tione
743 1628 867 1671 tunc
905 1620 1227 1671 vocabantur
1263 1620 1360 1669 viri
1397 1619 1540 1685 boni,
1576 1626 1633 1671 et

561 1697 658 1746 viri
683 1698 885 1761 optimi.
923 1696 1120 1746 Adhoec
1136 1696 1512 1760 candidatorum,
1528 1711 1631 1747 non

559 1773 954 1838 suffragatorum,
984 1773 1091 1822 vita
1130 1772 1566 1835 comprobabatur
1599 1788 1631 1823 a

562 1852 816 1911 principe.
849 1851 1014 1899 Recte
1027 1865 1152 1913 ergo
1166 1849 1378 1911 scripsit
1395 1848 1630 1911 Lipsius:

561 1925 672 1988 Ipsi
693 1923 1066 1987 suffragatores
1095 1924 1374 1973 honorifice
1398 1925 1633 1988 excipie-

559 2002 687 2052 bant
725 2004 932 2053 nomina
967 2002 1387 2062 candidatorum,
1423 2003 1506 2064 qni
1539 2017 1630 2052 no·

561 2078 699 2127 mine
717 2085 771 2128 et
792 2079 974 2128 ordine
989 2077 1312 2129 citabantur.
1370 2078 1628 2142 Princeps

561 2155 725 2219 igitur
749 2157 859 2220 ipse
896 2156 1023 2205 mira
1047 2156 1295 2206 comitate
1331 2170 1436 2206 non
1462 2157 1629 2206 solnm

562 2232 877 2295 designabat
902 2232 1220 2288 candidatos,
1245 2230 1336 2281 sed
1361 2231 1511 2281 simul
1529 2235 1627 2281 eti-

563 2323 644 2357 am
662 2308 804 2373 quasi
822 2311 955 2358 inter
968 2305 1318 2371 suffragantes
1333 2307 1624 2357 laudantes·

562 2400 665 2450 que
686 2395 822 2447 erat,
840 2394 894 2435 et
924 2386 1059 2435 haud
1085 2400 1235 2435 secus
1257 2400 1317 2434 ac
1337 2393 1628 2442 senatores,

563 2476 824 2510 assensum
857 2476 1000 2509 sunm
1036 2459 1360 2510 declarabat.
1427 2461 1627 2512 Quodsi

561 2538 720 2600 igitur
738 2538 814 2584 liae
833 2536 948 2585 duae
969 2550 1140 2591 voces,
1157 2536 1503 2599 suffragatores
1514 2554 1626 2588 can·

560 2614 845 2667 dictatorum,
873 2625 988 2659 cum
1026 2621 1279 2674 sequente
1305 2614 1462 2662 verbo
1499 2615 1627 2663 exci-

557 2693 723 2750 perent
749 2686 1110 2747 restituantur,
1132 2688 1301 2736 omnia
1323 2689 1506 2738 melius
1530 2687 1626 2738 flu·

560 2771 673 2825 unt,
704 2769 760 2812 et
784 2777 900 2811 cum
937 2770 1188 2811 contextu
1216 2763 1412 2825 pariter
1434 2765 1626 2814 oratio-

559 2841 658 2901 nis,
691 2854 752 2890 ac
777 2855 832 2890 re
864 2840 994 2904 ipsa,
1017 2839 1348 2891 conveniunt.
1412 2842 1626 2904 Magna,

560 2914 746 2973 fateor,
773 2916 990 2965 audacia
1014 2923 1112 2976 est,
1153 2915 1204 2963 in
1242 2915 1467 2980 antiquis
1503 2931 1626 2966 auc-

562 2994 762 3043 toribus
787 2994 902 3043 loca
940 3000 1188 3056 corrupta
1225 2992 1336 3041 sine
1374 3007 1628 3043 consensu

560 3068 797 3120 codicum
847 3077 1082 3120 veterum
1138 3069 1402 3133 corrigere
1456 3071 1623 3120 velie:

558 3148 856 3212 hujusmodi
904 3155 1077 3198 tamen
1120 3146 1356 3196 audaciai
1396 3148 1627 3212 culpam,

560 3240 711 3289 quam
755 3239 856 3274 non
902 3238 1081 3288 parum
1132 3237 1333 3285 vereor,
1370 3222 1628 3274 diminuet

556 3301 672 3363 ipsa
697 3300 924 3349 melioris
943 3300 1217 3350 sententiae
1241 3300 1625 3351 constituenda

559 3376 859 3433 necessitas,
885 3383 939 3425 et
963 3378 1188 3439 vestigia
1214 3376 1452 3439 quaedam
1478 3390 1627 3427 occa·

558 3451 735 3514 sionis,
760 3454 897 3500 unde
911 3451 1022 3515 jam
1047 3453 1168 3501 olim
1202 3467 1345 3501 error
1365 3460 1510 3503 ortus
1545 3460 1626 3504 tot

556 3525 720 3575 libros
749 3528 1154 3577 commacularit.
1223 3529 1307 3578 Ab
1343 3529 1407 3580 iis
1447 3539 1626 3581 autem

556 3603 841 3653 faciliorem
867 3603 1071 3653 veniam
1094 3605 1218 3654 mihi
1247 3607 1517 3669 polliceor,
1537 3607 1626 3673 qni

558 3688 613 3731 et
655 3679 804 3744 hujus
848 3679 945 3728 loci
987 3682 1360 3743 corruptelam,
1405 3682 1626 3747 ejusque

558 3757 886 3807 verisimilem
923 3755 1266 3810 occasionem,
1307 3764 1362 3806 et
1395 3760 1626 3810 rationes

558 3834 810 3885 adversus
846 3832 1108 3896 vulgatam
1150 3831 1431 3883 lectionem
1473 3849 1505 3883 a
1540 3849 1626 3886 me

559 3910 763 3965 allatas,
789 3923 891 3958 non
916 3906 1294 3972 superficiario,
1319 3909 1409 3959 sed
1436 3918 1626 3962 exacto

560 3986 759 4047 studio,
821 3985 1196 4050 perlustrarint
1250 3987 1630 4051 expenderint·

559 4076 677 4123 que.
720 4062 805 4111 Ne
829 4062 945 4127 quis
964 4074 1086 4111 vero
1110 4061 1344 4119 miretur,
1367 4063 1626 4127 quomodo

556 4135 671 4185 fieri
702 4139 936 4201 potuerit
970 4145 1030 4188 ut
1065 4138 1334 4202 negligens
1352 4139 1437 4190 vel
1461 4140 1627 4203 impe-

558 4211 689 4261 ritus
710 4214 968 4277 librarius,
983 4229 1098 4265 cum
1124 4215 1291 4265 minus
1323 4216 1627 4266 attenderet

559 4287 848 4353 dictitanti,
883 4304 1103 4355 cumque
1125 4290 1264 4345 forte
1288 4306 1392 4343 non
1418 4306 1623 4359 eaque

1260 329 1303 377 N
1316 328 1478 379 OTAE
1525 327 1939 378 VARtoRuM
1991 328 2073 378 m

1711 470 1936 534 audiret,
1973 470 2066 521 sed
2107 485 2224 536 qnoe
2260 472 2543 538 cogitaret,
2581 474 2787 526 scribe·

1711 554 1813 609 ret,
1836 545 2137 597 confuderit
2159 547 2290 597 duas
2313 564 2467 599 voces
2505 551 2558 600 in
2591 566 2786 615 nnam;

1709 621 1803 683 ita,
1824 630 1879 672 ut
1904 623 2062 687 priori
2090 624 2451 677 tantummodo
2484 628 2779 679 ter-inati-

1710 714 1859 749 onem
1914 700 2219 764 posterioris
2267 701 2614 765 appinxerit3
2659 705 2778 768 ejas

1710 778 1786 827 rei
1808 778 1950 827 varia
1973 778 2210 841 exempla
2231 779 2306 828 sic
2345 793 2402 829 se
2438 781 2699 833 invenisse
2724 784 2775 832 ‘n

1709 854 1936 918 antiquis
1959 853 2247 918 codicibus,
2261 857 2775 922 testatarScioppius

1709 930 1763 980 in
1803 929 1938 979 Arte
1975 931 2209 991 critic-3
2245 945 2295 980 v.
2315 945 2366 995 g.
2410 932 2551 994 apud
2593 933 2775 985 Plant-

1709 1009 1916 1059 Cistell.
1944 1008 2123 1058 ‘Nihil
2160 1023 2335 1057 amare
2368 1010 2613 1074 injurium
2639 1019 2721 1062 est
2739 1011 2777 1064 ε’

1709 1084 1797 1135 ubi
1832 1087 1847 1114 ‘
1873 1083 2080 1134 amare’
2114 1085 2369 1149 scriptum
2410 1094 2512 1148 est,
2561 1101 2660 1149 pro
2704 1088 2721 1117 ‘
2742 1102 2776 1137 a

1709 1158 1915 1209 matre.'
1972 1159 2036 1208 In
2059 1160 2254 1218 Milite,
2280 1169 2294 1192 ⁸
2313 1161 2393 1210 Aa
2414 1161 2651 1212 hariatns
2682 1178 2774 1214 ne·

1709 1237 1810 1287 scis
1824 1236 1861 1285 Ρ
1883 1251 1999 1301 pro,
2018 1237 2035 1266 ‘
2053 1236 2136 1287 An
2161 1237 2267 1287 lieri
2293 1245 2439 1287 artus
2452 1240 2625 1289 nescia
2637 1238 2676 1288 ἓ*
2709 1241 2773 1290 Ῑιι

1709 1315 1961 1365 Bacchid.
1997 1315 2251 1377 ‘praecoz'
2294 1316 2330 1365 i.
2366 1329 2415 1364 e.
2443 1317 2577 1380 ‘pro
2591 1317 2774 1383 equo)

1709 1390 1772 1440 In
1795 1390 1953 1454 Epid.
1987 1390 2004 1419 ⁸
2026 1391 2264 1441 Facitote
2298 1393 2489 1456 platena
2526 1392 2775 1456 pateant:

1708 1466 1742 1514 i.
1761 1482 1810 1516 e.
1848 1471 1863 1496 ‘
1885 1467 2089 1527 Facite,
2128 1474 2255 1518 tuto
2293 1467 2484 1530 platee
2522 1467 2771 1530 pateant-¹

1708 1543 1774 1593 In
1825 1543 2155 1608 Symmacho,
2223 1544 2241 1572 ⁸
2271 1543 2630 1600 crediderit,'
2677 1558 2777 1609 pro

1707 1622 1724 1650 ‘
1744 1619 1975 1682 credidi3
1999 1619 2136 1670 erit.’
2204 1620 2268 1669 In
2294 1620 2604 1677 Petronio,‘
2624 1622 2772 1672 labra

1706 1694 2051 1759 humerosque
2065 1695 2409 1759 sopitionibus
2429 1696 2641 1760 pinxit:
2666 1698 2703 1748 i.
2726 1713 2778 1748 a·

1705 1773 1887 1822 ‘labra
1918 1774 2261 1838 humerosque
2293 1773 2452 1837 sopiti
2497 1774 2775 1825 titio-ihm

1707 1848 1917 1913 pinxit!
1983 1850 2146 1913 Alibi,
2189 1852 2206 1878 ⁴
2241 1849 2469 1900 Occasio
2506 1853 2778 1915 numero,’

1706 1941 1820 1989 pro,
1842 1927 1858 1955 ⁸
1878 1927 2203 1977 occasionum
2227 1924 2386 1976 vero!
2451 1928 2467 1955 ‘
2483 1926 2773 1993 Prosus-p·

1705 2002 1872 2066 serit‚'
1908 2003 1942 2052 i.
1965 2017 2014 2053 e.
2039 2006 2055 2032 ⁸
2076 2003 2343 2067 proprium
2362 2003 2650 2067 sumserit,’
2670 2007 2775 2054 &c-

1705 2077 1867 2127 Vides
1892 2092 2039 2142 ergo,
2052 2079 2266 2129 similem
2282 2080 2601 2143 corruptele
2619 2094 2770 2131 occa·

1700 2152 1895 2203 sionem
1920 2155 2075 2203 etiam
2102 2154 2218 2204 huic
2235 2156 2352 2204 loco
2371 2155 2618 2205 Pliniano
2636 2157 2774 2207 acei-

1703 2227 1831 2278 dero
1867 2230 2117 2292 potuisse.
2187 2231 2475 2295 Postquam
2513 2245 2644 2282 vero
2677 2248 2771 2297 prs

1703 2304 1902 2356 duabus
1927 2306 2159 2368 vocibus,
2177 2306 2528 2372 suffragatores
2543 2310 2771 2360 candida·

1702 2386 1876 2440 torum,
1893 2397 1994 2432 una
2017 2383 2509 2448 voxmffiogatom.
2525 2386 2777 2437 mendose

1702 2457 1806 2509 fnit
1829 2460 2073 2524 reposita,
2096 2459 2395 2511 facillimum
2420 2460 2520 2512 fnit
2538 2468 2597 2511 nt
2612 2463 2773 2514 etiam

1704 2536 1917 2586 verbnm
1939 2538 2212 2601 exciperent
2236 2539 2289 2588 in
2310 2539 2649 2602 excipere-sar
2664 2554 2775 2590 ma-

1703 2613 1803 2663 tari
1844 2614 2094 2678 coeperit‚
2138 2620 2195 2663 ut
2234 2628 2351 2664 eum
2399 2614 2615 2664 nemine
2656 2615 2769 2679 ja-

1701 2698 1948 2753 corrupto
1992 2692 2153 2754 magis
2189 2690 2513 2741 conveniret.
2580 2690 2771 2741 Posset

1700 2764 1906 2828 quidem
1954 2765 2170 2827 verbum
2206 2764 2463 2829 passivum
2494 2766 2767 2829 ela-cipue·-

1700 2845 1782 2889 ειη·
1819 2841 2054 2905 retineri,
2095 2843 2138 2892 si
2192 2850 2378 2891 nomen
2419 2841 2769 2906 suffragatores

1701 2915 2069 2977 omitteretnr3
2104 2916 2196 2966 sed
2222 2931 2342 2967 cum
2377 2918 2480 2967 hoc
2517 2918 2572 2968 in
2604 2918 2768 2968 orani·

1698 2990 1794 3040 bns
1817 2991 1967 3042 libris
1998 2993 2273 3057 habeatnr,
2291 2993 2529 3059 quamvis
2553 3008 2660 3044 non
2678 2993 2768 3044 de·

1698 3068 1809 3118 bito
1844 3083 1965 3120 casn
2003 3070 2249 3134 positum,
2287 3071 2341 3120 id
2376 3072 2590 3135 penitus
2634 3070 2766 3136 abji-

1700 3159 1826 3195 cere
1848 3160 1949 3196 non
1976 3147 2165 3199 audeo.
2199 3148 2353 3197 Iden.
2715 3156 2719 3160 ’

1763 3221 2151 3289 Suffragatores]
2186 3223 2601 3290 Snfflogctomn.
2649 3222 2768 3274 Ηοο

1700 3296 1923 3362 intelligi
1957 3307 2134 3363 potest
2167 3314 2232 3349 ex
2271 3299 2505 3364 ejusdem
2536 3297 2678 3348 Plin.
2699 3300 2766 3350 E-

1701 3374 1823 3437 pist.
1844 3388 1932 3425 m.
1949 3380 2033 3426 20.
2057 3375 2146 3426 nbi
2169 3375 2428 3426 rationem
2450 3374 2586 3426 hanc
2608 3376 2769 3426 coasi-

1703 3451 1878 3502 tialem
1902 3452 1976 3502 ita
2000 3454 2235 3518 explicat
2260 3469 2275 3502 ι
2310 3459 2327 3483 ⁴
2347 3452 2527 3501 Citato
2561 3452 2770 3503 nomine

1698 3527 1995 3590 candidati3
2032 3528 2296 3578 silentium
2330 3540 2606 3590 summum,
2627 3528 2767 3578 die·-

1699 3603 1790 3655 hat
1814 3605 1930 3668 ipse
1966 3619 2062 3668 pro
2083 3618 2161 3665 se,
2185 3606 2349 3654 vitam
2368 3619 2512 3653 suam
2535 3604 2769 3670 explica?

1700 3682 1814 3743 bat,
1838 3688 1915 3731 tes
1924 3687 2003 3731 tes
2024 3687 2080 3730 et
2103 3680 2399 3730 laudatores
2413 3678 2595 3729 dabat.
2660 3679 2768 3731 Ad-

1699 3756 1860 3807 debat
1899 3756 2150 3821 quosdam
2190 3770 2256 3806 ex
2297 3753 2763 3820 suffragatoribus:

1699 3834 1774 3884 illi
1812 3835 2047 3899 graviter
2079 3842 2135 3884 et
2181 3833 2363 3898 pascis
2404 3833 2765 3896 loqueba-tar.

1697 3910 1828 3961 Plus
1840 3910 1940 3959 hoc
1954 3923 2111 3973 qnam
2129 3922 2316 3973 preces
2333 3906 2623 3970 proderat'
2656 3908 2765 3958 Ita-

1699 4001 1804 4052 que
1846 3983 2217 4051 suffragatores
2255 3983 2561 4049 prodibant,
2601 3992 2657 4035 et
2689 3985 2763 4034 lo·

1699 4063 2020 4128 quehantnrz
2058 4069 2384 4128 apparetque
2418 4076 2538 4112 cnm
2585 4063 2766 4126 plausu

1697 4147 1755 4190 et
1776 4138 1954 4190 favore
1968 4139 2201 4206 (nt-tunc
2214 4152 2384 4189 mores
2404 4137 2469 4186 ad
2494 4137 2765 4188 levitatem

1700 4216 1780 4265 vel
1818 4215 2168 4266 adulationem
2205 4213 2556 4279 inclinabant)
2577 4228 2769 4279 excep·⁸

1701 4300 1827 4344 tos..
1869 4289 2133 4358 Apparet,
2175 4290 2407 4356 inquam,
2444 4297 2504 4340 ut
2532 4291 2648 4342 hec
2683 4295 2762 4341 ast
