3060 4902
545 361 678 429 754

547 519 783 587 proxime
798 528 1316 578 commemoraverat,
1328 535 1478 586 quam
1495 535 1616 585 par-

1244 378 1462 429 ⁸0⁹1·AE
1516 378 1925 429 vammum
1979 379 2061 428 IN

1690 528 1808 572 rent
1861 521 2209 586 angustiores.
2275 519 2429 572 Inter
2479 520 2760 589 Romanoa,

548 612 640 648 cus
663 597 917 660 Trajauus
940 597 1185 662 privatim
1207 597 1260 646 iu
1283 597 1614 655 aedificaudo,
1680 599 1791 663 jam
1814 600 1957 652 Jniio
1983 599 2201 664 Cauri,
2234 608 2433 662 prater
2469 600 2573 650 alia
2606 602 2757 665 insig-

548 675 764 736 diiigeus
801 674 852 723 in
895 674 1106 730 tuendo.
1138 681 1192 724 at
1227 673 1530 737 magnificus
1562 675 1616 723 in

550 750 817 813 publicum
854 749 1050 810 fuerit3
1084 764 1243 808 nunc,
1290 758 1347 800 ut
1391 750 1457 800 ud
1494 751 1618 801 alias

550 826 716 875 laudis
753 835 928 888 partes
964 826 1347 890 progrediatur,
1387 842 1481 890 per
1518 828 1618 877 hoc

551 910 713 966 caput
738 904 966 967 eleganti
994 904 1304 954 transitione
1327 905 1393 953 de
1415 904 1618 954 honori·

550 979 645 1029 bus
681 979 942 1044 titulisque
980 981 1162 1038 utitur,
1202 995 1330 1044 quos
1369 981 1490 1030 inde
1513 995 1619 1030 me·

551 1056 717 1107 ruerit
751 1057 1125 1122 admiseritque
1160 1059 1435 1121 Trajanus,
1464 1073 1620 1123 quos·

552 1147 653 1197 que
676 1133 764 1183 alii
797 1133 918 1182 olim
954 1133 1064 1182 sine
1100 1133 1398 1197 hujusmodi
1420 1135 1619 1185 meritis

551 1211 899 1274 recepissent.
966 1210 1097 1259 Fere
1131 1211 1284 1259 simili
1312 1212 1620 1261 transitione

553 1303 673 1337 usus
716 1296 799 1336 est
843 1302 1000 1350 supra
1044 1300 1165 1338 xxt.
1205 1292 1252 1336 1.
1285 1288 1507 1338 ‘Nonne
1542 1289 1620 1338 his

553 1370 635 1413 tot
668 1364 935 1427 tantisque
974 1364 1173 1413 meritis
1217 1378 1377 1414 novos
1419 1364 1618 1430 aliquos

553 1444 800 1502 honores,
852 1455 1014 1491 novos
1052 1442 1249 1500 titulos,
1297 1441 1622 1492 merebar-e?

555 1519 808 1569 Schmun.

620 1597 882 1645 Rudinum
919 1595 1086 1660 caput]
1122 1594 1168 1643 1.
1193 1609 1239 1644 e.
1278 1601 1437 1658 caput
1473 1594 1622 1659 qnasi

554 1672 714 1721 radiis
756 1672 1009 1722 solaribus
1055 1672 1322 1732 cinctum;
1377 1672 1622 1736 quemad·

553 1751 759 1798 modum
804 1749 1078 1812 Apollinis,
1119 1749 1230 1798 sive
1268 1749 1422 1810 Solis,
1462 1755 1623 1813 caput

555 1826 921 1889 repraesentari
951 1825 1162 1874 solitum
1194 1833 1275 1874 est
1307 1825 1357 1874 in
1394 1825 1623 1889 antiquis

554 1901 773 1949 nummis
811 1901 1026 1965 aliisque
1067 1902 1420 1950 monimentis.
1505 1903 1626 1954 Qua

555 1976 622 2027 de
646 1992 703 2026 re
731 1977 848 2025 vide
889 1975 1037 2026 Hier.
1064 1976 1347 2027 Alexandri
1379 1979 1624 2040 Explica-

554 2054 752 2102 tiouem
784 2052 1000 2103 Tabula
1041 2053 1291 2103 Heliacae.
1360 2055 1503 2104 Nihil
1538 2070 1627 2105 au·

557 2141 662 2181 tem
700 2131 837 2180 aliud
874 2130 1111 2180 ‘radius’
1143 2139 1242 2195 est,
1264 2146 1418 2195 quam
1458 2133 1627 2195 imago

555 2208 705 2267 lucis,
744 2222 835 2258 seu
875 2208 1080 2272 species
1118 2223 1150 2257 a
1190 2223 1412 2271 corpore
1457 2210 1628 2258 incido

557 2285 833 2348 producta.
887 2283 969 2334 Ad
990 2298 1116 2350 quos
1141 2284 1313 2333 radios
1336 2286 1625 2348 exprimen-

559 2363 651 2412 dos
675 2362 839 2412 veluti
858 2361 1074 2424 'spicula
1109 2360 1407 2409 emicabant
1438 2375 1504 2409 ex
1540 2375 1629 2410 au·

559 2455 651 2490 rea
686 2439 896 2502 lamina,
921 2454 1036 2503 quse
1075 2438 1242 2488 instar
1276 2437 1451 2489 fasciae
1488 2454 1627 2489 com·

559 2517 890 2581 plectebatur
914 2517 1089 2576 capita
1129 2517 1360 2564 Deorum
1399 2524 1454 2565 et
1489 2516 1628 2577 prin·

557 2595 750 2655 cipum.
819 2592 889 2640 Et
924 2591 1184 2652 sigillatim
1223 2604 1432 2639 coronoe
1471 2591 1629 2640 solari

559 2668 833 2718 duodecim
893 2665 1260 2715 tribuebantur
1315 2665 1476 2725 radii3
1528 2681 1630 2730 quo

559 2759 773 2795 numero
818 2757 1021 2792 meuses
1065 2741 1342 2791 duodecim
1383 2742 1628 2806 designa·

559 2821 767 2882 bantur,
811 2820 994 2883 quibus
1037 2834 1236 2869 annuus
1284 2820 1408 2868 solis
1450 2834 1631 2869 cursus

561 2896 847 2961 perficitur.
931 2895 1068 2944 Hinc
1116 2894 1305 2959 Vir-gii.
1353 2895 1463 2946 AEn.
1521 2909 1629 2948 ιιι.

560 2978 675 3024 lut.
697 2987 842 3038 seqq.
867 2971 932 3022 de
957 2972 1145 3021 Latino
1169 2986 1293 3034 rege
1318 2971 1566 3034 originem
1601 2987 1631 3022 a

558 3051 680 3103 Sole
703 3051 947 3109 ducente,
970 3049 1182 3112 cecinit,
1217 3050 1232 3075 ‘
1252 3048 1463 3112 Ingenti
1489 3050 1626 3098 mole

561 3128 778 3177 Latinus
831 3126 1158 3190 Quadrijugo
1205 3126 1411 3175 vehitur
1451 3141 1630 3191 curru,

561 3204 643 3253 cui
684 3209 921 3266 tempora
959 3201 1155 3251 circuni
1197 3201 1382 3252 Aurati
1424 3202 1502 3251 bis
1538 3217 1628 3253 sex

561 3279 691 3328 radii
713 3278 968 3343 fulgentia
992 3280 1226 3342 cingunt.
1250 3280 1385 3329 Solis
1406 3280 1490 3330 avi
1513 3294 1630 3344 spe-

562 3354 766 3406 timeo:
823 3354 979 3405 Haud
1010 3364 1181 3405 tamen
1209 3371 1417 3420 semper
1440 3356 1523 3406 hic
1550 3372 1631 3406 ra·

563 3432 764 3482 diorum
812 3447 1054 3482 numerus
1099 3435 1151 3482 in
1200 3436 1420 3482 vetustis
1466 3435 1631 3482 moni·

562 3509 748 3557 mentis
775 3510 1102 3558 observatur.
1172 3509 1356 3573 Neque
1380 3524 1502 3558 vero
1521 3511 1633 3560 Soli

564 3589 783 3641 tantum,
807 3583 899 3632 sed
934 3592 988 3633 et
1027 3584 1311 3633 identidem
1351 3585 1465 3634 aliis
1498 3586 1632 3644 Diis,

563 3661 716 3709 immo
739 3667 810 3716 et.
844 3661 1071 3709 Deorum
1113 3659 1421 3717 imitatione.
1448 3662 1632 3723 priscis

564 3737 795 3801 regibus,
822 3736 947 3785 item
983 3743 1041 3785 et
1077 3736 1405 3799 principibus
1442 3737 1634 3788 Roma-

563 3816 665 3879 nis,
684 3814 871 3881 quibus
909 3812 1237 3863 tribuebatur
1261 3814 1530 3876 divinitas,
1553 3830 1635 3865 ra-

562 3892 764 3942 diorum
787 3905 997 3947 corona,
1015 3904 1111 3941 ceu
1144 3889 1349 3954 fulgens
1374 3893 1635 3955 quoddam

565 3970 756 4027 lumen.
807 3966 916 4018 dari
973 3968 1292 4032 appingique
1348 3969 1639 4019 consuevit.

565 4046 640 4096 Hi
684 4044 839 4102 enirn,
872 4058 989 4094 cum
1036 4059 1137 4093 non
1178 4052 1395 4109 possent
1433 4046 1636 4096 coeiesti

565 4122 680 4171 lnce
703 4135 760 4171 se
784 4120 1052 4184 insignire,
1075 4120 1427 4184 insigniebaut
1461 4130 1637 4171 tamen

564 4204 723 4260 caput
747 4212 893 4248 suum
917 4197 1139 4262 quodam
1171 4198 1282 4261 ejus
1317 4196 1445 4248 lucis
1480 4198 1638 4247 simu·

560 4279 723 4330 lacre,
748 4280 804 4325 et
826 4271 999 4338 effigie
1023 4275 1306 4340 redieram,
1325 4282 1384 4325 ut
1406 4289 1463 4325 se
1493 4273 1635 4327 face·

1691 677 1797 738 nia,
1827 678 1980 726 etism
2019 676 2152 726 ltnnc
2183 677 2428 727 honorem
2453 675 2642 727 tribuit
2670 692 2759 742 po-

1692 753 1861 815 pulus,
1883 760 2019 801 teste
2044 753 2199 801 Floro
2229 766 2306 802 lv.
2335 757 2384 802 2.
2415 752 2434 781 ‘
2452 752 2604 802 Circa
2628 760 2761 803 tem·

1694 830 1782 893 pla
1807 830 2075 893 imagines,
2097 830 2148 880 in
2174 830 2381 880 theatro
2400 830 2654 881 distincta
2679 845 2760 880 ra·

1692 906 1793 955 diis
1816 920 2025 969 corona,
2050 914 2324 970 suggestus
2348 907 2401 955 in
2428 908 2591 963 curia,
2612 906 2764 957 fasti·

1694 982 1832 1045 gium
1857 983 1908 1032 in
1932 982 2103 1044 domo,
2124 983 2314 1031 mensis
2338 982 2392 1032 in
2413 982 2585 1033 colo!
2634 984 2763 1034 Sne·

1692 1066 1804 1108 ton.
1832 1058 1966 1122 Aug.
1997 1072 2114 1124 cap.
2136 1064 2219 1110 94.
2257 1057 2441 1117 refert,
2466 1060 2764 1123 Octavium,

1693 1144 1896 1200 patrem
1944 1135 2187 1201 Augusti,
2227 1138 2531 1200 somniasse,
2568 1135 2764 1187 ‘filium

1693 1212 1901 1261 mortali
1936 1213 2114 1277 specie
2148 1213 2467 1277 ampliorem,
2504 1227 2625 1262 cum
2662 1211 2764 1262 fui-

1692 1290 1830 1340 mine
1848 1298 1904 1339 et
1921 1297 2146 1353 sceptro,
2165 1290 2466 1354 exuviisque
2478 1288 2634 1340 Joris
2655 1298 2770 1352 opt.

1692 1380 1827 1415 max.
1850 1381 1912 1416 ae
1933 1367 2139 1416 radiata
2159 1381 2369 1431 corona,
2387 1381 2545 1431 super
2563 1367 2768 1417 laurea·

1694 1451 1799 1493 tutu
1825 1457 2031 1493 currum
2072 1444 2149 1493 bis
2183 1445 2324 1494 senis
2355 1445 2501 1508 equis
2537 1442 2767 1494 candore

1693 1518 1882 1568 eximio
1908 1520 2271 1570 trahentibus)
2340 1521 2606 1584 Augustus
2623 1532 2769 1582 vero,

1693 1596 1830 1660 qnod
1853 1594 2070 1645 Tacitus
2103 1604 2349 1654 testatur.
2374 1596 2507 1646 Anu.
2536 1609 2577 1645 t.
2604 1599 2687 1646 lo.
2709 1610 2765 1646 se

1696 1673 1904 1736 templis
1937 1680 1992 1723 et
2026 1671 2196 1737 effigie
2230 1677 2496 1723 numinum
2540 1687 2640 1737 per
2675 1671 2767 1724 fla·

1695 1749 1861 1798 mines
1884 1756 1938 1798 et
1964 1749 2259 1799 sacerdotes
2282 1751 2417 1801 colui
2444 1751 2627 1800 voluit.
2658 1752 2770 1801 Sic·

1698 1825 1775 1873 uti
1813 1838 1935 1873 vero
1969 1840 2160 1877 corona
2196 1826 2398 1876 radiata
2428 1827 2481 1876 in
2527 1827 2769 1891 Augusto

1699 1899 1803 1950 fuit
1837 1902 2239 1952 consecrationis
2277 1917 2338 1952 ac
2372 1902 2666 1953 divinitatis
2690 1905 2770 1954 in·

1699 1977 1888 2026 dicium
1916 1993 1931 2038 ς
1995 1979 2066 2027 ita
2117 1978 2384 2042 deinceps,
2440 1979 2768 2043 procedente

1701 2061 1955 2116 tempore,
2002 2053 2054 2102 in
2100 2053 2309 2117 reliquis
2363 2055 2769 2117 imperatoribus

1699 2143 1974 2179 commune
2012 2130 2293 2192 imperialis
2326 2128 2519 2194 fastigii
2552 2132 2772 2196 regalis-

1699 2219 1801 2271 que
1845 2205 2113 2268 dignitatis
2165 2214 2528 2257 ornamentum
2585 2208 2775 2273 evasit,

1700 2282 1986 2347 eademque
2025 2291 2240 2333 ornatus
2287 2283 2434 2333 Nero
2477 2285 2674 2347 primus
2716 2285 2773 2335 in

1702 2359 1906 2407 Latinis
1950 2359 2168 2407 nummis
2208 2359 2355 2409 vivus
2397 2359 2645 2416 occurrit,
2682 2361 2774 2412 ol»-

1703 2444 1943 2485 servaute
1981 2435 2068 2488 Jo.
2096 2435 2360 2500 Viguoiio,
2396 2435 2447 2485 in
2487 2436 2774 2488 Dissertat-

1704 2513 1772 2561 de
1807 2515 2047 2562 columna
2087 2514 2334 2563 Antonini
2375 2513 2480 2575 Pii,
2518 2519 2776 2578 pag-12⁶1.

1705 2589 1834 2638 Cum
1860 2590 1968 2639 istis
1992 2603 2116 2639 vero
2138 2590 2357 2640 redistis
2380 2591 2587 2641 coronis
2608 2592 2774 2645 etism

1705 2667 1948 2715 convenit
1980 2668 1995 2694 ‘
2015 2664 2255 2721 nimbus,'
2288 2666 2373 2730 qui
2407 2674 2492 2716 est
2523 2668 2776 2730 splendor

1706 2740 1849 2790 circa
1871 2741 2049 2789 divina
2086 2741 2263 2804 capitu
2293 2749 2351 2791 et
2377 2755 2623 2807 corpora.
2686 2745 2774 2794 De

1705 2831 1809 2882 quo
1848 2818 2058 2867 Servius
2097 2818 2161 2867 ad
2187 2818 2371 2881 virgil.
2399 2818 2517 2870 AEn.
2552 2834 2621 2869 n.
2656 2824 2776 2872 616.

1707 2892 1794 2942 ubi
1834 2893 1902 2942 de
1939 2893 2179 2956 Pallade,
2227 2894 2451 2943 ‘Nimbo
2500 2893 2780 2960 affulgens,

1707 2976 1764 3018 et
1798 2969 2047 3033 Gorgone
2068 2968 2258 3020 saesaz’
2294 2970 2556 3033 ‘Nimbo,’
2589 2974 2777 3037 iuquit,

1707 3046 1771 3097 ·i.
1795 3060 1846 3095 e.
1881 3047 2015 3096 nube
2051 3046 2245 3096 dirius.
2312 3048 2408 3097 Est
2443 3049 2582 3097 enim
2620 3048 2778 3114 fulgi-

1708 3121 1828 3171 dum
1851 3123 2043 3181 lumen,
2064 3138 2167 3189 quo
2204 3126 2426 3174 Deorum
2459 3125 2642 3188 capita
2671 3127 2780 3176 cln-

1706 3206 1929 3261 guutnr;
1965 3200 2041 3250 sic
2080 3201 2238 3251 etism
2281 3200 2423 3263 pingi
2468 3196 2645 3250 solet-⁹
2709 3203 2781 3253 Et

1707 3276 1805 3325 hoc
1827 3276 1982 3327 modo
2017 3277 2268 3341 imagines
2289 3291 2502 3343 quoqne
2533 3279 2784 3329 Servato-

1708 3353 1777 3401 ris
1813 3355 1976 3402 nostri
2016 3363 2072 3404 et
2109 3363 2423 3411 sanctorum,
2448 3369 2568 3406 cum
2603 3357 2781 3408 nimbo

1705 3438 1910 3491 aurato,
1927 3430 2022 3481 hoc
2038 3439 2138 3491 est,
2159 3446 2277 3481 cnm
2298 3432 2512 3496 circuio,
2529 3440 2782 3500 tanquam

1707 3507 1998 3556 sanctitatis
2053 3508 2242 3564 indice,
2298 3509 2609 3572 pinguntur.
2694 3512 2779 3562 De

1710 3583 1894 3649 quibus
1921 3583 2178 3634 Honorius
2204 3583 2717 3650 Augustodunensis,
2740 3600 2780 3637 r.

1711 3664 1823 3709 lss.
1888 3660 1904 3689 ‘
1941 3661 2180 3720 Lumina,
2235 3675 2352 3725 qum
2403 3661 2546 3710 circa
2599 3663 2779 3725 capita

1708 3746 2004 3789 sauctorum
2043 3740 2094 3787 in
2132 3737 2341 3789 modum
2376 3738 2559 3788 circuli
2594 3739 2779 3804 depin-

1709 3823 1923 3879 guntur,
1940 3815 2233 3879 designant,
2249 3814 2385 3879 quod
2408 3815 2602 3865 iumine
2625 3825 2777 3867 nter·

1710 3891 1762 3940 ui
1785 3890 2080 3955 splendoris
2100 3890 2334 3941 coronati
2353 3889 2636 3941 fruuntur-⁶
2691 3892 2778 3943 Sia

1709 3967 1869 4017 etiam
1913 3968 2284 4031 imperatorum
2324 3966 2649 4031 quot-nudam
2693 3983 2780 4019 ca·

1713 4045 1843 4108 pita,
1864 4043 2158 4107 hujusmodi
2194 4042 2385 4101 nimbo,
2419 4051 2670 4109 tanquam
2702 4045 2783 4096 di·

1712 4120 1946 4171 viuitatis
1986 4135 2049 4171 ac
2085 4121 2385 4172 sanctitatis
2428 4121 2643 4184 insigni,
2676 4123 2785 4174 eir-

1713 4192 1961 4248 cumda'ta
2014 4198 2213 4255 videas,
2254 4212 2303 4248 v.
2350 4212 2401 4261 g.
2466 4198 2787 4259 Constantii,

1713 4274 2039 4337 Constantis,
2091 4272 2367 4324 Theodosii
2413 4274 2658 4337 junioris.
2724 4289 2790 4327 ac
