3060 4902
761 373 824 421 0.
875 368 1116 420 Pur-111
1167 371 1498 422 ssscunm
1549 369 1826 421 PANEG.

319 515 563 579 exempla
608 515 841 578 ponimus
893 528 1194 578 pancorum,
1252 515 1391 578 qnod

317 606 499 641 omnes
513 590 691 640 facere
711 588 1066 639 affirmamus?
1094 592 1225 641 Haec
1243 593 1394 639 Laur.

321 669 511 728 Valla3
549 668 698 731 cujus
723 681 846 716 vero
881 667 1175 717 observatio
1199 669 1390 717 dudum

320 759 352 793 a
375 743 578 806 Bangio
615 743 650 792 l.
685 757 734 792 c.
773 751 828 793 et
863 757 895 792 a
934 745 1116 792 vossio
1156 745 1219 793 de
1260 745 1391 794 Arte

317 820 555 869 Gramm.
583 831 683 867 vn.
708 823 790 867 65.
815 817 1128 868 labefactata
1151 828 1248 868 est.
1283 821 1390 870 Ha-

318 895 446 946 bent
465 896 672 959 quidem
692 910 866 944 casum
887 895 1160 944 accusandi
1187 896 1390 959 probati

322 978 594 1031 anctores3
633 985 682 1020 v.
709 986 758 1033 g.
789 978 985 1034 praeter
1031 972 1252 1027 Livium,
1281 974 1390 1022 Cic.

323 1048 556 1112 Philipp.
582 1061 620 1096 r.
643 1051 722 1096 10.
744 1056 759 1078 ‘
777 1047 932 1099 Quod
954 1049 1053 1097 erit
1073 1050 1145 1097 ita
1169 1056 1392 1111 gestum,

323 1125 377 1174 id
404 1126 490 1174 lex
514 1125 636 1187 erit,
659 1124 789 1173 etin
811 1140 882 1172 ωε
907 1124 1064 1173 incidi
1092 1126 1330 1173 videbitis
1347 1143 1361 1186 ;
1381 1126 1394 1147 ⁹

323 1208 380 1250 at
398 1201 534 1250 idem
556 1201 710 1250 etiarn
728 1214 899 1250 casum
919 1199 1188 1249 auferendi
1208 1202 1388 1264 adjun-

325 1277 399 1340 git
418 1277 470 1324 in
489 1277 644 1325 Verr.
668 1281 841 1326 ιν.65.
860 1282 874 1303 ‘
895 1275 956 1325 ld
985 1292 1085 1325 non
1109 1277 1259 1325 modo
1281 1286 1388 1326 tum

323 1353 665 1416 scripserunt,
688 1365 863 1401 verum
883 1351 1037 1401 etiam
1063 1354 1112 1399 in
1139 1366 1239 1399 aere
1265 1354 1389 1400 inci-

322 1442 434 1477 sum
475 1427 622 1476 nobis
648 1426 1010 1477 tradiderunt.'
1076 1428 1214 1475 Plin.
1257 1427 1391 1476 Hist.

322 1505 449 1555 Nat.
471 1516 673 1553 xxxiv.
695 1506 744 1552 9.
769 1503 785 1531 ‘
809 1503 943 1551 Usus
971 1503 1089 1551 aeris
1115 1504 1179 1551 ad
1206 1518 1387 1566 perpe-

322 1580 563 1630 tuitatem
603 1579 1025 1628 monimentorum
1043 1580 1151 1640 jam
1190 1580 1389 1642 pridem

323 1657 608 1706 translatus
632 1663 711 1703 est
737 1655 924 1704 tabulis
950 1656 1116 1712 aereis,
1135 1658 1182 1704 in
1208 1658 1390 1721 quibus

322 1732 544 1797 publicae
601 1731 1002 1780 constitutiones
1059 1732 1390 1780 inciduntur!

321 1809 538 1859 Sueton.
563 1808 700 1858 Caes.
722 1821 768 1857 c.
807 1811 890 1856 28.
913 1815 928 1837 ‘
951 1809 1088 1866 Lege
1106 1808 1217 1868 jam
1244 1809 1296 1856 iu
1322 1823 1391 1857 aes

322 1885 505 1946 incisa,
530 1891 585 1934 et
607 1885 657 1932 in
683 1885 919 1933 aerarium
943 1883 1193 1932 condita!
1241 1883 1311 1933 At
1338 1886 1389 1933 in

321 1960 458 2023 Aug.
481 1975 598 2023 cap.
625 1964 738 2008 101.
774 1959 790 1986 ‘
812 1959 1047 2007 Iudicem
1083 1974 1253 2009 rerum
1282 1975 1313 2008 a
1334 1975 1388 2009 se

323 2045 586 2100 gestarum
611 2037 767 2084 vellet
793 2034 952 2083 incidi
979 2036 1028 2083 in
1052 2037 1207 2083 oeneis
1243 2037 1387 2085 tabu-

322 2113 408 2173 lis,
427 2127 545 2178 qun
585 2119 707 2161 ante
730 2112 1054 2160 Mausoleum
1091 2120 1386 2161 statueren-

326 2189 447 2237 tur.’
498 2188 563 2237 In
586 2188 937 2237 vetustissima
964 2188 1142 2237 tabula
1167 2204 1308 2237 aenea
1326 2190 1389 2238 dc

323 2263 754 2320 Bacchanalibus,
796 2280 909 2328 quae
948 2280 1084 2314 niiuc
1126 2266 1386 2315 Vindobo-

321 2355 404 2390 ηε
427 2348 757 2390 asservatur:
786 2354 930 2390 u‘rssi.
945 2355 1110 2392 noct.
1130 2354 1203 2393 m.
1217 2357 1389 2393 ‘rano-

321 2430 456 2468 μω.
479 2430 1177 2470 annnam.mcs:1nznr-:‘ris.
1194 2420 1390 2471 Plinius

321 2505 502 2545 noster
544 2509 717 2558 supra,
763 2509 851 2544 nv.
893 2501 938 2544 1.
975 2499 990 2523 ⁸
1016 2496 1239 2548 Quando
1287 2513 1388 2546 non

324 2569 574 2626 trabibus,
595 2578 685 2619 aut
725 2571 881 2634 saxis,
905 2586 1086 2619 nomen
1112 2582 1273 2632 tuum,
1297 2577 1387 2623 sed

322 2648 655 2697 monimentis
670 2656 879 2697 aeternae
899 2649 1084 2710 laudis,
1106 2651 1389 2701 inciditur!

324 2724 472 2774 Idem
500 2724 665 2787 Epist.
694 2737 819 2772 vui.
842 2729 889 2772 6.
912 2731 989 2774 13.
1010 2728 1025 2752 ⁸
1047 2728 1389 2777 Senatuscon·

320 2803 459 2853 suita
481 2800 547 2850 de
572 2801 632 2850 iis
657 2801 807 2849 rebus
830 2800 971 2850 facta
996 2804 1043 2850 in
1071 2818 1172 2851 aere
1197 2806 1386 2853 incide-

317 2877 524 2935 ientnr.
541 2877 699 2942 idque
720 2892 789 2926 εει
808 2878 1052 2939 figeretur
1071 2880 1134 2927 ad
1161 2889 1386 2931 statuam

322 2956 591 3005 loricatam
621 2956 687 3003 D.
710 2953 872 3004 sulii:
939 2955 1024 3004 Sic
1052 2955 1230 3016 Aldus,
1252 2957 1386 3020 Gry.

320 3032 492 3095 phius,
515 3031 822 3089 Cratander,
843 3030 1134 3088 sichardus,
1157 3032 1385 3095 Cortius,

323 3109 409 3173 qui
446 3108 685 3157 similiter
717 3107 768 3155 in
800 3120 897 3155 oere
935 3109 1130 3171 reperit
1155 3110 1205 3157 in
1242 3111 1385 3158 codi-

321 3186 469 3235 cibus
507 3186 630 3234 Mss.
660 3198 953 3248 quanquam
988 3200 1089 3233 uon
1135 3186 1260 3235 nulli
1300 3188 1384 3236 alii

321 3260 518 3311 ibidem
539 3259 765 3309 habeant
787 3261 840 3308 in
861 3275 944 3308 ces.
1013 3261 1207 3309 Eodem
1236 3264 1285 3310 in
1314 3263 1386 3311 lo·

323 3352 406 3399 co,
462 3338 635 3400 paullo
679 3335 916 3399 inferius,
973 3339 1107 3387 idem
1171 3341 1384 3398 Plinius,

319 3421 337 3443 ⁴
357 3413 532 3463 Incisa
552 3422 608 3462 et
630 3413 884 3478 insculpta
908 3422 1030 3464 sunt
1065 3416 1281 3478 publicis
1318 3431 1384 3465 ae·

324 3490 592 3553 ternisque
621 3491 948 3539 monimentis
990 3493 1237 3553 praetoria
1277 3508 1384 3542 mo·

323 3565 556 3614 nimenta
591 3564 860 3619 Pallantis,
894 3565 967 3613 sic
1003 3567 1150 3630 quasi
1186 3567 1385 3617 foedera

323 3641 560 3704 antiqua,
577 3641 648 3689 sic
663 3641 807 3705 quasi
829 3656 993 3689 sacrae
1011 3641 1190 3705 leges?
1218 3645 1385 3706 Leges

322 3725 378 3767 ot
398 3717 675 3779 orationes,
700 3718 749 3766 in
767 3734 855 3780 ωε,
875 3719 1100 3781 aliasque
1124 3723 1387 3786 materias,

323 3792 488 3842 incidi
512 3794 863 3856 consuevisse,
895 3793 1131 3857 pluribus
1156 3811 1387 3860 compro-

320 3868 417 3918 bat
441 3868 725 3919 Manbaeus
749 3869 1025 3932 AEgyptius
1049 3871 1099 3919 in
1125 3873 1389 3936 Explicat.

322 3943 513 3993 Tabul.
529 3944 594 3994 de
610 3946 1038 4001 Bacchanalibus,
1051 3964 1101 4011 p.
1118 3953 1230 4001 164.
1246 3965 1391 4018 seqq.

321 4020 567 4071 Schmun-z.

388 4102 538 4156 Ante,
561 4100 821 4162 orationes]
839 4102 1004 4151 Immo
1022 4117 1097 4152 eae
1117 4118 1217 4154 non
1246 4105 1296 4155 iu
1315 4123 1386 4158 ωε

324 4180 549 4238 tantum,
572 4176 662 4224 sed
701 4191 879 4226 aurum
914 4187 1286 4245 argentumque
1312 4183 1385 4231 iu·

322 4252 462 4315 cisae,
509 4261 565 4303 et
611 4253 836 4304 lectione
882 4254 1092 4319 publica
1124 4259 1385 4322 repetitae.

1905 373 1960 423 1.
1989 356 2097 420 75.
2401 355 2533 421 949

1470 513 1608 563 Vide
1632 528 1732 577 me,
1755 515 1797 563 si
1820 510 1987 577 lubet,
2004 528 2161 576 super
2179 514 2277 564 hoc
2310 527 2451 563 more
2468 512 2533 562 ad

1471 594 1660 644 Anu'al.
1699 609 1817 644 xiv.
1850 596 2040 658 Taciti,
2064 594 2199 644 hand
2234 596 2413 668 procul
2442 593 2536 644 inl-

1469 672 1561 720 tio.
1586 671 1722 733 Lips.

1536 747 1910 795 ,declamationes
1922 748 2108 808 quidem
2132 745 2332 809 nostroe]
2361 746 2534 796 Parti-

1466 825 1586 871 cula
1625 826 1828 886 quidem,
1872 825 1921 870 in
1966 822 2231 871 codicibus
2271 824 2533 873 Vaticanis

1469 904 1614 948 1775.
1640 908 1689 947 et
1714 903 1863 948 3461.
1889 901 2012 947 item
2040 899 2091 947 iu
2121 899 2536 963 Guelpherbyta·

1467 989 1554 1035 no,
1580 979 1764 1024 omissa
1789 983 1869 1025 est
1893 992 1908 1037 ;
1942 974 2032 1023 sed
2061 976 2208 1035 male,
2226 990 2342 1024 cum
2364 976 2534 1038 singn-

1466 1052 1626 1100 larem
1653 1050 1858 1113 ἔμφασιν
1881 1050 2042 1100 addat
2079 1051 2318 1105 orationi,
2354 1059 2409 1099 et
2445 1066 2534 1099 ex·

1469 1127 1647 1189 plicari
1669 1127 1856 1190 possit:
1885 1126 2036 1178 Quod
2059 1141 2182 1176 vero
2199 1126 2260 1174 ad
2281 1127 2536 1175 acclama·

1467 1205 1634 1253 tiones
1660 1212 1862 1253 nostras
1882 1203 2091 1264 attinet,
2116 1205 2215 1252 &c.
2281 1203 2369 1251 Sic
2396 1217 2538 1251 usur·

1468 1287 1619 1342 patur
1640 1279 1795 1327 etiam
1821 1280 1870 1327 in
1893 1278 2123 1341 proximo
2142 1278 2316 1341 capite
2338 1290 2536 1328 Lxxvr.

1466 1361 1512 1404 3.
1541 1360 1555 1383 ⁴
1574 1356 1750 1403 Ceteri
1777 1354 1984 1419 quidem
2011 1354 2187 1414 defixi,
2211 1364 2262 1402 et
2288 1353 2539 1404 altoniti.’

1467 1433 1579 1481 Cic.
1603 1433 1758 1478 Verr.
1787 1445 1861 1479 iv.
1883 1435 1973 1480 33.
2006 1431 2022 1457 ‘
2045 1431 2162 1478 Hoc
2203 1430 2534 1479 simulacrum

1467 1508 1668 1565 Dianae,
1706 1508 2012 1554 translatum
2041 1507 2428 1569 Carthaginem,
2453 1506 2528 1555 lo-

1465 1598 1581 1631 cum
1639 1590 1840 1630 tautum
1898 1584 2229 1646 hominesque
2290 1591 2535 1644 mutarat,

1466 1658 1762 1718 religionem
1798 1659 2004 1721 quidem
2048 1659 2320 1720 pristinam
2357 1673 2536 1707 serva·

1468 1734 1592 1783 bat!
1633 1738 1810 1796 Nepos
1828 1736 1877 1783 in
1903 1736 2184 1793 Phocione,
2209 1749 2255 1782 c.
2272 1739 2317 1782 3.
2334 1738 2349 1762 ⁴
2370 1734 2533 1783 Caus-

1464 1827 1571 1859 sarn
1598 1812 1732 1874 apud
1758 1812 2054 1874 Philippum
2078 1824 2250 1872 regern
2272 1810 2448 1873 verbo,
2474 1824 2532 1858 re

1466 1890 1580 1951 ipsa
1617 1890 1824 1952 quidem
1864 1888 2000 1951 apud
2041 1887 2536 1951 Polyperchontem,

1459 1967 1635 2029 jussus
1661 1973 1743 2014 est
1765 1965 1971 2014 dicere.’
1991 1964 2238 2012 Schmin-z.

1534 2043 1639 2089 Nec
1661 2039 1876 2101 senatus]
1920 2041 2038 2088 Non
2062 2048 2295 2099 senatus,
2334 2039 2457 2102 quia
2480 2053 2534 2088 e·

1467 2130 1581 2166 rant
1621 2117 1928 2169 adulatoria,
1966 2115 2187 2178 ideoque
2225 2116 2348 2163 viris
2388 2118 2533 2176 inge·

1464 2196 1580 2243 nuis
1606 2195 1778 2255 turpia
1804 2200 1857 2240 et
1875 2191 2116 2251 indigna:
2145 2203 2247 2237 nou
2267 2191 2530 2251 princeps,

1465 2271 1584 2333 quia
1626 2268 1755 2318 falsa
1795 2277 1945 2315 eraut
1969 2275 2021 2313 et
2061 2264 2345 2323 mendacia,
2385 2272 2439 2312 et
2464 2280 2529 2312 ex

1466 2347 1649 2396 timore
1693 2346 1926 2408 prolata3
1965 2356 2067 2389 non
2092 2356 2159 2389 ex
2184 2350 2322 2396 voto,
2346 2355 2439 2389 nec
2463 2356 2530 2390 ex

1464 2425 1541 2475 rei
1570 2424 1808 2473 veritate.
1837 2419 2053 2469 Patarol.

1535 2502 1637 2549 Nec
1657 2500 1892 2562 princeps,
1928 2495 2140 2559 possent]
2184 2493 2316 2543 Haec
2350 2494 2529 2557 vulga·

1467 2579 1664 2626 tissima
1691 2584 1765 2623 est
1793 2573 1968 2628 lectio,
2008 2581 2062 2621 et
2100 2571 2331 2635 plurimis
2368 2573 2525 2620 etiam

1466 2653 1736 2703 codicibus
1777 2652 1904 2699 Mss.
1944 2649 2276 2698 conveniens.
2347 2648 2527 2696 Codex

1464 2739 1636 2780 autem
1661 2726 2072 2789 salisburgensis
2112 2724 2268 2773 habet
2311 2725 2527 2774 verbum

1462 2806 1737 2870 singularis
1762 2803 1981 2857 numeri,
2002 2808 2172 2865 posset.
2223 2802 2352 2850 Cod.
2376 2802 2527 2851 Vati·

1463 2899 1621 2933 canus
1645 2886 1791 2930 3461.
1812 2880 2134 2933 parisiensis,
2159 2885 2211 2925 et
2237 2878 2529 2939 Gnelpher·

1464 2957 1704 3022 hymnus,
1738 2957 1965 3005 retinent
2004 2955 2219 3002 verbum
2261 2952 2309 2998 in
2347 2965 2524 2999 nume·

1465 3050 1521 3083 ro
1541 3032 2131 3091 iuiiltitndinis,possent;
2164 3026 2322 3075 sedin
2343 3027 2526 3074 codem

1466 3125 1679 3160 numero
1703 3109 1860 3156 etiam
1898 3106 2197 3168 exprimunt
2228 3117 2412 3151 nomen
2439 3117 2529 3151 an·

1465 3188 1710 3238 tecedens
1734 3183 1988 3248 principes.
2024 3180 2286 3229 Schwarz.

1529 3265 1634 3311 Nec
1652 3260 1890 3324 princeps]
1916 3260 2012 3307 Nec
2030 3255 2265 3319 principes
2288 3254 2346 3303 C.
2366 3253 2533 3304 Livin-

1527 3342 1589 3388 In
1612 3341 1780 3400 vulgus
1799 3334 1955 3398 exire]
1984 3334 2113 3382 llaec
2138 3332 2293 3382 lectio
2326 3330 2395 3380 ab
2418 3345 2526 3379 om-

1461 3418 1612 3465 nibus
1645 3412 1909 3462 codicibus
1943 3409 2133 3458 nostris
2170 3406 2524 3463 confirmatur,

1461 3499 1686 3555 excepto
1706 3489 1886 3539 codice
1902 3485 2233 3545 Patavino,in
2250 3498 2352 3547 quo
2367 3483 2528 3546 scrip·

1463 3580 1572 3620 tum
1598 3575 1675 3615 est
1709 3567 1759 3614 in
1781 3564 1995 3624 singulus
2018 3561 2181 3619 «τίνες
2217 3568 2272 3609 et
2295 3570 2525 3624 excepto

1463 3647 1594 3695 libro
1617 3644 1890 3701 vossiano,
1913 3642 1962 3689 in
1985 3654 2088 3703 quo
2113 3646 2420 3688 annotatum
2445 3646 2524 3686 est

1462 3726 1511 3774 in
1526 3723 1733 3783 singulis
1755 3722 1905 3769 exire.
1974 3716 2150 3766 Nihilo
2172 3717 2336 3763 miuus
2362 3716 2525 3762 Pute-

1463 3802 1662 3860 olanus,
1687 3795 1990 3853 Beroaldus,
2019 3795 2316 3852 Calanaeus,
2337 3789 2522 3846 Aldus,

1462 3879 1645 3937 Jurtta,
1686 3876 1987 3933 Rhenanus,
2020 3870 2364 3921 Philomusus,
2399 3865 2525 3913 Cra·

1467 3955 1671 4009 under,
1746 3951 1877 3999 Rob.
1927 3947 2239 4009 Stephanus,
2311 3943 2529 4005 Navius,

1466 4028 1856 4080 Kirchmaierus
1897 4022 2175 4084 prodidere
2215 4020 2268 4066 in
2319 4018 2526 4079 siugulis

1463 4107 1632 4162 estin,-
1697 4103 1823 4151 item
1883 4096 2168 4158 Gryphius,
2225 4093 2524 4154 Sichardus,

1465 4184 1678 4235 Navius,
1704 4177 1774 4224 H.
1794 4172 2109 4236 Stephanus,
2133 4169 2415 4231 Livineius,
2435 4170 2525 4219 El.

1462 4257 1621 4313 zevir,
1643 4261 1699 4304 et
1722 4249 2063 4313 Boxhornius,
2097 4248 2185 4313 qui
2220 4254 2395 4297 tamen
2435 4260 2523 4297 ve·
