<?xml version="1.0" encoding="UTF-8"?>
<!DOCTYPE html PUBLIC "-//W3C//DTD XHTML 1.0 Transitional//EN"
    "http://www.w3.org/TR/xhtml1/DTD/xhtml1-transitional.dtd">
<html xmlns="http://www.w3.org/1999/xhtml" xml:lang="en" lang="en">
 <head>
  <title>
</title>
<meta http-equiv="Content-Type" content="text/html;charset=utf-8" />
  <meta name='ocr-system' content='tesseract 3.04.00' />
  <meta name='ocr-capabilities' content='ocr_page ocr_carea ocr_par ocr_line ocrx_word'/>
</head>
<body>
  <div class='ocr_page' id='page_1' title='image "./panegyriciveter02unkngoog_0228.png"; bbox 0 0 3060 4902; ppageno 0'>
   <div class='ocr_carea' id='block_1_1' title="bbox 543 354 675 421">
    <p class='ocr_par' dir='ltr' id='par_1_1' title="bbox 543 354 675 421">
     <span class='ocr_line' id='line_1_1' title="bbox 543 354 675 421; baseline -0.008 0"><span class='ocrx_word' id='word_1_1' title='bbox 543 354 675 421; x_wconf 82' lang='lat'>674</span> 
     </span>
    </p>
   </div>
   <div class='ocr_carea' id='block_1_2' title="bbox 547 504 1611 640">
    <p class='ocr_par' dir='ltr' id='par_1_2' title="bbox 547 504 1611 640">
     <span class='ocr_line' id='line_1_2' title="bbox 547 504 1611 578; baseline -0.009 -15"><span class='ocrx_word' id='word_1_2' title='bbox 547 511 767 578; x_wconf 84' lang='lat' dir='ltr'>gutandi</span> <span class='ocrx_word' id='word_1_3' title='bbox 811 509 986 561; x_wconf 86' lang='lat' dir='ltr'>studio</span> <span class='ocrx_word' id='word_1_4' title='bbox 1029 507 1170 559; x_wconf 84' lang='lat' dir='ltr'>istud</span> <span class='ocrx_word' id='word_1_5' title='bbox 1214 504 1461 557; x_wconf 89' lang='lat' dir='ltr'>orationis</span> <span class='ocrx_word' id='word_1_6' title='bbox 1506 510 1611 553; x_wconf 81' lang='lat' dir='ltr'>tuae</span> 
     </span>
     <span class='ocr_line' id='line_1_3' title="bbox 547 581 1611 640; baseline -0.011 -1"><span class='ocrx_word' id='word_1_7' title='bbox 547 604 765 640; x_wconf 80' lang='lat' dir='ltr'>acumen</span> <span class='ocrx_word' id='word_1_8' title='bbox 802 587 1057 637; x_wconf 81' lang='lat' dir='ltr'>hebescit.</span> <span class='ocrx_word' id='word_1_9' title='bbox 1125 583 1210 633; x_wconf 80' lang='lat' dir='ltr'>An</span> <span class='ocrx_word' id='word_1_10' title='bbox 1259 583 1345 632; x_wconf 88' lang='lat' dir='ltr'>Dii</span> <span class='ocrx_word' id='word_1_11' title='bbox 1392 581 1467 629; x_wconf 88' lang='lat' dir='ltr'>tui</span> <span class='ocrx_word' id='word_1_12' title='bbox 1509 593 1611 629; x_wconf 93' lang='lat' dir='ltr'>uon</span> 
     </span>
    </p>
   </div>
   <div class='ocr_carea' id='block_1_3' title="bbox 543 661 1633 4325">
    <p class='ocr_par' dir='ltr' id='par_1_3' title="bbox 543 661 1616 1718">
     <span class='ocr_line' id='line_1_4' title="bbox 546 661 1613 734; baseline -0.009 -15"><span class='ocrx_word' id='word_1_13' title='bbox 546 676 829 734; x_wconf 88' lang='lat' dir='ltr'>potuerunt</span> <span class='ocrx_word' id='word_1_14' title='bbox 848 668 1026 717; x_wconf 88' lang='lat' dir='ltr'>debita</span> <span class='ocrx_word' id='word_1_15' title='bbox 1048 667 1293 716; x_wconf 89' lang='lat' dir='ltr'>diuturna</span> <span class='ocrx_word' id='word_1_16' title='bbox 1316 661 1613 711; x_wconf 77' lang='lat' dir='ltr'>remittere?</span> 
     </span>
     <span class='ocr_line' id='line_1_5' title="bbox 546 737 1614 810; baseline -0.011 -13"><span class='ocrx_word' id='word_1_17' title='bbox 546 763 661 797; x_wconf 91' lang='lat' dir='ltr'>cum</span> <span class='ocrx_word' id='word_1_18' title='bbox 689 748 840 797; x_wconf 88' lang='lat' dir='ltr'>etiam</span> <span class='ocrx_word' id='word_1_19' title='bbox 865 747 1082 810; x_wconf 86' lang='lat' dir='ltr'>quisque</span> <span class='ocrx_word' id='word_1_20' title='bbox 1105 743 1420 808; x_wconf 84' lang='lat' dir='ltr'>privatorum</span> <span class='ocrx_word' id='word_1_21' title='bbox 1454 737 1614 787; x_wconf 86' lang='lat' dir='ltr'>homi·</span> 
     </span>
     <span class='ocr_line' id='line_1_6' title="bbox 545 819 1615 881; baseline -0.011 -6"><span class='ocrx_word' id='word_1_22' title='bbox 545 840 667 875; x_wconf 90' lang='lat' dir='ltr'>num</span> <span class='ocrx_word' id='word_1_23' title='bbox 692 840 763 873; x_wconf 59' lang='lat' dir='ltr'>aes</span> <span class='ocrx_word' id='word_1_24' title='bbox 790 824 1012 872; x_wconf 88' lang='lat' dir='ltr'>alienum</span> <span class='ocrx_word' id='word_1_25' title='bbox 1052 819 1171 869; x_wconf 89' lang='lat' dir='ltr'>iude</span> <span class='ocrx_word' id='word_1_26' title='bbox 1196 834 1226 868; x_wconf 99' lang='lat' dir='ltr'>a</span> <span class='ocrx_word' id='word_1_27' title='bbox 1250 828 1399 881; x_wconf 87' lang='lat' dir='ltr'>patre</span> <span class='ocrx_word' id='word_1_28' title='bbox 1436 823 1490 865; x_wconf 91' lang='lat' dir='ltr'>et</span> <span class='ocrx_word' id='word_1_29' title='bbox 1517 828 1615 865; x_wconf 80' lang='lat' dir='ltr'>avo</span> 
     </span>
     <span class='ocr_line' id='line_1_7' title="bbox 546 893 1614 950; baseline -0.009 0"><span class='ocrx_word' id='word_1_30' title='bbox 546 903 835 950; x_wconf 85' lang='lat' dir='ltr'>derivatum</span> <span class='ocrx_word' id='word_1_31' title='bbox 875 898 1081 947; x_wconf 85' lang='lat' dir='ltr'>tandem</span> <span class='ocrx_word' id='word_1_32' title='bbox 1122 895 1346 946; x_wconf 80' lang='lat' dir='ltr'>debitori</span> <span class='ocrx_word' id='word_1_33' title='bbox 1384 901 1441 943; x_wconf 92' lang='lat' dir='ltr'>ut</span> <span class='ocrx_word' id='word_1_34' title='bbox 1477 893 1614 942; x_wconf 88' lang='lat' dir='ltr'>solu-</span> 
     </span>
     <span class='ocr_line' id='line_1_8' title="bbox 546 967 1614 1041; baseline -0.008 -14"><span class='ocrx_word' id='word_1_35' title='bbox 546 987 655 1027; x_wconf 90' lang='lat' dir='ltr'>tum</span> <span class='ocrx_word' id='word_1_36' title='bbox 693 977 984 1041; x_wconf 77' lang='lat' dir='ltr'><strong>relinquere</strong></span> <span class='ocrx_word' id='word_1_37' title='bbox 1008 980 1183 1039; x_wconf 86' lang='lat' dir='ltr'>queat.</span> <span class='ocrx_word' id='word_1_38' title='bbox 1249 972 1503 1034; x_wconf 84' lang='lat' dir='ltr'>Trajauns</span> <span class='ocrx_word' id='word_1_39' title='bbox 1538 967 1614 1018; x_wconf 84' lang='lat' dir='ltr'>sic</span> 
     </span>
     <span class='ocr_line' id='line_1_9' title="bbox 546 1048 1613 1110; baseline -0.009 -6"><span class='ocrx_word' id='word_1_40' title='bbox 546 1069 648 1104; x_wconf 92' lang='lat' dir='ltr'>uon</span> <span class='ocrx_word' id='word_1_41' title='bbox 675 1054 819 1104; x_wconf 86' lang='lat' dir='ltr'>facta</span> <span class='ocrx_word' id='word_1_42' title='bbox 840 1051 1069 1103; x_wconf 79' lang='lat' dir='ltr'>reddidit</span> <span class='ocrx_word' id='word_1_43' title='bbox 1090 1049 1305 1110; x_wconf 85' lang='lat' dir='ltr'>infecta,</span> <span class='ocrx_word' id='word_1_44' title='bbox 1328 1048 1418 1096; x_wconf 90' lang='lat' dir='ltr'>sed</span> <span class='ocrx_word' id='word_1_45' title='bbox 1444 1054 1613 1096; x_wconf 90' lang='lat' dir='ltr'>sustu·</span> 
     </span>
     <span class='ocr_line' id='line_1_10' title="bbox 544 1125 1615 1186; baseline -0.009 -5"><span class='ocrx_word' id='word_1_46' title='bbox 544 1132 607 1181; x_wconf 89' lang='lat' dir='ltr'>lit</span> <span class='ocrx_word' id='word_1_47' title='bbox 630 1130 886 1180; x_wconf 81' lang='lat' dir='ltr'>facienda.</span> <span class='ocrx_word' id='word_1_48' title='bbox 955 1129 1108 1178; x_wconf 87' lang='lat' dir='ltr'>Certe</span> <span class='ocrx_word' id='word_1_49' title='bbox 1141 1125 1487 1186; x_wconf 88' lang='lat' dir='ltr'>Domitianus,</span> <span class='ocrx_word' id='word_1_50' title='bbox 1513 1132 1615 1172; x_wconf 88' lang='lat' dir='ltr'>tes·</span> 
     </span>
     <span class='ocr_line' id='line_1_11' title="bbox 545 1201 1615 1269; baseline -0.008 -12"><span class='ocrx_word' id='word_1_51' title='bbox 545 1216 601 1257; x_wconf 90' lang='lat' dir='ltr'>te</span> <span class='ocrx_word' id='word_1_52' title='bbox 644 1209 858 1257; x_wconf 90' lang='lat' dir='ltr'>Sueton.</span> <span class='ocrx_word' id='word_1_53' title='bbox 902 1221 1019 1269; x_wconf 90' lang='lat' dir='ltr'>cap.</span> <span class='ocrx_word' id='word_1_54' title='bbox 1043 1209 1091 1255; x_wconf 85' lang='lat'>9.</span> <span class='ocrx_word' id='word_1_55' title='bbox 1135 1204 1326 1258; x_wconf 87' lang='lat' dir='ltr'>‘Reos,</span> <span class='ocrx_word' id='word_1_56' title='bbox 1364 1201 1450 1265; x_wconf 89' lang='lat' dir='ltr'>qui</span> <span class='ocrx_word' id='word_1_57' title='bbox 1491 1208 1615 1249; x_wconf 84' lang='lat' dir='ltr'>aute</span> 
     </span>
     <span class='ocr_line' id='line_1_12' title="bbox 544 1277 1616 1349; baseline -0.007 -16"><span class='ocrx_word' id='word_1_58' title='bbox 544 1284 947 1349; x_wconf 88' lang='lat' dir='ltr'>quinquennium</span> <span class='ocrx_word' id='word_1_59' title='bbox 988 1280 1275 1345; x_wconf 85' lang='lat' dir='ltr'>proximum</span> <span class='ocrx_word' id='word_1_60' title='bbox 1314 1277 1448 1342; x_wconf 88' lang='lat' dir='ltr'>apud</span> <span class='ocrx_word' id='word_1_61' title='bbox 1485 1290 1616 1326; x_wconf 77' lang='lat' dir='ltr'>aera·</span> 
     </span>
     <span class='ocr_line' id='line_1_13' title="bbox 546 1354 1616 1423; baseline -0.008 -13"><span class='ocrx_word' id='word_1_62' title='bbox 546 1361 676 1410; x_wconf 89' lang='lat' dir='ltr'>rium</span> <span class='ocrx_word' id='word_1_63' title='bbox 717 1359 1105 1423; x_wconf 73' lang='lat' dir='ltr'>pependissent,</span> <span class='ocrx_word' id='word_1_64' title='bbox 1131 1356 1400 1405; x_wconf 84' lang='lat' dir='ltr'>universos</span> <span class='ocrx_word' id='word_1_65' title='bbox 1433 1354 1616 1403; x_wconf 84' lang='lat' dir='ltr'>discri-</span> 
     </span>
     <span class='ocr_line' id='line_1_14' title="bbox 543 1433 1616 1497; baseline -0.005 -12"><span class='ocrx_word' id='word_1_66' title='bbox 543 1438 681 1486; x_wconf 86' lang='lat' dir='ltr'>mine</span> <span class='ocrx_word' id='word_1_67' title='bbox 706 1437 965 1485; x_wconf 87' lang='lat' dir='ltr'>liberavit.</span> <span class='ocrx_word' id='word_1_68' title='bbox 988 1468 1004 1484; x_wconf 93' lang='lat'>.</span> <span class='ocrx_word' id='word_1_69' title='bbox 1021 1470 1034 1484; x_wconf 93' lang='lat'>.</span> <span class='ocrx_word' id='word_1_70' title='bbox 1054 1469 1067 1484; x_wconf 94' lang='lat'>.</span> <span class='ocrx_word' id='word_1_71' title='bbox 1090 1433 1297 1485; x_wconf 78' lang='lat' dir='ltr'>Scribas</span> <span class='ocrx_word' id='word_1_72' title='bbox 1314 1434 1616 1497; x_wconf 86' lang='lat' dir='ltr'>quaestorios</span> 
     </span>
     <span class='ocr_line' id='line_1_15' title="bbox 545 1507 1614 1580; baseline -0.009 -14"><span class='ocrx_word' id='word_1_73' title='bbox 545 1517 877 1580; x_wconf 75' lang='lat' dir='ltr'>negotiantes</span> <span class='ocrx_word' id='word_1_74' title='bbox 932 1529 998 1563; x_wconf 86' lang='lat' dir='ltr'>ex</span> <span class='ocrx_word' id='word_1_75' title='bbox 1066 1510 1464 1565; x_wconf 89' lang='lat' dir='ltr'>consuetudine,</span> <span class='ocrx_word' id='word_1_76' title='bbox 1520 1507 1614 1557; x_wconf 90' lang='lat' dir='ltr'>sed</span> 
     </span>
     <span class='ocr_line' id='line_1_16' title="bbox 544 1586 1612 1649; baseline -0.009 -6"><span class='ocrx_word' id='word_1_77' title='bbox 544 1602 733 1642; x_wconf 89' lang='lat' dir='ltr'>contra</span> <span class='ocrx_word' id='word_1_78' title='bbox 771 1590 1002 1641; x_wconf 81' lang='lat' dir='ltr'>Clodiam</span> <span class='ocrx_word' id='word_1_79' title='bbox 1031 1590 1200 1649; x_wconf 82' lang='lat' dir='ltr'>legem</span> <span class='ocrx_word' id='word_1_80' title='bbox 1228 1586 1381 1635; x_wconf 83' lang='lat' dir='ltr'>venia</span> <span class='ocrx_word' id='word_1_81' title='bbox 1403 1586 1452 1633; x_wconf 92' lang='lat' dir='ltr'>in</span> <span class='ocrx_word' id='word_1_82' title='bbox 1484 1599 1612 1648; x_wconf 78' lang='lat' dir='ltr'>prae·</span> 
     </span>
     <span class='ocr_line' id='line_1_17' title="bbox 545 1664 1305 1718; baseline -0.008 0"><span class='ocrx_word' id='word_1_83' title='bbox 545 1670 755 1718; x_wconf 85' lang='lat' dir='ltr'>teritum</span> <span class='ocrx_word' id='word_1_84' title='bbox 778 1664 1022 1714; x_wconf 70' lang='lat' dir='ltr'>donavit:</span> <span class='ocrx_word' id='word_1_85' title='bbox 1063 1665 1305 1713; x_wconf 74' lang='lat' dir='ltr'>Schwarz.</span> 
     </span>
    </p>

    <p class='ocr_par' dir='ltr' id='par_1_4' title="bbox 544 1738 1614 1955">
     <span class='ocr_line' id='line_1_18' title="bbox 610 1738 1614 1806; baseline -0.009 -13"><span class='ocrx_word' id='word_1_86' title='bbox 610 1744 896 1806; x_wconf 79' lang='lat' dir='ltr'>Subvenire]</span> <span class='ocrx_word' id='word_1_87' title='bbox 930 1741 943 1767; x_wconf 92' lang='lat'>‘</span> <span class='ocrx_word' id='word_1_88' title='bbox 960 1739 1241 1789; x_wconf 81' lang='lat' dir='ltr'>Praeterita</span> <span class='ocrx_word' id='word_1_89' title='bbox 1259 1738 1418 1799; x_wconf 83' lang='lat' dir='ltr'>magis</span> <span class='ocrx_word' id='word_1_90' title='bbox 1436 1751 1614 1800; x_wconf 89' lang='lat' dir='ltr'>repre·</span> 
     </span>
     <span class='ocr_line' id='line_1_19' title="bbox 544 1812 1614 1883; baseline -0.007 -15"><span class='ocrx_word' id='word_1_91' title='bbox 544 1820 719 1881; x_wconf 70' lang='lat' dir='ltr'>luendi,</span> <span class='ocrx_word' id='word_1_92' title='bbox 764 1833 918 1883; x_wconf 89' lang='lat' dir='ltr'>quam</span> <span class='ocrx_word' id='word_1_93' title='bbox 965 1815 1176 1879; x_wconf 82' lang='lat' dir='ltr'>corrigi,</span> <span class='ocrx_word' id='word_1_94' title='bbox 1220 1812 1477 1877; x_wconf 84' lang='lat' dir='ltr'>possunt,&#39;</span> <span class='ocrx_word' id='word_1_95' title='bbox 1514 1828 1614 1863; x_wconf 83' lang='lat' dir='ltr'>vox</span> 
     </span>
     <span class='ocr_line' id='line_1_20' title="bbox 548 1891 1462 1955; baseline -0.005 -11"><span class='ocrx_word' id='word_1_96' title='bbox 548 1894 860 1944; x_wconf 71' lang='lat' dir='ltr'>Hannibalis</span> <span class='ocrx_word' id='word_1_97' title='bbox 884 1893 1022 1955; x_wconf 88' lang='lat' dir='ltr'>apud</span> <span class='ocrx_word' id='word_1_98' title='bbox 1053 1892 1272 1940; x_wconf 80' lang='lat' dir='ltr'>Livium.</span> <span class='ocrx_word' id='word_1_99' title='bbox 1314 1891 1462 1939; x_wconf 80' lang='lat' dir='ltr'>Bern.</span> 
     </span>
    </p>

    <p class='ocr_par' dir='ltr' id='par_1_5' title="bbox 543 1966 1616 2494">
     <span class='ocr_line' id='line_1_21' title="bbox 612 1966 1613 2033; baseline -0.006 -12"><span class='ocrx_word' id='word_1_100' title='bbox 612 1973 862 2021; x_wconf 79' lang='lat' dir='ltr'>Desineret</span> <span class='ocrx_word' id='word_1_101' title='bbox 899 1970 1093 2033; x_wconf 78' lang='lat' dir='ltr'>quisque</span> <span class='ocrx_word' id='word_1_102' title='bbox 1125 1968 1314 2032; x_wconf 81' lang='lat' dir='ltr'>debere]</span> <span class='ocrx_word' id='word_1_103' title='bbox 1351 1968 1364 1994; x_wconf 93' lang='lat'>‘</span> <span class='ocrx_word' id='word_1_104' title='bbox 1390 1966 1613 2016; x_wconf 80' lang='lat' dir='ltr'>Hadria-</span> 
     </span>
     <span class='ocr_line' id='line_1_22' title="bbox 544 2046 1615 2111; baseline -0.004 -13"><span class='ocrx_word' id='word_1_105' title='bbox 544 2064 641 2098; x_wconf 89' lang='lat' dir='ltr'>nus</span> <span class='ocrx_word' id='word_1_106' title='bbox 684 2064 778 2111; x_wconf 90' lang='lat' dir='ltr'>per</span> <span class='ocrx_word' id='word_1_107' title='bbox 812 2048 1037 2097; x_wconf 84' lang='lat' dir='ltr'>edictum</span> <span class='ocrx_word' id='word_1_108' title='bbox 1078 2046 1391 2096; x_wconf 79' lang='lat' dir='ltr'>condonavit</span> <span class='ocrx_word' id='word_1_109' title='bbox 1425 2047 1615 2108; x_wconf 84' lang='lat' dir='ltr'>omnia,</span> 
     </span>
     <span class='ocr_line' id='line_1_23' title="bbox 543 2122 1614 2186; baseline -0.003 -12"><span class='ocrx_word' id='word_1_110' title='bbox 543 2126 652 2175; x_wconf 80' lang='lat' dir='ltr'>sive</span> <span class='ocrx_word' id='word_1_111' title='bbox 698 2141 760 2175; x_wconf 89' lang='lat' dir='ltr'>ea</span> <span class='ocrx_word' id='word_1_112' title='bbox 800 2126 862 2174; x_wconf 88' lang='lat' dir='ltr'>ad</span> <span class='ocrx_word' id='word_1_113' title='bbox 907 2139 962 2174; x_wconf 88' lang='lat' dir='ltr'>se</span> <span class='ocrx_word' id='word_1_114' title='bbox 1009 2124 1350 2186; x_wconf 83' lang='lat' dir='ltr'>pertinerent,</span> <span class='ocrx_word' id='word_1_115' title='bbox 1395 2122 1504 2171; x_wconf 86' lang='lat' dir='ltr'>sive</span> <span class='ocrx_word' id='word_1_116' title='bbox 1548 2123 1614 2171; x_wconf 83' lang='lat' dir='ltr'>ad</span> 
     </span>
     <span class='ocr_line' id='line_1_24' title="bbox 548 2198 1616 2262; baseline -0.004 -12"><span class='ocrx_word' id='word_1_117' title='bbox 548 2203 822 2262; x_wconf 77' lang='lat' dir='ltr'>aerarittm3</span> <span class='ocrx_word' id='word_1_118' title='bbox 877 2200 1290 2261; x_wconf 85' lang='lat' dir='ltr'>decenniumque</span> <span class='ocrx_word' id='word_1_119' title='bbox 1342 2198 1616 2260; x_wconf 79' lang='lat' dir='ltr'>praescrip·</span> 
     </span>
     <span class='ocr_line' id='line_1_25' title="bbox 545 2273 1614 2341; baseline -0.006 -14"><span class='ocrx_word' id='word_1_120' title='bbox 545 2280 631 2335; x_wconf 86' lang='lat' dir='ltr'>sit,</span> <span class='ocrx_word' id='word_1_121' title='bbox 671 2292 700 2326; x_wconf 88' lang='lat' dir='ltr'>a</span> <span class='ocrx_word' id='word_1_122' title='bbox 737 2292 838 2341; x_wconf 90' lang='lat' dir='ltr'>quo</span> <span class='ocrx_word' id='word_1_123' title='bbox 875 2284 1109 2339; x_wconf 88' lang='lat' dir='ltr'>tempore</span> <span class='ocrx_word' id='word_1_124' title='bbox 1130 2273 1322 2323; x_wconf 90' lang='lat' dir='ltr'>debere</span> <span class='ocrx_word' id='word_1_125' title='bbox 1345 2274 1614 2337; x_wconf 89' lang='lat' dir='ltr'>quisquam</span> 
     </span>
     <span class='ocr_line' id='line_1_26' title="bbox 545 2349 1614 2416; baseline -0.005 -14"><span class='ocrx_word' id='word_1_126' title='bbox 545 2354 830 2416; x_wconf 83' lang='lat' dir='ltr'>desineret,</span> <span class='ocrx_word' id='word_1_127' title='bbox 869 2367 964 2401; x_wconf 90' lang='lat' dir='ltr'>nec</span> <span class='ocrx_word' id='word_1_128' title='bbox 1002 2359 1183 2414; x_wconf 85' lang='lat' dir='ltr'>postea</span> <span class='ocrx_word' id='word_1_129' title='bbox 1219 2349 1489 2399; x_wconf 83' lang='lat' dir='ltr'>debiturus</span> <span class='ocrx_word' id='word_1_130' title='bbox 1536 2362 1614 2397; x_wconf 88' lang='lat' dir='ltr'>es·</span> 
     </span>
     <span class='ocr_line' id='line_1_27' title="bbox 547 2427 1537 2494; baseline -0.004 -15"><span class='ocrx_word' id='word_1_131' title='bbox 547 2431 663 2482; x_wconf 88' lang='lat' dir='ltr'>set.&#39;</span> <span class='ocrx_word' id='word_1_132' title='bbox 730 2432 996 2494; x_wconf 83' lang='lat' dir='ltr'>Spartian.</span> <span class='ocrx_word' id='word_1_133' title='bbox 1019 2430 1069 2478; x_wconf 93' lang='lat' dir='ltr'>in</span> <span class='ocrx_word' id='word_1_134' title='bbox 1095 2427 1350 2477; x_wconf 85' lang='lat' dir='ltr'>Hadrian.</span> <span class='ocrx_word' id='word_1_135' title='bbox 1386 2427 1537 2476; x_wconf 83' lang='lat' dir='ltr'>Idem.</span> 
     </span>
    </p>

    <p class='ocr_par' dir='ltr' id='par_1_6' title="bbox 548 2502 1622 3317">
     <span class='ocr_line' id='line_1_28' title="bbox 617 2502 1614 2568; baseline -0.008 -10"><span class='ocrx_word' id='word_1_136' title='bbox 617 2511 757 2566; x_wconf 78' lang='lat' dir='ltr'>Quod</span> <span class='ocrx_word' id='word_1_137' title='bbox 811 2523 905 2556; x_wconf 81' lang='lat' dir='ltr'>non</span> <span class='ocrx_word' id='word_1_138' title='bbox 957 2511 1078 2555; x_wconf 75' lang='lat' dir='ltr'>essee</span> <span class='ocrx_word' id='word_1_139' title='bbox 1128 2509 1292 2568; x_wconf 80' lang='lat' dir='ltr'>postea</span> <span class='ocrx_word' id='word_1_140' title='bbox 1345 2502 1614 2566; x_wconf 77' lang='lat' dir='ltr'>debiturus]</span> 
     </span>
     <span class='ocr_line' id='line_1_29' title="bbox 550 2581 1616 2646; baseline -0.005 -13"><span class='ocrx_word' id='word_1_141' title='bbox 550 2585 746 2633; x_wconf 89' lang='lat' dir='ltr'>Nescio</span> <span class='ocrx_word' id='word_1_142' title='bbox 771 2597 870 2646; x_wconf 87' lang='lat' dir='ltr'>qua</span> <span class='ocrx_word' id='word_1_143' title='bbox 903 2581 1286 2643; x_wconf 83' lang='lat' dir='ltr'>conspiratione</span> <span class='ocrx_word' id='word_1_144' title='bbox 1319 2593 1496 2628; x_wconf 88' lang='lat' dir='ltr'>omues</span> <span class='ocrx_word' id='word_1_145' title='bbox 1532 2594 1616 2628; x_wconf 89' lang='lat' dir='ltr'>co·</span> 
     </span>
     <span class='ocr_line' id='line_1_30' title="bbox 548 2656 1615 2721; baseline -0.001 -15"><span class='ocrx_word' id='word_1_146' title='bbox 548 2660 690 2708; x_wconf 82' lang='lat' dir='ltr'>dices</span> <span class='ocrx_word' id='word_1_147' title='bbox 726 2660 854 2708; x_wconf 81' lang='lat' dir='ltr'>Mss.</span> <span class='ocrx_word' id='word_1_148' title='bbox 879 2673 1006 2721; x_wconf 86' lang='lat' dir='ltr'>quos</span> <span class='ocrx_word' id='word_1_149' title='bbox 1045 2657 1415 2717; x_wconf 88' lang='lat' dir='ltr'>consuluimus,</span> <span class='ocrx_word' id='word_1_150' title='bbox 1448 2656 1500 2704; x_wconf 91' lang='lat' dir='ltr'>in</span> <span class='ocrx_word' id='word_1_151' title='bbox 1537 2656 1615 2705; x_wconf 81' lang='lat' dir='ltr'>liis</span> 
     </span>
     <span class='ocr_line' id='line_1_31' title="bbox 550 2733 1616 2795; baseline 0 -14"><span class='ocrx_word' id='word_1_152' title='bbox 550 2736 718 2784; x_wconf 87' lang='lat' dir='ltr'>verbis</span> <span class='ocrx_word' id='word_1_153' title='bbox 760 2735 1024 2783; x_wconf 84' lang='lat' dir='ltr'>omiserint</span> <span class='ocrx_word' id='word_1_154' title='bbox 1069 2733 1376 2795; x_wconf 80' lang='lat' dir='ltr'>particulam</span> <span class='ocrx_word' id='word_1_155' title='bbox 1415 2734 1616 2795; x_wconf 85' lang='lat' dir='ltr'>negati·</span> 
     </span>
     <span class='ocr_line' id='line_1_32' title="bbox 548 2809 1614 2874; baseline 0 -16"><span class='ocrx_word' id='word_1_156' title='bbox 548 2826 662 2861; x_wconf 81' lang='lat' dir='ltr'>vam</span> <span class='ocrx_word' id='word_1_157' title='bbox 698 2825 806 2865; x_wconf 77' lang='lat' dir='ltr'>uon,</span> <span class='ocrx_word' id='word_1_158' title='bbox 839 2824 990 2874; x_wconf 86' lang='lat' dir='ltr'>quam</span> <span class='ocrx_word' id='word_1_159' title='bbox 1030 2809 1185 2857; x_wconf 86' lang='lat' dir='ltr'>etiam</span> <span class='ocrx_word' id='word_1_160' title='bbox 1219 2810 1268 2857; x_wconf 90' lang='lat' dir='ltr'>in</span> <span class='ocrx_word' id='word_1_161' title='bbox 1297 2809 1614 2872; x_wconf 78' lang='lat' dir='ltr'>cuspiniani,</span> 
     </span>
     <span class='ocr_line' id='line_1_33' title="bbox 548 2883 1618 2951; baseline -0.004 -13"><span class='ocrx_word' id='word_1_162' title='bbox 548 2886 794 2951; x_wconf 78' lang='lat' dir='ltr'>Gryphii,</span> <span class='ocrx_word' id='word_1_163' title='bbox 818 2894 872 2935; x_wconf 89' lang='lat' dir='ltr'>et</span> <span class='ocrx_word' id='word_1_164' title='bbox 904 2884 1142 2935; x_wconf 86' lang='lat' dir='ltr'>Sicbardi</span> <span class='ocrx_word' id='word_1_165' title='bbox 1178 2883 1491 2933; x_wconf 78' lang='lat' dir='ltr'>editionibus</span> <span class='ocrx_word' id='word_1_166' title='bbox 1527 2883 1618 2934; x_wconf 88' lang='lat' dir='ltr'>de·</span> 
     </span>
     <span class='ocr_line' id='line_1_34' title="bbox 548 2961 1618 3024; baseline -0.003 -11"><span class='ocrx_word' id='word_1_167' title='bbox 548 2965 870 3024; x_wconf 87' lang='lat' dir='ltr'>sideramus;</span> <span class='ocrx_word' id='word_1_168' title='bbox 904 2977 1018 3010; x_wconf 90' lang='lat' dir='ltr'>cum</span> <span class='ocrx_word' id='word_1_169' title='bbox 1056 2975 1171 3010; x_wconf 86' lang='lat' dir='ltr'>earn</span> <span class='ocrx_word' id='word_1_170' title='bbox 1207 2969 1379 3010; x_wconf 84' lang='lat' dir='ltr'>tamen</span> <span class='ocrx_word' id='word_1_171' title='bbox 1412 2961 1477 3010; x_wconf 88' lang='lat' dir='ltr'>ad</span> <span class='ocrx_word' id='word_1_172' title='bbox 1501 2977 1618 3011; x_wconf 86' lang='lat' dir='ltr'>sen-</span> 
     </span>
     <span class='ocr_line' id='line_1_35' title="bbox 548 3036 1622 3101; baseline -0.004 -10"><span class='ocrx_word' id='word_1_173' title='bbox 548 3043 764 3091; x_wconf 82' lang='lat' dir='ltr'>tentiam</span> <span class='ocrx_word' id='word_1_174' title='bbox 781 3036 1199 3089; x_wconf 85' lang='lat' dir='ltr'>constituendam</span> <span class='ocrx_word' id='word_1_175' title='bbox 1214 3037 1510 3101; x_wconf 87' lang='lat' dir='ltr'>judicemus</span> <span class='ocrx_word' id='word_1_176' title='bbox 1528 3051 1622 3087; x_wconf 85' lang='lat' dir='ltr'>ne·</span> 
     </span>
     <span class='ocr_line' id='line_1_36' title="bbox 549 3113 1619 3176; baseline -0.005 -9"><span class='ocrx_word' id='word_1_177' title='bbox 549 3116 846 3171; x_wconf 85' lang='lat' dir='ltr'>cessariam,</span> <span class='ocrx_word' id='word_1_178' title='bbox 875 3114 1194 3176; x_wconf 82' lang='lat' dir='ltr'>eandemque</span> <span class='ocrx_word' id='word_1_179' title='bbox 1225 3114 1334 3175; x_wconf 81' lang='lat' dir='ltr'>jain</span> <span class='ocrx_word' id='word_1_180' title='bbox 1370 3113 1619 3162; x_wconf 85' lang='lat' dir='ltr'>Puteola·</span> 
     </span>
     <span class='ocr_line' id='line_1_37' title="bbox 550 3188 1618 3251; baseline -0.004 -10"><span class='ocrx_word' id='word_1_181' title='bbox 550 3208 647 3241; x_wconf 88' lang='lat' dir='ltr'>nus</span> <span class='ocrx_word' id='word_1_182' title='bbox 672 3200 727 3240; x_wconf 92' lang='lat' dir='ltr'>et</span> <span class='ocrx_word' id='word_1_183' title='bbox 752 3191 1029 3240; x_wconf 77' lang='lat' dir='ltr'>Catanaeus</span> <span class='ocrx_word' id='word_1_184' title='bbox 1050 3189 1359 3251; x_wconf 84' lang='lat' dir='ltr'>evulgariut.</span> <span class='ocrx_word' id='word_1_185' title='bbox 1398 3188 1618 3238; x_wconf 73' lang='lat' dir='ltr'>Schwar-</span> 
     </span>
     <span class='ocr_line' id='line_1_38' title="bbox 548 3283 666 3317; baseline -0.017 -1"><span class='ocrx_word' id='word_1_186' title='bbox 548 3283 666 3317; x_wconf 72' lang='lat' dir='ltr'>zius.</span> 
     </span>
    </p>

    <p class='ocr_par' dir='ltr' id='par_1_7' title="bbox 616 3339 1624 3403">
     <span class='ocr_line' id='line_1_39' title="bbox 616 3339 1624 3403; baseline -0.003 -12"><span class='ocrx_word' id='word_1_187' title='bbox 616 3340 820 3403; x_wconf 77' lang='lat' dir='ltr'>Postea]</span> <span class='ocrx_word' id='word_1_188' title='bbox 853 3340 985 3389; x_wconf 85' lang='lat' dir='ltr'>Post</span> <span class='ocrx_word' id='word_1_189' title='bbox 1016 3339 1150 3389; x_wconf 89' lang='lat' dir='ltr'>diem</span> <span class='ocrx_word' id='word_1_190' title='bbox 1177 3341 1251 3390; x_wconf 90' lang='lat' dir='ltr'>tui</span> <span class='ocrx_word' id='word_1_191' title='bbox 1280 3339 1455 3390; x_wconf 88' lang='lat' dir='ltr'>edicti.</span> <span class='ocrx_word' id='word_1_192' title='bbox 1485 3340 1624 3403; x_wconf 79' lang='lat' dir='ltr'>Lips.</span> 
     </span>
    </p>

    <p class='ocr_par' dir='ltr' id='par_1_8' title="bbox 552 3417 1621 3620">
     <span class='ocr_line' id='line_1_40' title="bbox 621 3417 1621 3480; baseline -0.002 -14"><span class='ocrx_word' id='word_1_193' title='bbox 621 3419 761 3474; x_wconf 80' lang='lat' dir='ltr'>Quod</span> <span class='ocrx_word' id='word_1_194' title='bbox 785 3433 877 3466; x_wconf 81' lang='lat' dir='ltr'>non</span> <span class='ocrx_word' id='word_1_195' title='bbox 898 3422 1020 3466; x_wconf 78' lang='lat' dir='ltr'>esset</span> <span class='ocrx_word' id='word_1_196' title='bbox 1039 3421 1198 3479; x_wconf 73' lang='lat' dir='ltr'>postea</span> <span class='ocrx_word' id='word_1_197' title='bbox 1216 3417 1480 3480; x_wconf 79' lang='lat' dir='ltr'>debiturus]</span> <span class='ocrx_word' id='word_1_198' title='bbox 1502 3417 1621 3465; x_wconf 86' lang='lat' dir='ltr'>Fal·</span> 
     </span>
     <span class='ocr_line' id='line_1_41' title="bbox 553 3493 1621 3556; baseline -0.002 -13"><span class='ocrx_word' id='word_1_199' title='bbox 553 3510 608 3543; x_wconf 90' lang='lat' dir='ltr'>so</span> <span class='ocrx_word' id='word_1_200' title='bbox 632 3496 684 3543; x_wconf 89' lang='lat' dir='ltr'>in</span> <span class='ocrx_word' id='word_1_201' title='bbox 712 3496 781 3542; x_wconf 85' lang='lat' dir='ltr'>V.</span> <span class='ocrx_word' id='word_1_202' title='bbox 805 3495 863 3544; x_wconf 88' lang='lat' dir='ltr'>C.</span> <span class='ocrx_word' id='word_1_203' title='bbox 886 3495 1092 3556; x_wconf 84' lang='lat' dir='ltr'>negatio</span> <span class='ocrx_word' id='word_1_204' title='bbox 1117 3494 1282 3542; x_wconf 88' lang='lat' dir='ltr'>abest.</span> <span class='ocrx_word' id='word_1_205' title='bbox 1348 3493 1621 3541; x_wconf 83' lang='lat' dir='ltr'>Sententia</span> 
     </span>
     <span class='ocr_line' id='line_1_42' title="bbox 552 3569 1230 3620; baseline -0.001 0"><span class='ocrx_word' id='word_1_206' title='bbox 552 3569 830 3620; x_wconf 84' lang='lat' dir='ltr'>manifeste</span> <span class='ocrx_word' id='word_1_207' title='bbox 855 3569 1031 3618; x_wconf 89' lang='lat' dir='ltr'>docet.</span> <span class='ocrx_word' id='word_1_208' title='bbox 1066 3569 1230 3619; x_wconf 73' lang='lat' dir='ltr'>Licin.</span> 
     </span>
    </p>

    <p class='ocr_par' dir='ltr' id='par_1_9' title="bbox 551 3646 1633 4325">
     <span class='ocr_line' id='line_1_43' title="bbox 622 3646 1623 3710; baseline 0 -16"><span class='ocrx_word' id='word_1_209' title='bbox 622 3647 756 3696; x_wconf 84' lang='lat' dir='ltr'>Idem</span> <span class='ocrx_word' id='word_1_210' title='bbox 778 3646 1008 3710; x_wconf 80' lang='lat' dir='ltr'>effecisti]</span> <span class='ocrx_word' id='word_1_211' title='bbox 1046 3647 1181 3695; x_wconf 80' lang='lat' dir='ltr'>Idem</span> <span class='ocrx_word' id='word_1_212' title='bbox 1199 3646 1389 3705; x_wconf 76' lang='lat' dir='ltr'>fecisti.</span> <span class='ocrx_word' id='word_1_213' title='bbox 1460 3646 1623 3695; x_wconf 82' lang='lat' dir='ltr'>Nulla</span> 
     </span>
     <span class='ocr_line' id='line_1_44' title="bbox 551 3721 1623 3786; baseline -0.002 -13"><span class='ocrx_word' id='word_1_214' title='bbox 551 3723 637 3773; x_wconf 85' lang='lat' dir='ltr'>hic</span> <span class='ocrx_word' id='word_1_215' title='bbox 670 3723 793 3772; x_wconf 88' lang='lat' dir='ltr'>mibi</span> <span class='ocrx_word' id='word_1_216' title='bbox 831 3722 1109 3771; x_wconf 85' lang='lat' dir='ltr'>diversitas</span> <span class='ocrx_word' id='word_1_217' title='bbox 1146 3721 1198 3770; x_wconf 88' lang='lat' dir='ltr'>in</span> <span class='ocrx_word' id='word_1_218' title='bbox 1238 3722 1623 3786; x_wconf 81' lang='lat' dir='ltr'>exemplaribus</span> 
     </span>
     <span class='ocr_line' id='line_1_45' title="bbox 554 3798 1624 3862; baseline -0.003 -12"><span class='ocrx_word' id='word_1_219' title='bbox 554 3807 759 3860; x_wconf 87' lang='lat' dir='ltr'>notata,</span> <span class='ocrx_word' id='word_1_220' title='bbox 797 3799 894 3847; x_wconf 89' lang='lat' dir='ltr'>uisi</span> <span class='ocrx_word' id='word_1_221' title='bbox 931 3798 1066 3862; x_wconf 89' lang='lat' dir='ltr'>quod</span> <span class='ocrx_word' id='word_1_222' title='bbox 1113 3799 1165 3846; x_wconf 92' lang='lat' dir='ltr'>in</span> <span class='ocrx_word' id='word_1_223' title='bbox 1199 3798 1261 3848; x_wconf 89' lang='lat' dir='ltr'>C.</span> <span class='ocrx_word' id='word_1_224' title='bbox 1291 3798 1465 3847; x_wconf 84' lang='lat' dir='ltr'>editur</span> <span class='ocrx_word' id='word_1_225' title='bbox 1488 3799 1624 3847; x_wconf 88' lang='lat' dir='ltr'>Idem</span> 
     </span>
     <span class='ocr_line' id='line_1_46' title="bbox 554 3871 1625 3940; baseline 0 -16"><span class='ocrx_word' id='word_1_226' title='bbox 554 3875 775 3940; x_wconf 78' lang='lat' dir='ltr'>effecisti.</span> <span class='ocrx_word' id='word_1_227' title='bbox 844 3876 1048 3924; x_wconf 88' lang='lat' dir='ltr'>Bonum</span> <span class='ocrx_word' id='word_1_228' title='bbox 1089 3871 1303 3935; x_wconf 82' lang='lat' dir='ltr'>factum,</span> <span class='ocrx_word' id='word_1_229' title='bbox 1338 3881 1394 3925; x_wconf 93' lang='lat' dir='ltr'>et</span> <span class='ocrx_word' id='word_1_230' title='bbox 1434 3874 1625 3925; x_wconf 81' lang='lat' dir='ltr'>fallor?</span> 
     </span>
     <span class='ocr_line' id='line_1_47' title="bbox 557 3950 1630 4017; baseline 0 -16"><span class='ocrx_word' id='word_1_231' title='bbox 557 3967 619 4001; x_wconf 88' lang='lat' dir='ltr'>an</span> <span class='ocrx_word' id='word_1_232' title='bbox 644 3950 815 3999; x_wconf 88' lang='lat' dir='ltr'>aditus</span> <span class='ocrx_word' id='word_1_233' title='bbox 841 3952 957 3999; x_wconf 86' lang='lat' dir='ltr'>binc</span> <span class='ocrx_word' id='word_1_234' title='bbox 985 3951 1093 4013; x_wconf 89' lang='lat' dir='ltr'>jam</span> <span class='ocrx_word' id='word_1_235' title='bbox 1120 3950 1416 4017; x_wconf 84' lang='lat' dir='ltr'>expeditus,</span> <span class='ocrx_word' id='word_1_236' title='bbox 1439 3966 1539 4015; x_wconf 84' lang='lat' dir='ltr'>qua</span> <span class='ocrx_word' id='word_1_237' title='bbox 1570 3951 1630 4001; x_wconf 62' lang='lat' dir='ltr'>iu«</span> 
     </span>
     <span class='ocr_line' id='line_1_48' title="bbox 555 4027 1624 4080; baseline -0.001 -2"><span class='ocrx_word' id='word_1_238' title='bbox 555 4030 723 4080; x_wconf 85' lang='lat' dir='ltr'>lucem</span> <span class='ocrx_word' id='word_1_239' title='bbox 758 4042 824 4078; x_wconf 83' lang='lat' dir='ltr'>ex</span> <span class='ocrx_word' id='word_1_240' title='bbox 857 4027 933 4077; x_wconf 79' lang='lat' dir='ltr'>liis</span> <span class='ocrx_word' id='word_1_241' title='bbox 959 4027 1191 4078; x_wconf 88' lang='lat' dir='ltr'>tenebris</span> <span class='ocrx_word' id='word_1_242' title='bbox 1217 4028 1471 4078; x_wconf 79' lang='lat' dir='ltr'>evadam?</span> <span class='ocrx_word' id='word_1_243' title='bbox 1507 4042 1624 4078; x_wconf 87' lang='lat' dir='ltr'>nam</span> 
     </span>
     <span class='ocr_line' id='line_1_49' title="bbox 557 4106 1628 4170; baseline 0 -15"><span class='ocrx_word' id='word_1_244' title='bbox 557 4106 658 4157; x_wconf 87' lang='lat' dir='ltr'>hoc</span> <span class='ocrx_word' id='word_1_245' title='bbox 682 4106 920 4170; x_wconf 86' lang='lat' dir='ltr'>primum,</span> <span class='ocrx_word' id='word_1_246' title='bbox 942 4107 1140 4165; x_wconf 87' lang='lat' dir='ltr'>literas,</span> <span class='ocrx_word' id='word_1_247' title='bbox 1162 4121 1279 4170; x_wconf 72' lang='lat' dir='ltr'>quae</span> <span class='ocrx_word' id='word_1_248' title='bbox 1304 4106 1628 4170; x_wconf 84' lang='lat' dir='ltr'>coaluerant,</span> 
     </span>
     <span class='ocr_line' id='line_1_50' title="bbox 558 4184 1633 4250; baseline 0 -17"><span class='ocrx_word' id='word_1_249' title='bbox 558 4184 805 4250; x_wconf 79' lang='lat' dir='ltr'>dejunge,</span> <span class='ocrx_word' id='word_1_250' title='bbox 830 4185 949 4235; x_wconf 88' lang='lat' dir='ltr'>iude</span> <span class='ocrx_word' id='word_1_251' title='bbox 980 4184 1219 4248; x_wconf 82' lang='lat' dir='ltr'>observo,</span> <span class='ocrx_word' id='word_1_252' title='bbox 1256 4190 1282 4233; x_wconf 71' lang='grc' dir='ltr'><strong>ὅ</strong></span> <span class='ocrx_word' id='word_1_253' title='bbox 1311 4184 1365 4233; x_wconf 88' lang='lat' dir='ltr'>iu</span> <span class='ocrx_word' id='word_1_254' title='bbox 1403 4186 1633 4235; x_wconf 79' lang='lat' dir='ltr'>exarati·</span> 
     </span>
     <span class='ocr_line' id='line_1_51' title="bbox 562 4259 1632 4325; baseline 0.002 -17"><span class='ocrx_word' id='word_1_255' title='bbox 562 4259 646 4310; x_wconf 86' lang='lat' dir='ltr'>tiis</span> <span class='ocrx_word' id='word_1_256' title='bbox 679 4260 827 4311; x_wconf 87' lang='lat' dir='ltr'>libris</span> <span class='ocrx_word' id='word_1_257' title='bbox 863 4276 1000 4313; x_wconf 89' lang='lat' dir='ltr'>nuuc</span> <span class='ocrx_word' id='word_1_258' title='bbox 1033 4276 1125 4319; x_wconf 77' lang='lat' dir='ltr'>em,</span> <span class='ocrx_word' id='word_1_259' title='bbox 1146 4274 1285 4312; x_wconf 83' lang='lat' dir='ltr'>nnuc</span> <span class='ocrx_word' id='word_1_260' title='bbox 1314 4265 1404 4325; x_wconf 78' lang='lat' dir='ltr'>est,</span> <span class='ocrx_word' id='word_1_261' title='bbox 1436 4262 1632 4324; x_wconf 81' lang='lat' dir='ltr'>valere,</span> 
     </span>
    </p>
   </div>
   <div class='ocr_carea' id='block_1_4' title="bbox 1239 355 2050 410">
    <p class='ocr_par' dir='ltr' id='par_1_10' title="bbox 1239 355 2050 410">
     <span class='ocr_line' id='line_1_52' title="bbox 1239 355 2050 410; baseline -0.009 0"><span class='ocrx_word' id='word_1_262' title='bbox 1239 360 1459 410; x_wconf 58' lang='lat' dir='ltr'>NOTA!</span> <span class='ocrx_word' id='word_1_263' title='bbox 1506 356 1918 407; x_wconf 76' lang='lat' dir='ltr'>VARIORUM</span> <span class='ocrx_word' id='word_1_264' title='bbox 1969 355 2050 403; x_wconf 77' lang='lat' dir='ltr'>nt</span> 
     </span>
    </p>
   </div>
   <div class='ocr_carea' id='block_1_5' title="bbox 1680 491 2778 4324">
    <p class='ocr_par' dir='ltr' id='par_1_11' title="bbox 1680 491 2770 3305">
     <span class='ocr_line' id='line_1_53' title="bbox 1685 491 2749 565; baseline -0.006 -17"><span class='ocrx_word' id='word_1_265' title='bbox 1685 500 1825 565; x_wconf 90' lang='lat' dir='ltr'>quod</span> <span class='ocrx_word' id='word_1_266' title='bbox 1849 511 2002 562; x_wconf 83' lang='lat' dir='ltr'>snpra</span> <span class='ocrx_word' id='word_1_267' title='bbox 2030 507 2229 546; x_wconf 77' lang='lat' dir='ltr'>xxxvt-</span> <span class='ocrx_word' id='word_1_268' title='bbox 2250 498 2300 544; x_wconf 74' lang='lat'>4.</span> <span class='ocrx_word' id='word_1_269' title='bbox 2322 491 2388 543; x_wconf 84' lang='lat' dir='ltr'>ad</span> <span class='ocrx_word' id='word_1_270' title='bbox 2416 493 2526 551; x_wconf 85' lang='lat' dir='ltr'>illa,</span> <span class='ocrx_word' id='word_1_271' title='bbox 2565 493 2749 544; x_wconf 81' lang='lat' dir='ltr'>‘exco-</span> 
     </span>
     <span class='ocr_line' id='line_1_54' title="bbox 1686 566 2747 643; baseline -0.006 -17"><span class='ocrx_word' id='word_1_272' title='bbox 1686 580 1903 643; x_wconf 87' lang='lat' dir='ltr'>gitatum</span> <span class='ocrx_word' id='word_1_273' title='bbox 1940 566 2276 635; x_wconf 54' lang='lat' dir='ltr'>cruciatu—ess</span> <span class='ocrx_word' id='word_1_274' title='bbox 2307 568 2516 635; x_wconf 79' lang='lat' dir='ltr'>fugerat</span> <span class='ocrx_word' id='word_1_275' title='bbox 2535 586 2616 620; x_wconf 89' lang='lat' dir='ltr'>me</span> <span class='ocrx_word' id='word_1_276' title='bbox 2640 586 2747 621; x_wconf 87' lang='lat' dir='ltr'>mo·</span> 
     </span>
     <span class='ocr_line' id='line_1_55' title="bbox 1686 651 2748 718; baseline -0.006 -15"><span class='ocrx_word' id='word_1_277' title='bbox 1686 670 1830 704; x_wconf 86' lang='lat' dir='ltr'>nere.</span> <span class='ocrx_word' id='word_1_278' title='bbox 1883 653 2054 718; x_wconf 83' lang='lat' dir='ltr'>Igitur</span> <span class='ocrx_word' id='word_1_279' title='bbox 2075 652 2201 701; x_wconf 86' lang='lat' dir='ltr'>idem</span> <span class='ocrx_word' id='word_1_280' title='bbox 2224 651 2274 699; x_wconf 91' lang='lat' dir='ltr'>in</span> <span class='ocrx_word' id='word_1_281' title='bbox 2298 652 2351 698; x_wconf 86' lang='lat' dir='ltr'>id</span> <span class='ocrx_word' id='word_1_282' title='bbox 2375 654 2443 698; x_wconf 83' lang='lat' dir='ltr'>est</span> <span class='ocrx_word' id='word_1_283' title='bbox 2467 653 2748 709; x_wconf 86' lang='lat' dir='ltr'>commuto,</span> 
     </span>
     <span class='ocr_line' id='line_1_56' title="bbox 1687 723 2748 785; baseline -0.008 -6"><span class='ocrx_word' id='word_1_284' title='bbox 1687 740 1740 781; x_wconf 89' lang='lat' dir='ltr'>et</span> <span class='ocrx_word' id='word_1_285' title='bbox 1764 745 1960 780; x_wconf 83' lang='lat' dir='ltr'>omnem</span> <span class='ocrx_word' id='word_1_286' title='bbox 1984 729 2120 779; x_wconf 87' lang='lat' dir='ltr'>huuc</span> <span class='ocrx_word' id='word_1_287' title='bbox 2157 730 2328 776; x_wconf 88' lang='lat' dir='ltr'>locum</span> <span class='ocrx_word' id='word_1_288' title='bbox 2361 725 2434 775; x_wconf 88' lang='lat' dir='ltr'>sic</span> <span class='ocrx_word' id='word_1_289' title='bbox 2467 723 2748 785; x_wconf 89' lang='lat' dir='ltr'>constituo,</span> 
     </span>
     <span class='ocr_line' id='line_1_57' title="bbox 1680 799 2752 872; baseline -0.006 -15"><span class='ocrx_word' id='word_1_290' title='bbox 1680 814 1790 872; x_wconf 82' lang='lat' dir='ltr'>post</span> <span class='ocrx_word' id='word_1_291' title='bbox 1810 806 2072 869; x_wconf 71' lang='lat' dir='ltr'>debiturus,</span> <span class='ocrx_word' id='word_1_292' title='bbox 2102 806 2154 854; x_wconf 80' lang='lat' dir='ltr'>id</span> <span class='ocrx_word' id='word_1_293' title='bbox 2176 810 2265 861; x_wconf 78' lang='lat' dir='ltr'>est,</span> <span class='ocrx_word' id='word_1_294' title='bbox 2288 802 2461 864; x_wconf 80' lang='lat' dir='ltr'>fecisti</span> <span class='ocrx_word' id='word_1_295' title='bbox 2498 801 2607 865; x_wconf 83' lang='lat' dir='ltr'>(seu</span> <span class='ocrx_word' id='word_1_296' title='bbox 2640 799 2752 864; x_wconf 79' lang='lat' dir='ltr'>effe·</span> 
     </span>
     <span class='ocr_line' id='line_1_58' title="bbox 1686 878 2751 945; baseline -0.009 -11"><span class='ocrx_word' id='word_1_297' title='bbox 1686 884 1820 945; x_wconf 71' lang='lat' dir='ltr'>cisti)</span> <span class='ocrx_word' id='word_1_298' title='bbox 1843 899 1901 933; x_wconf 77' lang='lat' dir='ltr'>ne</span> <span class='ocrx_word' id='word_1_299' title='bbox 1932 884 2045 932; x_wconf 83' lang='lat' dir='ltr'>mal.</span> <span class='ocrx_word' id='word_1_300' title='bbox 2077 882 2233 945; x_wconf 73' lang='grc' dir='ltr'><strong>ρηίιε.</strong></span> <span class='ocrx_word' id='word_1_301' title='bbox 2266 880 2604 934; x_wconf 70' lang='lat' dir='ltr'>habuissemus,</span> <span class='ocrx_word' id='word_1_302' title='bbox 2639 878 2751 941; x_wconf 76' lang='lat' dir='ltr'>(qao</span> 
     </span>
     <span class='ocr_line' id='line_1_59' title="bbox 1688 953 2750 1024; baseline -0.008 -14"><span class='ocrx_word' id='word_1_303' title='bbox 1688 958 1947 1024; x_wconf 74' lang='lat' dir='ltr'>ingenio&#39;I)</span> <span class='ocrx_word' id='word_1_304' title='bbox 1992 961 2038 1009; x_wconf 80' lang='lat' dir='ltr'>si</span> <span class='ocrx_word' id='word_1_305' title='bbox 2084 959 2278 1009; x_wconf 67' lang='lat' dir='ltr'>Natura</span> <span class='ocrx_word' id='word_1_306' title='bbox 2315 961 2580 1022; x_wconf 73' lang='lat' dir='ltr'>pateretur.</span> <span class='ocrx_word' id='word_1_307' title='bbox 2646 953 2750 1003; x_wconf 79' lang='lat' dir='ltr'>sed</span> 
     </span>
     <span class='ocr_line' id='line_1_60' title="bbox 1688 1033 2754 1100; baseline -0.007 -14"><span class='ocrx_word' id='word_1_308' title='bbox 1688 1052 1886 1098; x_wconf 89' lang='lat' dir='ltr'>eamus,</span> <span class='ocrx_word' id='word_1_309' title='bbox 1921 1037 1963 1086; x_wconf 87' lang='lat' dir='ltr'>si</span> <span class='ocrx_word' id='word_1_310' title='bbox 1999 1039 2186 1100; x_wconf 88' lang='lat' dir='ltr'>placet,</span> <span class='ocrx_word' id='word_1_311' title='bbox 2213 1049 2308 1097; x_wconf 90' lang='lat' dir='ltr'>per</span> <span class='ocrx_word' id='word_1_312' title='bbox 2343 1041 2534 1097; x_wconf 87' lang='lat' dir='ltr'>partes,</span> <span class='ocrx_word' id='word_1_313' title='bbox 2561 1039 2616 1081; x_wconf 90' lang='lat' dir='ltr'>et</span> <span class='ocrx_word' id='word_1_314' title='bbox 2650 1033 2754 1080; x_wconf 87' lang='lat' dir='ltr'>siu-</span> 
     </span>
     <span class='ocr_line' id='line_1_61' title="bbox 1690 1109 2753 1177; baseline -0.005 -16"><span class='ocrx_word' id='word_1_315' title='bbox 1690 1115 1811 1177; x_wconf 87' lang='lat' dir='ltr'>gula</span> <span class='ocrx_word' id='word_1_316' title='bbox 1833 1114 2167 1163; x_wconf 87' lang='lat' dir='ltr'>illustremus.</span> <span class='ocrx_word' id='word_1_317' title='bbox 2198 1116 2213 1141; x_wconf 81' lang='lat'>⁸</span> <span class='ocrx_word' id='word_1_318' title='bbox 2235 1113 2319 1162; x_wconf 91' lang='lat' dir='ltr'>Ne</span> <span class='ocrx_word' id='word_1_319' title='bbox 2336 1110 2456 1161; x_wconf 91' lang='lat' dir='ltr'>mal.</span> <span class='ocrx_word' id='word_1_320' title='bbox 2482 1111 2648 1174; x_wconf 89' lang='lat' dir='ltr'>princ.</span> <span class='ocrx_word' id='word_1_321' title='bbox 2665 1109 2753 1157; x_wconf 83' lang='lat' dir='ltr'>ba-</span> 
     </span>
     <span class='ocr_line' id='line_1_62' title="bbox 1690 1185 2754 1249; baseline -0.005 -10"><span class='ocrx_word' id='word_1_322' title='bbox 1690 1189 2015 1245; x_wconf 80' lang='lat' dir='ltr'>buissemus,’</span> <span class='ocrx_word' id='word_1_323' title='bbox 2040 1188 2335 1238; x_wconf 78' lang='lat' dir='ltr'>duriuscule</span> <span class='ocrx_word' id='word_1_324' title='bbox 2360 1185 2514 1249; x_wconf 81' lang='lat' dir='ltr'>dixit,</span> <span class='ocrx_word' id='word_1_325' title='bbox 2536 1200 2632 1248; x_wconf 82' lang='lat' dir='ltr'>pro</span> <span class='ocrx_word' id='word_1_326' title='bbox 2661 1191 2675 1214; x_wconf 87' lang='lat'>‘</span> <span class='ocrx_word' id='word_1_327' title='bbox 2694 1193 2754 1234; x_wconf 91' lang='grc' dir='ltr'>ιιι</span> 
     </span>
     <span class='ocr_line' id='line_1_63' title="bbox 1689 1261 2753 1330; baseline -0.004 -15"><span class='ocrx_word' id='word_1_328' title='bbox 1689 1266 1851 1315; x_wconf 82' lang='lat' dir='ltr'>videri</span> <span class='ocrx_word' id='word_1_329' title='bbox 1871 1281 2133 1330; x_wconf 79' lang='lat' dir='ltr'>possemus</span> <span class='ocrx_word' id='word_1_330' title='bbox 2150 1265 2266 1313; x_wconf 87' lang='lat' dir='ltr'>mal.</span> <span class='ocrx_word' id='word_1_331' title='bbox 2285 1264 2450 1327; x_wconf 85' lang='lat' dir='ltr'>princ.</span> <span class='ocrx_word' id='word_1_332' title='bbox 2468 1277 2569 1311; x_wconf 93' lang='lat' dir='ltr'>non</span> <span class='ocrx_word' id='word_1_333' title='bbox 2590 1261 2753 1312; x_wconf 84' lang='lat' dir='ltr'>habu·</span> 
     </span>
     <span class='ocr_line' id='line_1_64' title="bbox 1691 1340 2755 1405; baseline -0.004 -14"><span class='ocrx_word' id='word_1_334' title='bbox 1691 1342 1831 1392; x_wconf 87' lang='lat' dir='ltr'>isse.&#39;</span> <span class='ocrx_word' id='word_1_335' title='bbox 1877 1343 2100 1394; x_wconf 85' lang='lat' dir='ltr'>Gemina</span> <span class='ocrx_word' id='word_1_336' title='bbox 2124 1340 2324 1405; x_wconf 79' lang='lat' dir='ltr'>phrasis</span> <span class='ocrx_word' id='word_1_337' title='bbox 2347 1348 2402 1389; x_wconf 92' lang='lat' dir='ltr'>et</span> <span class='ocrx_word' id='word_1_338' title='bbox 2439 1353 2616 1402; x_wconf 79' lang='lat' dir='ltr'>supra,</span> <span class='ocrx_word' id='word_1_339' title='bbox 2651 1344 2667 1367; x_wconf 81' lang='grc'><em>·</em></span> <span class='ocrx_word' id='word_1_340' title='bbox 2687 1353 2755 1388; x_wconf 84' lang='lat' dir='ltr'>ue</span> 
     </span>
     <span class='ocr_line' id='line_1_65' title="bbox 1690 1417 2754 1485; baseline -0.003 -17"><span class='ocrx_word' id='word_1_341' title='bbox 1690 1421 1805 1485; x_wconf 85' lang='lat' dir='ltr'>quis</span> <span class='ocrx_word' id='word_1_342' title='bbox 1826 1429 2135 1484; x_wconf 85' lang='lat' dir='ltr'>occupatus,</span> <span class='ocrx_word' id='word_1_343' title='bbox 2153 1432 2216 1468; x_wconf 89' lang='lat' dir='ltr'>ne</span> <span class='ocrx_word' id='word_1_344' title='bbox 2234 1418 2347 1483; x_wconf 86' lang='lat' dir='ltr'>quis</span> <span class='ocrx_word' id='word_1_345' title='bbox 2362 1417 2584 1481; x_wconf 89' lang='lat' dir='ltr'>denique</span> <span class='ocrx_word' id='word_1_346' title='bbox 2601 1417 2754 1479; x_wconf 83' lang='lat' dir='ltr'>longe</span> 
     </span>
     <span class='ocr_line' id='line_1_66' title="bbox 1692 1495 2758 1561; baseline -0.002 -14"><span class='ocrx_word' id='word_1_347' title='bbox 1692 1497 1917 1549; x_wconf 81' lang='lat' dir='ltr'>fuisset.’</span> <span class='ocrx_word' id='word_1_348' title='bbox 1953 1501 2196 1561; x_wconf 84' lang='lat' dir='ltr'>Rursum,</span> <span class='ocrx_word' id='word_1_349' title='bbox 2217 1501 2232 1527; x_wconf 89' lang='lat'>‘</span> <span class='ocrx_word' id='word_1_350' title='bbox 2250 1505 2308 1548; x_wconf 91' lang='lat' dir='ltr'>ut</span> <span class='ocrx_word' id='word_1_351' title='bbox 2326 1511 2438 1561; x_wconf 61' lang='lat' dir='ltr'>quas</span> <span class='ocrx_word' id='word_1_352' title='bbox 2464 1497 2600 1546; x_wconf 85' lang='lat' dir='ltr'>male</span> <span class='ocrx_word' id='word_1_353' title='bbox 2615 1495 2758 1546; x_wconf 78' lang='lat' dir='ltr'>fece-</span> 
     </span>
     <span class='ocr_line' id='line_1_67' title="bbox 1691 1573 2756 1640; baseline -0.004 -16"><span class='ocrx_word' id='word_1_354' title='bbox 1691 1589 1794 1639; x_wconf 87' lang='lat' dir='ltr'>ras,</span> <span class='ocrx_word' id='word_1_355' title='bbox 1838 1577 2047 1640; x_wconf 90' lang='lat' dir='ltr'>impune</span> <span class='ocrx_word' id='word_1_356' title='bbox 2094 1573 2338 1625; x_wconf 83' lang='lat' dir='ltr'>tulisses.&#39;</span> <span class='ocrx_word' id='word_1_357' title='bbox 2408 1576 2515 1631; x_wconf 77' lang='lat' dir='ltr'>Quo</span> <span class='ocrx_word' id='word_1_358' title='bbox 2564 1574 2756 1635; x_wconf 75' lang='lat' dir='ltr'>ingenio</span> 
     </span>
     <span class='ocr_line' id='line_1_68' title="bbox 1691 1650 2756 1716; baseline -0.002 -16"><span class='ocrx_word' id='word_1_359' title='bbox 1691 1652 1874 1701; x_wconf 86' lang='lat' dir='ltr'>inclusi</span> <span class='ocrx_word' id='word_1_360' title='bbox 1918 1653 2237 1716; x_wconf 84' lang='lat' dir='ltr'>parenthesi,</span> <span class='ocrx_word' id='word_1_361' title='bbox 2278 1661 2331 1701; x_wconf 90' lang='lat' dir='ltr'>et</span> <span class='ocrx_word' id='word_1_362' title='bbox 2367 1659 2540 1702; x_wconf 87' lang='lat' dir='ltr'>uotam</span> <span class='ocrx_word' id='word_1_363' title='bbox 2579 1650 2756 1700; x_wconf 82' lang='lat' dir='ltr'>addidi</span> 
     </span>
     <span class='ocr_line' id='line_1_69' title="bbox 1691 1725 2758 1792; baseline -0.001 -16"><span class='ocrx_word' id='word_1_364' title='bbox 1691 1729 2132 1792; x_wconf 81' lang='lat' dir='ltr'>interrogationis.</span> <span class='ocrx_word' id='word_1_365' title='bbox 2203 1728 2424 1778; x_wconf 85' lang='lat' dir='ltr'>Videtur</span> <span class='ocrx_word' id='word_1_366' title='bbox 2467 1727 2607 1776; x_wconf 86' lang='lat' dir='ltr'>enim</span> <span class='ocrx_word' id='word_1_367' title='bbox 2653 1725 2758 1775; x_wconf 85' lang='lat' dir='ltr'>Pli-</span> 
     </span>
     <span class='ocr_line' id='line_1_70' title="bbox 1694 1802 2758 1866; baseline 0 -14"><span class='ocrx_word' id='word_1_368' title='bbox 1694 1805 1808 1854; x_wconf 83' lang='lat' dir='ltr'>nius</span> <span class='ocrx_word' id='word_1_369' title='bbox 1856 1805 1923 1854; x_wconf 90' lang='lat' dir='ltr'>de</span> <span class='ocrx_word' id='word_1_370' title='bbox 1969 1806 2223 1856; x_wconf 88' lang='lat' dir='ltr'>industria</span> <span class='ocrx_word' id='word_1_371' title='bbox 2268 1804 2472 1866; x_wconf 82' lang='lat' dir='ltr'>gavisus</span> <span class='ocrx_word' id='word_1_372' title='bbox 2516 1802 2758 1852; x_wconf 81' lang='lat' dir='ltr'>brevibus</span> 
     </span>
     <span class='ocr_line' id='line_1_71' title="bbox 1689 1881 2758 1949; baseline -0.002 -19"><span class='ocrx_word' id='word_1_373' title='bbox 1689 1882 1981 1946; x_wconf 85' lang='lat' dir='ltr'>hujusmodi</span> <span class='ocrx_word' id='word_1_374' title='bbox 2004 1883 2086 1949; x_wconf 92' lang='lat' dir='ltr'>(ut</span> <span class='ocrx_word' id='word_1_375' title='bbox 2116 1883 2191 1933; x_wconf 88' lang='lat' dir='ltr'>sic</span> <span class='ocrx_word' id='word_1_376' title='bbox 2215 1881 2424 1947; x_wconf 89' lang='lat' dir='ltr'>loquar)</span> <span class='ocrx_word' id='word_1_377' title='bbox 2446 1881 2758 1931; x_wconf 89' lang='lat' dir='ltr'>incisiuncu-</span> 
     </span>
     <span class='ocr_line' id='line_1_72' title="bbox 1689 1955 2757 2020; baseline 0 -15"><span class='ocrx_word' id='word_1_378' title='bbox 1689 1958 1774 2007; x_wconf 86' lang='lat' dir='ltr'>lis.</span> <span class='ocrx_word' id='word_1_379' title='bbox 1828 1957 1989 2020; x_wconf 86' lang='lat' dir='ltr'>Ante,</span> <span class='ocrx_word' id='word_1_380' title='bbox 2028 1966 2043 1986; x_wconf 72' lang='lat'>⁸</span> <span class='ocrx_word' id='word_1_381' title='bbox 2065 1958 2222 2007; x_wconf 87' lang='lat' dir='ltr'>Curni</span> <span class='ocrx_word' id='word_1_382' title='bbox 2246 1964 2415 2006; x_wconf 85' lang='lat' dir='ltr'>autem</span> <span class='ocrx_word' id='word_1_383' title='bbox 2436 1955 2472 2005; x_wconf 86' lang='lat'>?&#39;</span> <span class='ocrx_word' id='word_1_384' title='bbox 2524 1957 2591 2006; x_wconf 82' lang='lat' dir='ltr'>Et</span> <span class='ocrx_word' id='word_1_385' title='bbox 2620 1955 2757 2006; x_wconf 79' lang='lat' dir='ltr'>infra</span> 
     </span>
     <span class='ocr_line' id='line_1_73' title="bbox 1690 2031 2758 2097; baseline 0 -16"><span class='ocrx_word' id='word_1_386' title='bbox 1690 2033 1901 2096; x_wconf 91' lang='lat' dir='ltr'>iterum,</span> <span class='ocrx_word' id='word_1_387' title='bbox 1937 2041 1950 2063; x_wconf 84' lang='lat'><strong><em>⁴</em></strong></span> <span class='ocrx_word' id='word_1_388' title='bbox 1973 2033 2163 2087; x_wconf 84' lang='lat' dir='ltr'>Quidni</span> <span class='ocrx_word' id='word_1_389' title='bbox 2178 2032 2213 2084; x_wconf 84' lang='lat'>?&#39;</span> <span class='ocrx_word' id='word_1_390' title='bbox 2246 2034 2312 2082; x_wconf 87' lang='lat' dir='ltr'>de</span> <span class='ocrx_word' id='word_1_391' title='bbox 2338 2031 2510 2096; x_wconf 88' lang='lat' dir='ltr'>quoin</span> <span class='ocrx_word' id='word_1_392' title='bbox 2535 2046 2589 2082; x_wconf 87' lang='lat' dir='ltr'>re</span> <span class='ocrx_word' id='word_1_393' title='bbox 2621 2047 2758 2097; x_wconf 69' lang='lat' dir='ltr'>pre-</span> 
     </span>
     <span class='ocr_line' id='line_1_74' title="bbox 1690 2111 2757 2177; baseline 0 -18"><span class='ocrx_word' id='word_1_394' title='bbox 1690 2118 1855 2161; x_wconf 86' lang='lat' dir='ltr'>sente.</span> <span class='ocrx_word' id='word_1_395' title='bbox 1903 2111 2161 2177; x_wconf 86' lang='lat' dir='ltr'>Denique,</span> <span class='ocrx_word' id='word_1_396' title='bbox 2177 2111 2193 2138; x_wconf 87' lang='lat'>‘</span> <span class='ocrx_word' id='word_1_397' title='bbox 2209 2111 2249 2160; x_wconf 89' lang='lat' dir='ltr'>si</span> <span class='ocrx_word' id='word_1_398' title='bbox 2267 2118 2450 2160; x_wconf 88' lang='lat' dir='ltr'>natura</span> <span class='ocrx_word' id='word_1_399' title='bbox 2469 2111 2757 2174; x_wconf 78' lang='lat' dir='ltr'>pateretur·</span> 
     </span>
     <span class='ocr_line' id='line_1_75' title="bbox 1691 2185 2760 2252; baseline 0 -16"><span class='ocrx_word' id='word_1_400' title='bbox 1691 2202 1991 2250; x_wconf 86' lang='lat' dir='ltr'>germanum</span> <span class='ocrx_word' id='word_1_401' title='bbox 2015 2195 2093 2237; x_wconf 85' lang='lat' dir='ltr'>est</span> <span class='ocrx_word' id='word_1_402' title='bbox 2115 2202 2232 2237; x_wconf 90' lang='lat' dir='ltr'>cum</span> <span class='ocrx_word' id='word_1_403' title='bbox 2255 2201 2337 2243; x_wconf 91' lang='lat' dir='ltr'>eo,</span> <span class='ocrx_word' id='word_1_404' title='bbox 2357 2185 2493 2252; x_wconf 88' lang='lat' dir='ltr'>quod</span> <span class='ocrx_word' id='word_1_405' title='bbox 2510 2187 2621 2250; x_wconf 89' lang='lat' dir='ltr'>jam</span> <span class='ocrx_word' id='word_1_406' title='bbox 2645 2186 2760 2236; x_wconf 86' lang='lat' dir='ltr'>dix-</span> 
     </span>
     <span class='ocr_line' id='line_1_76' title="bbox 1692 2261 2758 2328; baseline 0 -16"><span class='ocrx_word' id='word_1_407' title='bbox 1692 2271 1823 2321; x_wconf 86' lang='lat' dir='ltr'>erat,</span> <span class='ocrx_word' id='word_1_408' title='bbox 1848 2279 1913 2314; x_wconf 82' lang='lat' dir='ltr'>ne</span> <span class='ocrx_word' id='word_1_409' title='bbox 1938 2266 2081 2315; x_wconf 88' lang='lat' dir='ltr'>Deos</span> <span class='ocrx_word' id='word_1_410' title='bbox 2107 2265 2313 2328; x_wconf 84' lang='lat' dir='ltr'>quidem</span> <span class='ocrx_word' id='word_1_411' title='bbox 2350 2278 2518 2328; x_wconf 85' lang='lat' dir='ltr'>posse.</span> <span class='ocrx_word' id='word_1_412' title='bbox 2583 2261 2666 2314; x_wconf 78' lang='lat' dir='ltr'>Ac</span> <span class='ocrx_word' id='word_1_413' title='bbox 2688 2264 2758 2312; x_wconf 82' lang='lat' dir='ltr'>vi·</span> 
     </span>
     <span class='ocr_line' id='line_1_77' title="bbox 1692 2338 2757 2405; baseline 0.004 -18"><span class='ocrx_word' id='word_1_414' title='bbox 1692 2338 1803 2387; x_wconf 87' lang='lat' dir='ltr'>deri</span> <span class='ocrx_word' id='word_1_415' title='bbox 1840 2341 2076 2405; x_wconf 86' lang='lat' dir='ltr'>equidem</span> <span class='ocrx_word' id='word_1_416' title='bbox 2115 2339 2338 2390; x_wconf 84' lang='lat' dir='ltr'>fortasse</span> <span class='ocrx_word' id='word_1_417' title='bbox 2366 2341 2477 2404; x_wconf 91' lang='lat' dir='ltr'>jam</span> <span class='ocrx_word' id='word_1_418' title='bbox 2518 2347 2757 2404; x_wconf 84' lang='lat' dir='ltr'>poteram</span> 
     </span>
     <span class='ocr_line' id='line_1_78' title="bbox 1692 2417 2759 2483; baseline 0.003 -16"><span class='ocrx_word' id='word_1_419' title='bbox 1692 2417 2042 2482; x_wconf 85' lang='lat' dir='ltr'>satisfecisse;</span> <span class='ocrx_word' id='word_1_420' title='bbox 2079 2419 2170 2469; x_wconf 87' lang='lat' dir='ltr'>sed</span> <span class='ocrx_word' id='word_1_421' title='bbox 2196 2434 2297 2470; x_wconf 92' lang='lat' dir='ltr'>uon</span> <span class='ocrx_word' id='word_1_422' title='bbox 2329 2419 2450 2468; x_wconf 86' lang='lat' dir='ltr'>mihi</span> <span class='ocrx_word' id='word_1_423' title='bbox 2486 2419 2759 2483; x_wconf 78' lang='lat' dir='ltr'>imperavi,</span> 
     </span>
     <span class='ocr_line' id='line_1_79' title="bbox 1692 2495 2762 2560; baseline 0.001 -16"><span class='ocrx_word' id='word_1_424' title='bbox 1692 2496 1814 2560; x_wconf 88' lang='lat' dir='ltr'>quin</span> <span class='ocrx_word' id='word_1_425' title='bbox 1846 2495 1987 2553; x_wconf 82' lang='lat' dir='ltr'>fidei,</span> <span class='ocrx_word' id='word_1_426' title='bbox 2018 2505 2072 2547; x_wconf 86' lang='lat' dir='ltr'>et</span> <span class='ocrx_word' id='word_1_427' title='bbox 2109 2497 2374 2560; x_wconf 82' lang='lat' dir='ltr'>cujusdam</span> <span class='ocrx_word' id='word_1_428' title='bbox 2410 2496 2762 2546; x_wconf 83' lang='lat' dir='ltr'>similitudinis</span> 
     </span>
     <span class='ocr_line' id='line_1_80' title="bbox 1692 2572 2760 2637; baseline 0.001 -16"><span class='ocrx_word' id='word_1_429' title='bbox 1692 2586 1872 2622; x_wconf 84' lang='lat' dir='ltr'>caussa</span> <span class='ocrx_word' id='word_1_430' title='bbox 1910 2572 2093 2623; x_wconf 88' lang='lat' dir='ltr'>eadem</span> <span class='ocrx_word' id='word_1_431' title='bbox 2125 2587 2288 2636; x_wconf 88' lang='lat' dir='ltr'>opera</span> <span class='ocrx_word' id='word_1_432' title='bbox 2306 2573 2616 2622; x_wconf 84' lang='lat' dir='ltr'>Tertulliani</span> <span class='ocrx_word' id='word_1_433' title='bbox 2642 2573 2760 2637; x_wconf 83' lang='lat' dir='ltr'>(Dii</span> 
     </span>
     <span class='ocr_line' id='line_1_81' title="bbox 1692 2647 2754 2714; baseline 0.003 -18"><span class='ocrx_word' id='word_1_434' title='bbox 1692 2647 1831 2708; x_wconf 89' lang='lat' dir='ltr'>boui,</span> <span class='ocrx_word' id='word_1_435' title='bbox 1864 2648 2008 2711; x_wconf 86' lang='lat' dir='ltr'>cujus</span> <span class='ocrx_word' id='word_1_436' title='bbox 2046 2647 2330 2714; x_wconf 77' lang='lat' dir='ltr'>auctorisl)</span> <span class='ocrx_word' id='word_1_437' title='bbox 2365 2650 2532 2698; x_wconf 88' lang='lat' dir='ltr'>locum</span> <span class='ocrx_word' id='word_1_438' title='bbox 2562 2663 2754 2712; x_wconf 82' lang='lat' dir='ltr'>expur-</span> 
     </span>
     <span class='ocr_line' id='line_1_82' title="bbox 1694 2724 2762 2789; baseline 0.003 -17"><span class='ocrx_word' id='word_1_439' title='bbox 1694 2739 1889 2787; x_wconf 83' lang='lat' dir='ltr'>garem.</span> <span class='ocrx_word' id='word_1_440' title='bbox 1956 2725 2131 2775; x_wconf 83' lang='lat' dir='ltr'>Verba</span> <span class='ocrx_word' id='word_1_441' title='bbox 2174 2725 2283 2789; x_wconf 84' lang='lat' dir='ltr'>ejus</span> <span class='ocrx_word' id='word_1_442' title='bbox 2321 2732 2444 2774; x_wconf 90' lang='lat' dir='ltr'>suut</span> <span class='ocrx_word' id='word_1_443' title='bbox 2481 2724 2548 2773; x_wconf 90' lang='lat' dir='ltr'>de</span> <span class='ocrx_word' id='word_1_444' title='bbox 2593 2725 2762 2775; x_wconf 74' lang='lat' dir='ltr'>Carne</span> 
     </span>
     <span class='ocr_line' id='line_1_83' title="bbox 1694 2799 2765 2865; baseline 0.001 -15"><span class='ocrx_word' id='word_1_445' title='bbox 1694 2799 1888 2850; x_wconf 82' lang='lat' dir='ltr'>Christi</span> <span class='ocrx_word' id='word_1_446' title='bbox 1907 2816 1920 2849; x_wconf 74' lang='grc' dir='ltr'><strong>ε</strong></span> <span class='ocrx_word' id='word_1_447' title='bbox 1957 2801 1972 2826; x_wconf 88' lang='lat'>‘</span> <span class='ocrx_word' id='word_1_448' title='bbox 1987 2800 2051 2849; x_wconf 84' lang='lat' dir='ltr'>In</span> <span class='ocrx_word' id='word_1_449' title='bbox 2072 2814 2173 2864; x_wconf 84' lang='lat' dir='ltr'>quo</span> <span class='ocrx_word' id='word_1_450' title='bbox 2208 2800 2463 2865; x_wconf 86' lang='lat' dir='ltr'>(loquitur</span> <span class='ocrx_word' id='word_1_451' title='bbox 2485 2800 2552 2851; x_wconf 87' lang='lat' dir='ltr'>de</span> <span class='ocrx_word' id='word_1_452' title='bbox 2572 2802 2765 2851; x_wconf 78' lang='lat' dir='ltr'>Mariae</span> 
     </span>
     <span class='ocr_line' id='line_1_84' title="bbox 1696 2875 2764 2939; baseline 0.005 -15"><span class='ocrx_word' id='word_1_453' title='bbox 1696 2875 1877 2939; x_wconf 85' lang='lat' dir='ltr'>partu)</span> <span class='ocrx_word' id='word_1_454' title='bbox 1914 2875 2040 2925; x_wconf 82' lang='lat' dir='ltr'>nihil</span> <span class='ocrx_word' id='word_1_455' title='bbox 2079 2875 2319 2927; x_wconf 84' lang='lat' dir='ltr'>interfuit</span> <span class='ocrx_word' id='word_1_456' title='bbox 2356 2876 2422 2926; x_wconf 88' lang='lat' dir='ltr'>de</span> <span class='ocrx_word' id='word_1_457' title='bbox 2462 2877 2511 2927; x_wconf 82' lang='lat' dir='ltr'>vi</span> <span class='ocrx_word' id='word_1_458' title='bbox 2551 2880 2764 2929; x_wconf 84' lang='lat' dir='ltr'>masculi</span> 
     </span>
     <span class='ocr_line' id='line_1_85' title="bbox 1697 2952 2770 3014; baseline 0.002 -12"><span class='ocrx_word' id='word_1_459' title='bbox 1697 2952 1927 3014; x_wconf 85' lang='lat' dir='ltr'>admissi,</span> <span class='ocrx_word' id='word_1_460' title='bbox 1952 2967 2014 3000; x_wconf 89' lang='lat' dir='ltr'>an</span> <span class='ocrx_word' id='word_1_461' title='bbox 2036 2954 2212 3002; x_wconf 80' lang='lat' dir='ltr'>emissi</span> <span class='ocrx_word' id='word_1_462' title='bbox 2237 2953 2288 3002; x_wconf 92' lang='lat' dir='ltr'>id</span> <span class='ocrx_word' id='word_1_463' title='bbox 2312 2960 2411 3013; x_wconf 86' lang='lat' dir='ltr'>est,</span> <span class='ocrx_word' id='word_1_464' title='bbox 2447 2952 2575 3002; x_wconf 89' lang='lat' dir='ltr'>illud</span> <span class='ocrx_word' id='word_1_465' title='bbox 2605 2968 2770 3004; x_wconf 77' lang='lat' dir='ltr'>sexus</span> 
     </span>
     <span class='ocr_line' id='line_1_86' title="bbox 1696 3027 2767 3093; baseline 0.006 -18"><span class='ocrx_word' id='word_1_466' title='bbox 1696 3027 2011 3090; x_wconf 79' lang='lat' dir='ltr'>resignarit.&#39;</span> <span class='ocrx_word' id='word_1_467' title='bbox 2058 3028 2293 3078; x_wconf 86' lang='lat' dir='ltr'>Eruenda</span> <span class='ocrx_word' id='word_1_468' title='bbox 2309 3027 2627 3093; x_wconf 87' lang='lat' dir='ltr'>indubitato,</span> <span class='ocrx_word' id='word_1_469' title='bbox 2640 3032 2767 3081; x_wconf 71' lang='lat' dir='ltr'>iden</span> 
     </span>
     <span class='ocr_line' id='line_1_87' title="bbox 1693 3103 2764 3170; baseline 0.006 -20"><span class='ocrx_word' id='word_1_470' title='bbox 1693 3103 1831 3151; x_wconf 78' lang='lat' dir='ltr'>illud.</span> <span class='ocrx_word' id='word_1_471' title='bbox 1899 3103 2033 3152; x_wconf 86' lang='lat' dir='ltr'>Nam</span> <span class='ocrx_word' id='word_1_472' title='bbox 2061 3105 2262 3153; x_wconf 86' lang='lat' dir='ltr'>vulvam</span> <span class='ocrx_word' id='word_1_473' title='bbox 2295 3104 2559 3169; x_wconf 87' lang='lat' dir='ltr'>iutelligit,</span> <span class='ocrx_word' id='word_1_474' title='bbox 2582 3120 2688 3170; x_wconf 87' lang='lat' dir='ltr'>qua</span> <span class='ocrx_word' id='word_1_475' title='bbox 2709 3114 2764 3156; x_wconf 90' lang='lat' dir='ltr'>et</span> 
     </span>
     <span class='ocr_line' id='line_1_88' title="bbox 1699 3178 2764 3231; baseline 0.003 -4"><span class='ocrx_word' id='word_1_476' title='bbox 1699 3178 2007 3228; x_wconf 84' lang='lat' dir='ltr'>admittatur</span> <span class='ocrx_word' id='word_1_477' title='bbox 2048 3187 2103 3230; x_wconf 91' lang='lat' dir='ltr'>et</span> <span class='ocrx_word' id='word_1_478' title='bbox 2156 3182 2447 3231; x_wconf 73' lang='lat' dir='ltr'>emittatur</span> <span class='ocrx_word' id='word_1_479' title='bbox 2481 3181 2764 3231; x_wconf 87' lang='lat' dir='ltr'>masculus.</span> 
     </span>
     <span class='ocr_line' id='line_1_89' title="bbox 1697 3256 1850 3305; baseline -0.013 -1"><span class='ocrx_word' id='word_1_480' title='bbox 1697 3256 1850 3305; x_wconf 83' lang='lat' dir='ltr'>Idem.</span> 
     </span>
    </p>

    <p class='ocr_par' dir='ltr' id='par_1_12' title="bbox 1696 3331 2766 3474">
     <span class='ocr_line' id='line_1_90' title="bbox 1762 3331 2766 3394; baseline 0.002 -14"><span class='ocrx_word' id='word_1_481' title='bbox 1762 3331 1922 3394; x_wconf 82' lang='lat' dir='ltr'>Idem]</span> <span class='ocrx_word' id='word_1_482' title='bbox 1962 3332 2242 3392; x_wconf 83' lang='lat' dir='ltr'>Livineius,</span> <span class='ocrx_word' id='word_1_483' title='bbox 2263 3332 2316 3381; x_wconf 80' lang='lat' dir='ltr'>id</span> <span class='ocrx_word' id='word_1_484' title='bbox 2340 3338 2407 3382; x_wconf 75' lang='lat' dir='ltr'>est</span> <span class='ocrx_word' id='word_1_485' title='bbox 2426 3348 2446 3392; x_wconf 80' lang='lat'>,⁶</span> <span class='ocrx_word' id='word_1_486' title='bbox 2478 3340 2648 3394; x_wconf 82' lang='lat' dir='ltr'>recte,</span> <span class='ocrx_word' id='word_1_487' title='bbox 2669 3333 2766 3382; x_wconf 82' lang='lat' dir='ltr'>etsi</span> 
     </span>
     <span class='ocr_line' id='line_1_91' title="bbox 1696 3408 2700 3474; baseline 0 -15"><span class='ocrx_word' id='word_1_488' title='bbox 1696 3410 1968 3474; x_wconf 85' lang='lat' dir='ltr'>sequentia</span> <span class='ocrx_word' id='word_1_489' title='bbox 1986 3424 2086 3458; x_wconf 89' lang='lat' dir='ltr'>uon</span> <span class='ocrx_word' id='word_1_490' title='bbox 2111 3410 2243 3458; x_wconf 87' lang='lat' dir='ltr'>bene</span> <span class='ocrx_word' id='word_1_491' title='bbox 2266 3408 2493 3459; x_wconf 89' lang='lat' dir='ltr'>ordinat.</span> <span class='ocrx_word' id='word_1_492' title='bbox 2530 3409 2672 3472; x_wconf 80' lang='lat' dir='ltr'>Lips.</span> <span class='ocrx_word' id='word_1_493' title='bbox 2697 3448 2700 3451; x_wconf 45' lang='lat'>&gt;</span> 
     </span>
    </p>

    <p class='ocr_par' dir='ltr' id='par_1_13' title="bbox 1697 3485 2778 4324">
     <span class='ocr_line' id='line_1_92' title="bbox 1763 3485 2769 3551; baseline 0.002 -16"><span class='ocrx_word' id='word_1_494' title='bbox 1763 3488 1899 3536; x_wconf 82' lang='lat' dir='ltr'>Idem</span> <span class='ocrx_word' id='word_1_495' title='bbox 1916 3485 2107 3551; x_wconf 78' lang='lat' dir='ltr'>fecisti,</span> <span class='ocrx_word' id='word_1_496' title='bbox 2139 3501 2196 3536; x_wconf 79' lang='lat' dir='ltr'>ne</span> <span class='ocrx_word' id='word_1_497' title='bbox 2230 3488 2376 3535; x_wconf 75' lang='lat' dir='ltr'>malos</span> <span class='ocrx_word' id='word_1_498' title='bbox 2403 3487 2651 3551; x_wconf 77' lang='lat' dir='ltr'>principes</span> <span class='ocrx_word' id='word_1_499' title='bbox 2683 3488 2769 3537; x_wconf 70' lang='lat' dir='ltr'>lia·</span> 
     </span>
     <span class='ocr_line' id='line_1_93' title="bbox 1698 3563 2771 3628; baseline 0.001 -16"><span class='ocrx_word' id='word_1_500' title='bbox 1698 3563 1970 3619; x_wconf 75' lang='lat' dir='ltr'>buissemus,</span> <span class='ocrx_word' id='word_1_501' title='bbox 1992 3579 2082 3627; x_wconf 80' lang='lat' dir='ltr'>quo</span> <span class='ocrx_word' id='word_1_502' title='bbox 2100 3563 2293 3624; x_wconf 77' lang='lat' dir='ltr'>ingenio</span> <span class='ocrx_word' id='word_1_503' title='bbox 2312 3564 2357 3612; x_wconf 78' lang='lat' dir='ltr'>si</span> <span class='ocrx_word' id='word_1_504' title='bbox 2377 3571 2553 3613; x_wconf 70' lang='lat' dir='ltr'>nutura</span> <span class='ocrx_word' id='word_1_505' title='bbox 2579 3570 2771 3628; x_wconf 69' lang='lat' dir='ltr'>palere·</span> 
     </span>
     <span class='ocr_line' id='line_1_94' title="bbox 1699 3641 2767 3704; baseline 0 -14"><span class='ocrx_word' id='word_1_506' title='bbox 1699 3646 1796 3690; x_wconf 71' lang='lat' dir='ltr'>tur.</span> <span class='ocrx_word' id='word_1_507' title='bbox 1866 3642 2023 3697; x_wconf 77' lang='lat' dir='ltr'>Quam</span> <span class='ocrx_word' id='word_1_508' title='bbox 2060 3641 2264 3701; x_wconf 70' lang='lat' dir='ltr'>libenter</span> <span class='ocrx_word' id='word_1_509' title='bbox 2303 3645 2373 3690; x_wconf 74' lang='lat' dir='ltr'>tot</span> <span class='ocrx_word' id='word_1_510' title='bbox 2413 3641 2652 3704; x_wconf 78' lang='lat' dir='ltr'>spoliatis,</span> <span class='ocrx_word' id='word_1_511' title='bbox 2695 3646 2767 3691; x_wconf 74' lang='lat' dir='ltr'>tot</span> 
     </span>
     <span class='ocr_line' id='line_1_95' title="bbox 1699 3717 2772 3780; baseline -0.003 -12"><span class='ocrx_word' id='word_1_512' title='bbox 1699 3718 1952 3768; x_wconf 79' lang='lat' dir='ltr'>trucidatis</span> <span class='ocrx_word' id='word_1_513' title='bbox 1988 3718 2268 3780; x_wconf 76' lang='lat' dir='ltr'>sauguinem</span> <span class='ocrx_word' id='word_1_514' title='bbox 2304 3722 2355 3767; x_wconf 76' lang='lat' dir='ltr'>et</span> <span class='ocrx_word' id='word_1_515' title='bbox 2398 3717 2520 3766; x_wconf 78' lang='lat' dir='ltr'>bona</span> <span class='ocrx_word' id='word_1_516' title='bbox 2562 3718 2772 3777; x_wconf 65' lang='lat' dir='ltr'>rennuis-</span> 
     </span>
     <span class='ocr_line' id='line_1_96' title="bbox 1697 3793 2766 3859; baseline 0 -15"><span class='ocrx_word' id='word_1_517' title='bbox 1697 3793 1795 3857; x_wconf 83' lang='lat' dir='ltr'>ses]</span> <span class='ocrx_word' id='word_1_518' title='bbox 1844 3794 2027 3844; x_wconf 83' lang='lat' dir='ltr'>Lectio</span> <span class='ocrx_word' id='word_1_519' title='bbox 2077 3794 2188 3843; x_wconf 86' lang='lat' dir='ltr'>sine</span> <span class='ocrx_word' id='word_1_520' title='bbox 2232 3793 2337 3842; x_wconf 86' lang='lat' dir='ltr'>ullo</span> <span class='ocrx_word' id='word_1_521' title='bbox 2375 3806 2567 3854; x_wconf 83' lang='lat' dir='ltr'>sensu;</span> <span class='ocrx_word' id='word_1_522' title='bbox 2612 3808 2766 3859; x_wconf 86' lang='lat' dir='ltr'>quem</span> 
     </span>
     <span class='ocr_line' id='line_1_97' title="bbox 1700 3870 2767 3936; baseline -0.002 -14"><span class='ocrx_word' id='word_1_523' title='bbox 1700 3879 1892 3934; x_wconf 87' lang='lat' dir='ltr'>tamen,</span> <span class='ocrx_word' id='word_1_524' title='bbox 1918 3878 1974 3921; x_wconf 89' lang='lat' dir='ltr'>et</span> <span class='ocrx_word' id='word_1_525' title='bbox 1996 3870 2202 3936; x_wconf 88' lang='lat' dir='ltr'>quidem</span> <span class='ocrx_word' id='word_1_526' title='bbox 2239 3877 2447 3920; x_wconf 84' lang='lat' dir='ltr'>acutum</span> <span class='ocrx_word' id='word_1_527' title='bbox 2484 3870 2767 3936; x_wconf 87' lang='lat' dir='ltr'>aliquando</span> 
     </span>
     <span class='ocr_line' id='line_1_98' title="bbox 1699 3945 2769 4006; baseline -0.002 -9"><span class='ocrx_word' id='word_1_528' title='bbox 1699 3947 1974 3998; x_wconf 86' lang='lat' dir='ltr'>eliciebam</span> <span class='ocrx_word' id='word_1_529' title='bbox 2008 3946 2361 4002; x_wconf 85' lang='lat' dir='ltr'>rescribendo,</span> <span class='ocrx_word' id='word_1_530' title='bbox 2392 3945 2673 4006; x_wconf 62' lang='lat' dir='ltr'>debitara,-</span> <span class='ocrx_word' id='word_1_531' title='bbox 2716 3947 2769 3995; x_wconf 82' lang='lat' dir='ltr'>id</span> 
     </span>
     <span class='ocr_line' id='line_1_99' title="bbox 1698 4022 2770 4087; baseline -0.001 -14"><span class='ocrx_word' id='word_1_532' title='bbox 1698 4030 1790 4087; x_wconf 78' lang='lat' dir='ltr'>est,</span> <span class='ocrx_word' id='word_1_533' title='bbox 1805 4024 2000 4085; x_wconf 74' lang='lat' dir='ltr'>fecisti,</span> <span class='ocrx_word' id='word_1_534' title='bbox 2015 4038 2075 4072; x_wconf 77' lang='lat' dir='ltr'>ns</span> <span class='ocrx_word' id='word_1_535' title='bbox 2095 4023 2242 4072; x_wconf 74' lang='lat' dir='ltr'>mulos</span> <span class='ocrx_word' id='word_1_536' title='bbox 2272 4023 2509 4086; x_wconf 60' lang='lat' dir='ltr'>principes</span> <span class='ocrx_word' id='word_1_537' title='bbox 2528 4022 2770 4072; x_wconf 65' lang='lat' dir='ltr'>habuisse·</span> 
     </span>
     <span class='ocr_line' id='line_1_100' title="bbox 1699 4100 2770 4164; baseline -0.002 -15"><span class='ocrx_word' id='word_1_538' title='bbox 1699 4114 1821 4164; x_wconf 77' lang='lat' dir='ltr'>mus,</span> <span class='ocrx_word' id='word_1_539' title='bbox 1854 4115 1946 4163; x_wconf 75' lang='lat' dir='ltr'>quo</span> <span class='ocrx_word' id='word_1_540' title='bbox 1979 4100 2189 4162; x_wconf 72' lang='lat' dir='ltr'>ingenio,</span> <span class='ocrx_word' id='word_1_541' title='bbox 2221 4100 2267 4148; x_wconf 84' lang='lat' dir='ltr'>si</span> <span class='ocrx_word' id='word_1_542' title='bbox 2301 4103 2481 4148; x_wconf 72' lang='lat' dir='ltr'>natura</span> <span class='ocrx_word' id='word_1_543' title='bbox 2505 4104 2770 4160; x_wconf 68' lang='lat' dir='ltr'>pateretur,</span> 
     </span>
     <span class='ocr_line' id='line_1_101' title="bbox 1700 4176 2778 4244; baseline -0.004 -15"><span class='ocrx_word' id='word_1_544' title='bbox 1700 4194 1840 4244; x_wconf 73' lang='lat' dir='ltr'>qaum</span> <span class='ocrx_word' id='word_1_545' title='bbox 1861 4179 2064 4229; x_wconf 63' lang='lat' dir='ltr'>menter</span> <span class='ocrx_word' id='word_1_546' title='bbox 2095 4182 2169 4228; x_wconf 77' lang='lat' dir='ltr'>tot</span> <span class='ocrx_word' id='word_1_547' title='bbox 2197 4177 2432 4243; x_wconf 77' lang='lat' dir='ltr'>spoliatis,</span> <span class='ocrx_word' id='word_1_548' title='bbox 2449 4181 2524 4226; x_wconf 72' lang='lat' dir='ltr'>tot</span> <span class='ocrx_word' id='word_1_549' title='bbox 2555 4176 2778 4226; x_wconf 51' lang='lat' dir='ltr'>trucida.</span> 
     </span>
     <span class='ocr_line' id='line_1_102' title="bbox 1699 4254 2770 4324; baseline -0.004 -15"><span class='ocrx_word' id='word_1_550' title='bbox 1699 4258 1785 4317; x_wconf 83' lang='lat' dir='ltr'>tis,</span> <span class='ocrx_word' id='word_1_551' title='bbox 1806 4262 1890 4324; x_wconf 60' lang='grc' dir='ltr'>ξε.</span> <span class='ocrx_word' id='word_1_552' title='bbox 1923 4265 1980 4309; x_wconf 83' lang='lat' dir='ltr'>et</span> <span class='ocrx_word' id='word_1_553' title='bbox 2008 4257 2084 4308; x_wconf 86' lang='lat' dir='ltr'>ita</span> <span class='ocrx_word' id='word_1_554' title='bbox 2119 4265 2266 4311; x_wconf 87' lang='lat' dir='ltr'>certe</span> <span class='ocrx_word' id='word_1_555' title='bbox 2300 4261 2484 4308; x_wconf 82' lang='lat' dir='ltr'>auctor</span> <span class='ocrx_word' id='word_1_556' title='bbox 2505 4254 2770 4318; x_wconf 78' lang='lat' dir='ltr'>distinxit,</span> 
     </span>
    </p>
   </div>
  </div>
 </body>
</html>
