<?xml version="1.0" encoding="UTF-8"?>
<!DOCTYPE html PUBLIC "-//W3C//DTD XHTML 1.0 Transitional//EN"
    "http://www.w3.org/TR/xhtml1/DTD/xhtml1-transitional.dtd">
<html xmlns="http://www.w3.org/1999/xhtml" xml:lang="en" lang="en">
 <head>
  <title>
</title>
<meta http-equiv="Content-Type" content="text/html;charset=utf-8" />
  <meta name='ocr-system' content='tesseract 3.04.00' />
  <meta name='ocr-capabilities' content='ocr_page ocr_carea ocr_par ocr_line ocrx_word'/>
</head>
<body>
  <div class='ocr_page' id='page_1' title='image "./panegyriciveter02unkngoog_0033.png"; bbox 0 0 3060 4902; ppageno 0'>
   <div class='ocr_carea' id='block_1_1' title="bbox 722 405 2050 473">
    <p class='ocr_par' dir='ltr' id='par_1_1' title="bbox 722 405 2050 473">
     <span class='ocr_line' id='line_1_1' title="bbox 722 405 2050 473; baseline -0.002 -3"><span class='ocrx_word' id='word_1_1' title='bbox 722 422 790 472; x_wconf 84' lang='lat' dir='ltr'>c.</span> <span class='ocrx_word' id='word_1_2' title='bbox 844 421 1099 473; x_wconf 62' lang='lat' dir='ltr'>namu</span> <span class='ocrx_word' id='word_1_3' title='bbox 1149 421 1478 471; x_wconf 71' lang='lat' dir='ltr'>saeuum</span> <span class='ocrx_word' id='word_1_4' title='bbox 1532 421 1809 470; x_wconf 62' lang='lat' dir='ltr'>ranae.</span> <span class='ocrx_word' id='word_1_5' title='bbox 1889 424 1940 470; x_wconf 91' lang='lat'>1.</span> <span class='ocrx_word' id='word_1_6' title='bbox 1984 405 2050 470; x_wconf 86' lang='grc'><strong>8.</strong></span> 
     </span>
    </p>
   </div>
   <div class='ocr_carea' id='block_1_2' title="bbox 285 561 1368 4386">
    <p class='ocr_par' dir='ltr' id='par_1_2' title="bbox 285 561 1368 4386">
     <span class='ocr_line' id='line_1_2' title="bbox 304 561 1360 615; baseline -0.004 0"><span class='ocrx_word' id='word_1_7' title='bbox 304 561 634 615; x_wconf 67' lang='lat' dir='ltr'>apaan-onia.</span> <span class='ocrx_word' id='word_1_8' title='bbox 700 562 1008 614; x_wconf 81' lang='lat' dir='ltr'>Admodum</span> <span class='ocrx_word' id='word_1_9' title='bbox 1047 578 1170 614; x_wconf 80' lang='lat' dir='ltr'>vero</span> <span class='ocrx_word' id='word_1_10' title='bbox 1194 564 1360 613; x_wconf 87' lang='lat' dir='ltr'>incer·</span> 
     </span>
     <span class='ocr_line' id='line_1_3' title="bbox 302 640 1362 707; baseline -0.002 -15"><span class='ocrx_word' id='word_1_11' title='bbox 302 650 399 692; x_wconf 83' lang='lat' dir='ltr'>tum</span> <span class='ocrx_word' id='word_1_12' title='bbox 436 641 655 704; x_wconf 79' lang='lat' dir='ltr'>videtur,</span> <span class='ocrx_word' id='word_1_13' title='bbox 677 656 774 705; x_wconf 85' lang='lat' dir='ltr'>per</span> <span class='ocrx_word' id='word_1_14' title='bbox 814 656 972 707; x_wconf 89' lang='lat' dir='ltr'>quem</span> <span class='ocrx_word' id='word_1_15' title='bbox 999 640 1250 705; x_wconf 83' lang='lat' dir='ltr'>legatum,</span> <span class='ocrx_word' id='word_1_16' title='bbox 1271 646 1362 690; x_wconf 86' lang='lat' dir='ltr'>sut</span> 
     </span>
     <span class='ocr_line' id='line_1_4' title="bbox 298 716 1362 783; baseline -0.002 -16"><span class='ocrx_word' id='word_1_17' title='bbox 298 717 555 783; x_wconf 64' lang='lat' dir='ltr'>presidem</span> <span class='ocrx_word' id='word_1_18' title='bbox 589 718 901 782; x_wconf 60' lang='lat' dir='ltr'>provincia,</span> <span class='ocrx_word' id='word_1_19' title='bbox 938 719 1132 782; x_wconf 67' lang='lat' dir='ltr'>Nerva¹</span> <span class='ocrx_word' id='word_1_20' title='bbox 1159 724 1285 766; x_wconf 83' lang='lat' dir='ltr'>tunc</span> <span class='ocrx_word' id='word_1_21' title='bbox 1309 716 1362 766; x_wconf 92' lang='lat' dir='ltr'>in</span> 
     </span>
     <span class='ocr_line' id='line_1_5' title="bbox 298 783 1362 858; baseline -0.004 -13"><span class='ocrx_word' id='word_1_22' title='bbox 298 783 562 855; x_wconf 47' lang='lat' dir='ltr'>Pannonis,</span> <span class='ocrx_word' id='word_1_23' title='bbox 591 794 789 843; x_wconf 75' lang='lat' dir='ltr'>vicerit</span> <span class='ocrx_word' id='word_1_24' title='bbox 824 792 1024 849; x_wconf 79' lang='lat' dir='ltr'>hostes,</span> <span class='ocrx_word' id='word_1_25' title='bbox 1048 801 1209 858; x_wconf 82' lang='lat' dir='ltr'>atque</span> <span class='ocrx_word' id='word_1_26' title='bbox 1231 792 1362 842; x_wconf 87' lang='lat' dir='ltr'>adeo</span> 
     </span>
     <span class='ocr_line' id='line_1_6' title="bbox 298 866 1360 934; baseline -0.001 -16"><span class='ocrx_word' id='word_1_27' title='bbox 298 883 328 918; x_wconf 86' lang='lat' dir='ltr'>a</span> <span class='ocrx_word' id='word_1_28' title='bbox 360 884 456 934; x_wconf 89' lang='lat' dir='ltr'>quo</span> <span class='ocrx_word' id='word_1_29' title='bbox 493 870 675 919; x_wconf 80' lang='lat' dir='ltr'>laurea</span> <span class='ocrx_word' id='word_1_30' title='bbox 714 871 817 918; x_wconf 85' lang='lat' dir='ltr'>ista</span> <span class='ocrx_word' id='word_1_31' title='bbox 851 870 1006 918; x_wconf 83' lang='lat' dir='ltr'>missa</span> <span class='ocrx_word' id='word_1_32' title='bbox 1051 866 1213 918; x_wconf 78' lang='lat' dir='ltr'>fuerit</span> <span class='ocrx_word' id='word_1_33' title='bbox 1258 868 1360 917; x_wconf 89' lang='lat' dir='ltr'>Ro·</span> 
     </span>
     <span class='ocr_line' id='line_1_7' title="bbox 297 943 1361 1010; baseline -0.005 -14"><span class='ocrx_word' id='word_1_34' title='bbox 297 960 442 1005; x_wconf 76' lang='lat' dir='ltr'>mam.</span> <span class='ocrx_word' id='word_1_35' title='bbox 489 946 703 1010; x_wconf 83' lang='lat' dir='ltr'>Lipsius</span> <span class='ocrx_word' id='word_1_36' title='bbox 718 945 831 1008; x_wconf 86' lang='lat' dir='ltr'>jam</span> <span class='ocrx_word' id='word_1_37' title='bbox 857 945 1088 1009; x_wconf 75' lang='lat' dir='ltr'>negavit,</span> <span class='ocrx_word' id='word_1_38' title='bbox 1126 943 1179 993; x_wconf 90' lang='lat' dir='ltr'>id</span> <span class='ocrx_word' id='word_1_39' title='bbox 1209 957 1361 1007; x_wconf 82' lang='lat' dir='ltr'>posse</span> 
     </span>
     <span class='ocr_line' id='line_1_8' title="bbox 295 1020 1361 1087; baseline -0.003 -17"><span class='ocrx_word' id='word_1_40' title='bbox 295 1020 356 1071; x_wconf 87' lang='lat' dir='ltr'>de</span> <span class='ocrx_word' id='word_1_41' title='bbox 388 1022 614 1087; x_wconf 77' lang='lat' dir='ltr'>Trajano</span> <span class='ocrx_word' id='word_1_42' title='bbox 653 1021 907 1084; x_wconf 84' lang='lat' dir='ltr'>intelligi;</span> <span class='ocrx_word' id='word_1_43' title='bbox 953 1034 1070 1069; x_wconf 85' lang='lat' dir='ltr'>cum</span> <span class='ocrx_word' id='word_1_44' title='bbox 1108 1020 1361 1083; x_wconf 84' lang='lat' dir='ltr'>Trajanus</span> 
     </span>
     <span class='ocr_line' id='line_1_9' title="bbox 303 1096 1361 1161; baseline 0 -16"><span class='ocrx_word' id='word_1_45' title='bbox 303 1107 418 1147; x_wconf 85' lang='lat' dir='ltr'>tunc</span> <span class='ocrx_word' id='word_1_46' title='bbox 455 1098 579 1148; x_wconf 90' lang='lat' dir='ltr'>alibi</span> <span class='ocrx_word' id='word_1_47' title='bbox 622 1098 943 1159; x_wconf 67' lang='lat' dir='ltr'>substiterit,</span> <span class='ocrx_word' id='word_1_48' title='bbox 967 1106 1022 1146; x_wconf 89' lang='lat' dir='ltr'>et</span> <span class='ocrx_word' id='word_1_49' title='bbox 1057 1097 1269 1161; x_wconf 88' lang='lat' dir='ltr'>quidem</span> <span class='ocrx_word' id='word_1_50' title='bbox 1295 1096 1361 1145; x_wconf 81' lang='lat' dir='ltr'>ad</span> 
     </span>
     <span class='ocr_line' id='line_1_10' title="bbox 294 1173 1362 1238; baseline -0.002 -15"><span class='ocrx_word' id='word_1_51' title='bbox 294 1173 520 1225; x_wconf 80' lang='lat' dir='ltr'>Rhenum</span> <span class='ocrx_word' id='word_1_52' title='bbox 567 1176 809 1226; x_wconf 62' lang='lat' dir='ltr'>Coloniae</span> <span class='ocrx_word' id='word_1_53' title='bbox 856 1173 1179 1238; x_wconf 77' lang='lat' dir='ltr'>Agrippinae.</span> <span class='ocrx_word' id='word_1_54' title='bbox 1258 1173 1362 1221; x_wconf 86' lang='lat' dir='ltr'>Eu-</span> 
     </span>
     <span class='ocr_line' id='line_1_11' title="bbox 294 1247 1361 1315; baseline -0.004 -14"><span class='ocrx_word' id='word_1_55' title='bbox 294 1252 485 1315; x_wconf 85' lang='lat' dir='ltr'>tropius</span> <span class='ocrx_word' id='word_1_56' title='bbox 507 1255 655 1301; x_wconf 85' lang='lat' dir='ltr'>enim</span> <span class='ocrx_word' id='word_1_57' title='bbox 683 1264 807 1301; x_wconf 80' lang='lat' dir='ltr'>vtn.</span> <span class='ocrx_word' id='word_1_58' title='bbox 831 1255 877 1300; x_wconf 99' lang='grc'><strong>1.</strong></span> <span class='ocrx_word' id='word_1_59' title='bbox 931 1255 947 1278; x_wconf 82' lang='grc'><em>·</em></span> <span class='ocrx_word' id='word_1_60' title='bbox 971 1247 1263 1313; x_wconf 69' lang='lat' dir='ltr'>Trajanm:</span> <span class='ocrx_word' id='word_1_61' title='bbox 1285 1249 1361 1297; x_wconf 89' lang='lat' dir='ltr'>iu-</span> 
     </span>
     <span class='ocr_line' id='line_1_12' title="bbox 290 1323 1359 1394; baseline -0.002 -18"><span class='ocrx_word' id='word_1_62' title='bbox 290 1329 416 1394; x_wconf 81' lang='lat' dir='ltr'>quit,</span> <span class='ocrx_word' id='word_1_63' title='bbox 453 1330 791 1393; x_wconf 86' lang='lat' dir='ltr'>‘imperator</span> <span class='ocrx_word' id='word_1_64' title='bbox 833 1326 969 1391; x_wconf 86' lang='lat' dir='ltr'>apud</span> <span class='ocrx_word' id='word_1_65' title='bbox 1023 1323 1359 1391; x_wconf 65' lang='lat' dir='ltr'>Agrippinam</span> 
     </span>
     <span class='ocr_line' id='line_1_13' title="bbox 290 1402 1361 1457; baseline -0.003 -2"><span class='ocrx_word' id='word_1_66' title='bbox 290 1405 341 1455; x_wconf 82' lang='lat' dir='ltr'>iu</span> <span class='ocrx_word' id='word_1_67' title='bbox 358 1405 543 1457; x_wconf 83' lang='lat' dir='ltr'>Galliis</span> <span class='ocrx_word' id='word_1_68' title='bbox 566 1404 754 1455; x_wconf 80' lang='lat' dir='ltr'>factus</span> <span class='ocrx_word' id='word_1_69' title='bbox 776 1403 892 1454; x_wconf 88' lang='lat' dir='ltr'>est.&#39;</span> <span class='ocrx_word' id='word_1_70' title='bbox 943 1404 1013 1453; x_wconf 79' lang='lat' dir='ltr'>Et</span> <span class='ocrx_word' id='word_1_71' title='bbox 1037 1402 1217 1452; x_wconf 82' lang='lat' dir='ltr'>Aurei.</span> <span class='ocrx_word' id='word_1_72' title='bbox 1234 1403 1361 1453; x_wconf 82' lang='lat' dir='ltr'>vic-</span> 
     </span>
     <span class='ocr_line' id='line_1_14' title="bbox 293 1481 1361 1549; baseline -0.003 -16"><span class='ocrx_word' id='word_1_73' title='bbox 293 1492 370 1535; x_wconf 88' lang='lat' dir='ltr'>tor</span> <span class='ocrx_word' id='word_1_74' title='bbox 391 1485 443 1534; x_wconf 93' lang='lat' dir='ltr'>in</span> <span class='ocrx_word' id='word_1_75' title='bbox 466 1486 741 1549; x_wconf 82' lang='lat' dir='ltr'>Epitome,</span> <span class='ocrx_word' id='word_1_76' title='bbox 764 1498 880 1547; x_wconf 86' lang='lat' dir='ltr'>cap.</span> <span class='ocrx_word' id='word_1_77' title='bbox 903 1486 986 1533; x_wconf 73' lang='lat'>18.</span> <span class='ocrx_word' id='word_1_78' title='bbox 1036 1482 1052 1509; x_wconf 78' lang='lat'><em>⁴</em></span> <span class='ocrx_word' id='word_1_79' title='bbox 1078 1481 1180 1531; x_wconf 83' lang='lat' dir='ltr'>Hic</span> <span class='ocrx_word' id='word_1_80' title='bbox 1200 1482 1361 1545; x_wconf 87' lang='lat' dir='ltr'>impe-</span> 
     </span>
     <span class='ocr_line' id='line_1_15' title="bbox 291 1555 1361 1624; baseline -0.004 -15"><span class='ocrx_word' id='word_1_81' title='bbox 291 1560 417 1609; x_wconf 80' lang='lat' dir='ltr'>rium</span> <span class='ocrx_word' id='word_1_82' title='bbox 442 1560 583 1624; x_wconf 84' lang='lat' dir='ltr'>apud</span> <span class='ocrx_word' id='word_1_83' title='bbox 611 1557 974 1624; x_wconf 72' lang='lat' dir='ltr'>Agrippinam,</span> <span class='ocrx_word' id='word_1_84' title='bbox 990 1558 1213 1606; x_wconf 78' lang='lat' dir='ltr'>nobilem</span> <span class='ocrx_word' id='word_1_85' title='bbox 1235 1555 1361 1606; x_wconf 82' lang='lat' dir='ltr'>Gal-</span> 
     </span>
     <span class='ocr_line' id='line_1_16' title="bbox 291 1632 1362 1698; baseline 0 -15"><span class='ocrx_word' id='word_1_86' title='bbox 291 1634 369 1685; x_wconf 74' lang='lat' dir='ltr'>tioe</span> <span class='ocrx_word' id='word_1_87' title='bbox 392 1636 672 1691; x_wconf 84' lang='lat' dir='ltr'>coloniam,</span> <span class='ocrx_word' id='word_1_88' title='bbox 696 1632 960 1698; x_wconf 70' lang='lat' dir='ltr'>suscepit:</span> <span class='ocrx_word' id='word_1_89' title='bbox 1012 1634 1263 1683; x_wconf 74' lang='lat' dir='ltr'>Similiter</span> <span class='ocrx_word' id='word_1_90' title='bbox 1282 1633 1362 1683; x_wconf 89' lang='lat' dir='ltr'>Si-</span> 
     </span>
     <span class='ocr_line' id='line_1_17' title="bbox 292 1711 1362 1778; baseline -0.001 -16"><span class='ocrx_word' id='word_1_91' title='bbox 292 1711 405 1765; x_wconf 87' lang='lat' dir='ltr'>dou.</span> <span class='ocrx_word' id='word_1_92' title='bbox 431 1713 729 1778; x_wconf 80' lang='lat' dir='ltr'>Apollinar.</span> <span class='ocrx_word' id='word_1_93' title='bbox 750 1712 923 1763; x_wconf 76' lang='lat' dir='ltr'>Carnu.</span> <span class='ocrx_word' id='word_1_94' title='bbox 949 1724 1051 1760; x_wconf 78' lang='lat' dir='ltr'>vn.</span> <span class='ocrx_word' id='word_1_95' title='bbox 1074 1714 1191 1760; x_wconf 78' lang='lat'>113.</span> <span class='ocrx_word' id='word_1_96' title='bbox 1211 1725 1362 1776; x_wconf 85' lang='lat' dir='ltr'>seqq.</span> 
     </span>
     <span class='ocr_line' id='line_1_18' title="bbox 285 1787 1364 1854; baseline -0.003 -15"><span class='ocrx_word' id='word_1_97' title='bbox 285 1792 301 1817; x_wconf 81' lang='lat'>⁸</span> <span class='ocrx_word' id='word_1_98' title='bbox 331 1788 594 1854; x_wconf 75' lang='lat' dir='ltr'>Adoptivo</span> <span class='ocrx_word' id='word_1_99' title='bbox 639 1788 811 1839; x_wconf 79' lang='lat' dir='ltr'>factus</span> <span class='ocrx_word' id='word_1_100' title='bbox 849 1787 916 1837; x_wconf 89' lang='lat' dir='ltr'>de</span> <span class='ocrx_word' id='word_1_101' title='bbox 954 1789 1168 1837; x_wconf 84' lang='lat' dir='ltr'>Caesare</span> <span class='ocrx_word' id='word_1_102' title='bbox 1200 1788 1364 1851; x_wconf 83' lang='lat' dir='ltr'>major</span> 
     </span>
     <span class='ocr_line' id='line_1_19' title="bbox 292 1861 1363 1929; baseline -0.002 -15"><span class='ocrx_word' id='word_1_103' title='bbox 292 1864 468 1929; x_wconf 83' lang='lat' dir='ltr'>Ulpius</span> <span class='ocrx_word' id='word_1_104' title='bbox 492 1866 622 1915; x_wconf 83' lang='lat' dir='ltr'>inde</span> <span class='ocrx_word' id='word_1_105' title='bbox 648 1864 808 1924; x_wconf 79' lang='lat' dir='ltr'>venit,</span> <span class='ocrx_word' id='word_1_106' title='bbox 831 1878 931 1927; x_wconf 88' lang='lat' dir='ltr'>quo</span> <span class='ocrx_word' id='word_1_107' title='bbox 967 1861 1250 1913; x_wconf 84' lang='lat' dir='ltr'>formidata</span> <span class='ocrx_word' id='word_1_108' title='bbox 1281 1863 1363 1912; x_wconf 86' lang='lat' dir='ltr'>Si·</span> 
     </span>
     <span class='ocr_line' id='line_1_20' title="bbox 294 1937 1363 2005; baseline -0.006 -13"><span class='ocrx_word' id='word_1_109' title='bbox 294 1940 834 2005; x_wconf 69' lang='lat' dir='ltr'>cambris‚Agrippina</span> <span class='ocrx_word' id='word_1_110' title='bbox 856 1937 992 1988; x_wconf 84' lang='lat' dir='ltr'>fuit.&#39;</span> <span class='ocrx_word' id='word_1_111' title='bbox 1025 1938 1179 1987; x_wconf 86' lang='lat' dir='ltr'>Unde</span> <span class='ocrx_word' id='word_1_112' title='bbox 1204 1946 1260 1988; x_wconf 84' lang='lat' dir='ltr'>et</span> <span class='ocrx_word' id='word_1_113' title='bbox 1277 1938 1363 1990; x_wconf 84' lang='lat' dir='ltr'>Jo.</span> 
     </span>
     <span class='ocr_line' id='line_1_21' title="bbox 295 2015 1364 2077; baseline -0.002 -9"><span class='ocrx_word' id='word_1_114' title='bbox 295 2017 497 2069; x_wconf 71' lang='lat' dir='ltr'>Messon</span> <span class='ocrx_word' id='word_1_115' title='bbox 525 2019 579 2068; x_wconf 88' lang='lat' dir='ltr'>in</span> <span class='ocrx_word' id='word_1_116' title='bbox 604 2019 719 2067; x_wconf 79' lang='lat' dir='ltr'>vita</span> <span class='ocrx_word' id='word_1_117' title='bbox 743 2017 904 2067; x_wconf 81' lang='lat' dir='ltr'>Plinii</span> <span class='ocrx_word' id='word_1_118' title='bbox 936 2015 1182 2077; x_wconf 82' lang='lat' dir='ltr'>Secundi,</span> <span class='ocrx_word' id='word_1_119' title='bbox 1205 2015 1270 2065; x_wconf 90' lang='lat' dir='ltr'>ad</span> <span class='ocrx_word' id='word_1_120' title='bbox 1295 2015 1364 2066; x_wconf 79' lang='lat' dir='ltr'>A.</span> 
     </span>
     <span class='ocr_line' id='line_1_22' title="bbox 296 2092 1365 2157; baseline -0.002 -13"><span class='ocrx_word' id='word_1_121' title='bbox 296 2095 351 2144; x_wconf 90' lang='lat' dir='ltr'>C.</span> <span class='ocrx_word' id='word_1_122' title='bbox 371 2099 451 2145; x_wconf 76' lang='lat'>90.</span> <span class='ocrx_word' id='word_1_123' title='bbox 488 2094 680 2145; x_wconf 87' lang='lat' dir='ltr'>itidem</span> <span class='ocrx_word' id='word_1_124' title='bbox 715 2102 894 2157; x_wconf 78' lang='lat' dir='ltr'>negat,</span> <span class='ocrx_word' id='word_1_125' title='bbox 913 2093 980 2143; x_wconf 86' lang='lat' dir='ltr'>ab</span> <span class='ocrx_word' id='word_1_126' title='bbox 1003 2094 1117 2157; x_wconf 92' lang='lat' dir='ltr'>ipso</span> <span class='ocrx_word' id='word_1_127' title='bbox 1140 2092 1365 2157; x_wconf 83' lang='lat' dir='ltr'>Trajano</span> 
     </span>
     <span class='ocr_line' id='line_1_23' title="bbox 298 2169 1365 2233; baseline -0.001 -13"><span class='ocrx_word' id='word_1_128' title='bbox 298 2170 441 2222; x_wconf 81' lang='lat' dir='ltr'>istam</span> <span class='ocrx_word' id='word_1_129' title='bbox 509 2173 747 2221; x_wconf 84' lang='lat' dir='ltr'>lauream</span> <span class='ocrx_word' id='word_1_130' title='bbox 803 2169 962 2219; x_wconf 83' lang='lat' dir='ltr'>fuisse</span> <span class='ocrx_word' id='word_1_131' title='bbox 1021 2178 1365 2233; x_wconf 86' lang='lat' dir='ltr'>reportatam,</span> 
     </span>
     <span class='ocr_line' id='line_1_24' title="bbox 295 2244 1364 2311; baseline -0.001 -15"><span class='ocrx_word' id='word_1_132' title='bbox 295 2261 440 2311; x_wconf 82' lang='lat' dir='ltr'>quam</span> <span class='ocrx_word' id='word_1_133' title='bbox 478 2247 686 2308; x_wconf 76' lang='lat' dir='ltr'>Nerva,</span> <span class='ocrx_word' id='word_1_134' title='bbox 721 2244 980 2295; x_wconf 84' lang='lat' dir='ltr'>duntaxat</span> <span class='ocrx_word' id='word_1_135' title='bbox 1018 2245 1141 2295; x_wconf 89' lang='lat' dir='ltr'>boni</span> <span class='ocrx_word' id='word_1_136' title='bbox 1181 2245 1364 2295; x_wconf 86' lang='lat' dir='ltr'>ominis</span> 
     </span>
     <span class='ocr_line' id='line_1_25' title="bbox 294 2314 1360 2387; baseline -0.002 -15"><span class='ocrx_word' id='word_1_137' title='bbox 294 2334 488 2380; x_wconf 71' lang='lat' dir='ltr'>caussa,</span> <span class='ocrx_word' id='word_1_138' title='bbox 507 2324 598 2373; x_wconf 85' lang='lat' dir='ltr'>die</span> <span class='ocrx_word' id='word_1_139' title='bbox 623 2323 919 2387; x_wconf 84' lang='lat' dir='ltr'>adoptionis</span> <span class='ocrx_word' id='word_1_140' title='bbox 950 2314 1160 2384; x_wconf 77' lang='lat' dir='ltr'>Trajani</span> <span class='ocrx_word' id='word_1_141' title='bbox 1186 2335 1360 2370; x_wconf 74' lang='lat' dir='ltr'>conse·</span> 
     </span>
     <span class='ocr_line' id='line_1_26' title="bbox 294 2396 1366 2460; baseline -0.002 -12"><span class='ocrx_word' id='word_1_142' title='bbox 294 2399 616 2451; x_wconf 58' lang='lat' dir='ltr'>eraritdovi.</span> <span class='ocrx_word' id='word_1_143' title='bbox 684 2396 776 2447; x_wconf 80' lang='lat' dir='ltr'>Ait</span> <span class='ocrx_word' id='word_1_144' title='bbox 813 2397 970 2460; x_wconf 85' lang='lat' dir='ltr'>enim,</span> <span class='ocrx_word' id='word_1_145' title='bbox 992 2396 1220 2446; x_wconf 76' lang='lat' dir='ltr'>Plinium</span> <span class='ocrx_word' id='word_1_146' title='bbox 1246 2412 1366 2447; x_wconf 90' lang='lat' dir='ltr'>nns-</span> 
     </span>
     <span class='ocr_line' id='line_1_27' title="bbox 294 2474 1365 2539; baseline -0.001 -15"><span class='ocrx_word' id='word_1_147' title='bbox 294 2490 438 2538; x_wconf 84' lang='lat' dir='ltr'>quam</span> <span class='ocrx_word' id='word_1_148' title='bbox 460 2476 596 2527; x_wconf 81' lang='lat' dir='ltr'>bane</span> <span class='ocrx_word' id='word_1_149' title='bbox 616 2477 845 2526; x_wconf 84' lang='lat' dir='ltr'>lauream</span> <span class='ocrx_word' id='word_1_150' title='bbox 866 2475 1095 2525; x_wconf 88' lang='lat' dir='ltr'>tribuere</span> <span class='ocrx_word' id='word_1_151' title='bbox 1116 2474 1365 2539; x_wconf 84' lang='lat' dir='ltr'>Trajano,</span> 
     </span>
     <span class='ocr_line' id='line_1_28' title="bbox 293 2549 1365 2616; baseline 0 -14"><span class='ocrx_word' id='word_1_152' title='bbox 293 2566 384 2602; x_wconf 77' lang='lat' dir='ltr'>nee</span> <span class='ocrx_word' id='word_1_153' title='bbox 424 2567 541 2602; x_wconf 87' lang='lat' dir='ltr'>eum</span> <span class='ocrx_word' id='word_1_154' title='bbox 579 2567 648 2603; x_wconf 84' lang='lat' dir='ltr'>eo</span> <span class='ocrx_word' id='word_1_155' title='bbox 688 2553 894 2601; x_wconf 77' lang='lat' dir='ltr'>nomine</span> <span class='ocrx_word' id='word_1_156' title='bbox 926 2549 1158 2616; x_wconf 77' lang='lat' dir='ltr'>laudare,</span> <span class='ocrx_word' id='word_1_157' title='bbox 1196 2565 1365 2616; x_wconf 87' lang='lat' dir='ltr'>neque</span> 
     </span>
     <span class='ocr_line' id='line_1_29' title="bbox 294 2628 1365 2691; baseline -0.002 -11"><span class='ocrx_word' id='word_1_158' title='bbox 294 2630 447 2681; x_wconf 79' lang='lat' dir='ltr'>ullum</span> <span class='ocrx_word' id='word_1_159' title='bbox 486 2631 776 2691; x_wconf 78' lang='lat' dir='ltr'>nummum,</span> <span class='ocrx_word' id='word_1_160' title='bbox 816 2628 1025 2678; x_wconf 76' lang='lat' dir='ltr'>aliudve</span> <span class='ocrx_word' id='word_1_161' title='bbox 1084 2630 1365 2679; x_wconf 85' lang='lat' dir='ltr'>monimen·</span> 
     </span>
     <span class='ocr_line' id='line_1_30' title="bbox 295 2707 1368 2773; baseline -0.002 -15"><span class='ocrx_word' id='word_1_162' title='bbox 295 2715 421 2771; x_wconf 78' lang='lat' dir='ltr'>tum,</span> <span class='ocrx_word' id='word_1_163' title='bbox 440 2721 738 2773; x_wconf 81' lang='lat' dir='ltr'>superesse,</span> <span class='ocrx_word' id='word_1_164' title='bbox 762 2707 815 2756; x_wconf 87' lang='lat' dir='ltr'>in</span> <span class='ocrx_word' id='word_1_165' title='bbox 835 2719 936 2771; x_wconf 90' lang='lat' dir='ltr'>quo</span> <span class='ocrx_word' id='word_1_166' title='bbox 950 2707 1199 2757; x_wconf 85' lang='lat' dir='ltr'>memoria</span> <span class='ocrx_word' id='word_1_167' title='bbox 1221 2707 1368 2756; x_wconf 77' lang='lat' dir='ltr'>istius</span> 
     </span>
     <span class='ocr_line' id='line_1_31' title="bbox 292 2785 1366 2850; baseline 0.001 -17"><span class='ocrx_word' id='word_1_168' title='bbox 292 2787 523 2837; x_wconf 65' lang='lat' dir='ltr'>victoria</span> <span class='ocrx_word' id='word_1_169' title='bbox 570 2785 892 2836; x_wconf 64' lang='lat' dir='ltr'>Pannonium</span> <span class='ocrx_word' id='word_1_170' title='bbox 918 2792 1174 2848; x_wconf 81' lang='lat' dir='ltr'>servetur,</span> <span class='ocrx_word' id='word_1_171' title='bbox 1198 2800 1366 2850; x_wconf 85' lang='lat' dir='ltr'>eaque</span> 
     </span>
     <span class='ocr_line' id='line_1_32' title="bbox 294 2859 1364 2924; baseline -0.003 -12"><span class='ocrx_word' id='word_1_172' title='bbox 294 2861 617 2912; x_wconf 65' lang='lat' dir='ltr'>adscribatur</span> <span class='ocrx_word' id='word_1_173' title='bbox 638 2860 890 2923; x_wconf 80' lang='lat' dir='ltr'>Trajano.</span> <span class='ocrx_word' id='word_1_174' title='bbox 948 2859 1087 2909; x_wconf 82' lang='lat' dir='ltr'>Hinc</span> <span class='ocrx_word' id='word_1_175' title='bbox 1110 2875 1266 2924; x_wconf 91' lang='lat' dir='ltr'>porro</span> <span class='ocrx_word' id='word_1_176' title='bbox 1291 2862 1364 2909; x_wconf 92' lang='lat' dir='ltr'>in·</span> 
     </span>
     <span class='ocr_line' id='line_1_33' title="bbox 292 2935 1365 2998; baseline -0.001 -11"><span class='ocrx_word' id='word_1_177' title='bbox 292 2935 391 2989; x_wconf 78' lang='lat' dir='ltr'>fert</span> <span class='ocrx_word' id='word_1_178' title='bbox 407 2937 657 2988; x_wconf 79' lang='lat' dir='ltr'>laudatus</span> <span class='ocrx_word' id='word_1_179' title='bbox 671 2937 900 2998; x_wconf 68' lang='lat' dir='ltr'>Elasson,</span> <span class='ocrx_word' id='word_1_180' title='bbox 920 2937 1010 2985; x_wconf 86' lang='lat' dir='ltr'>sed</span> <span class='ocrx_word' id='word_1_181' title='bbox 1029 2936 1137 2986; x_wconf 83' lang='lat' dir='ltr'>siue</span> <span class='ocrx_word' id='word_1_182' title='bbox 1155 2938 1365 2986; x_wconf 79' lang='lat' dir='ltr'>eviden—</span> 
     </span>
     <span class='ocr_line' id='line_1_34' title="bbox 295 3012 1364 3078; baseline -0.002 -15"><span class='ocrx_word' id='word_1_183' title='bbox 295 3012 334 3063; x_wconf 88' lang='lat' dir='ltr'>ti</span> <span class='ocrx_word' id='word_1_184' title='bbox 372 3021 707 3078; x_wconf 79' lang='lat' dir='ltr'>argumento,</span> <span class='ocrx_word' id='word_1_185' title='bbox 737 3013 1018 3076; x_wconf 83' lang='lat' dir='ltr'>Trajanum</span> <span class='ocrx_word' id='word_1_186' title='bbox 1061 3020 1204 3073; x_wconf 85' lang='lat' dir='ltr'>tnnc,</span> <span class='ocrx_word' id='word_1_187' title='bbox 1249 3028 1364 3062; x_wconf 90' lang='lat' dir='ltr'>cum</span> 
     </span>
     <span class='ocr_line' id='line_1_35' title="bbox 294 3091 1365 3157; baseline -0.004 -13"><span class='ocrx_word' id='word_1_188' title='bbox 294 3093 664 3157; x_wconf 81' lang='lat' dir='ltr'>adoptaretur,</span> <span class='ocrx_word' id='word_1_189' title='bbox 684 3091 1081 3156; x_wconf 66' lang='lat' dir='ltr'>haudquaquam</span> <span class='ocrx_word' id='word_1_190' title='bbox 1117 3091 1365 3140; x_wconf 78' lang='lat' dir='ltr'>assedisse</span> 
     </span>
     <span class='ocr_line' id='line_1_36' title="bbox 295 3165 1364 3230; baseline -0.002 -10"><span class='ocrx_word' id='word_1_191' title='bbox 295 3169 569 3230; x_wconf 85' lang='lat' dir='ltr'>Danubio,</span> <span class='ocrx_word' id='word_1_192' title='bbox 592 3167 685 3217; x_wconf 81' lang='lat' dir='ltr'>sed</span> <span class='ocrx_word' id='word_1_193' title='bbox 709 3165 912 3216; x_wconf 86' lang='lat' dir='ltr'>demum</span> <span class='ocrx_word' id='word_1_194' title='bbox 946 3168 1115 3217; x_wconf 83' lang='lat' dir='ltr'>bieme</span> <span class='ocrx_word' id='word_1_195' title='bbox 1149 3179 1364 3218; x_wconf 87' lang='lat' dir='ltr'>mortem</span> 
     </span>
     <span class='ocr_line' id='line_1_37' title="bbox 294 3243 1363 3307; baseline -0.003 -12"><span class='ocrx_word' id='word_1_196' title='bbox 294 3246 484 3296; x_wconf 64' lang='lat' dir='ltr'>Nerva</span> <span class='ocrx_word' id='word_1_197' title='bbox 510 3244 815 3294; x_wconf 81' lang='lat' dir='ltr'>subsecuta.</span> <span class='ocrx_word' id='word_1_198' title='bbox 864 3243 937 3292; x_wconf 79' lang='lat' dir='ltr'>At</span> <span class='ocrx_word' id='word_1_199' title='bbox 960 3243 1242 3307; x_wconf 79' lang='lat' dir='ltr'>enimvero,</span> <span class='ocrx_word' id='word_1_200' title='bbox 1264 3258 1363 3292; x_wconf 89' lang='lat' dir='ltr'>uon</span> 
     </span>
     <span class='ocr_line' id='line_1_38' title="bbox 292 3311 1365 3386; baseline -0.003 -14"><span class='ocrx_word' id='word_1_201' title='bbox 292 3311 451 3373; x_wconf 81' lang='lat' dir='ltr'>solnm</span> <span class='ocrx_word' id='word_1_202' title='bbox 465 3323 586 3386; x_wconf 81' lang='lat' dir='ltr'>jam</span> <span class='ocrx_word' id='word_1_203' title='bbox 607 3325 763 3369; x_wconf 84' lang='lat' dir='ltr'>antea</span> <span class='ocrx_word' id='word_1_204' title='bbox 786 3319 1082 3376; x_wconf 64' lang='lat' dir='ltr'>cataneus,</span> <span class='ocrx_word' id='word_1_205' title='bbox 1097 3319 1189 3368; x_wconf 82' lang='lat' dir='ltr'>sed</span> <span class='ocrx_word' id='word_1_206' title='bbox 1210 3329 1263 3369; x_wconf 93' lang='lat' dir='ltr'>et</span> <span class='ocrx_word' id='word_1_207' title='bbox 1286 3334 1365 3369; x_wconf 88' lang='lat' dir='ltr'>re·</span> 
     </span>
     <span class='ocr_line' id='line_1_39' title="bbox 292 3395 1365 3451; baseline -0.003 -2"><span class='ocrx_word' id='word_1_208' title='bbox 292 3399 493 3451; x_wconf 76' lang='lat' dir='ltr'>eeutins</span> <span class='ocrx_word' id='word_1_209' title='bbox 516 3398 588 3449; x_wconf 74' lang='lat' dir='ltr'>H.</span> <span class='ocrx_word' id='word_1_210' title='bbox 608 3395 792 3448; x_wconf 69' lang='lat' dir='ltr'>Dodw.</span> <span class='ocrx_word' id='word_1_211' title='bbox 809 3396 1060 3445; x_wconf 72' lang='lat' dir='ltr'>Praelect.</span> <span class='ocrx_word' id='word_1_212' title='bbox 1083 3396 1365 3447; x_wconf 83' lang='lat' dir='ltr'>cambden.</span> 
     </span>
     <span class='ocr_line' id='line_1_40' title="bbox 293 3472 1364 3540; baseline -0.01 -15"><span class='ocrx_word' id='word_1_213' title='bbox 293 3489 369 3527; x_wconf 78' lang='lat' dir='ltr'>vt.</span> <span class='ocrx_word' id='word_1_214' title='bbox 391 3491 447 3540; x_wconf 87' lang='lat' dir='ltr'>p.</span> <span class='ocrx_word' id='word_1_215' title='bbox 464 3478 591 3525; x_wconf 75' lang='lat'><strong>27³.</strong></span> <span class='ocrx_word' id='word_1_216' title='bbox 614 3488 761 3538; x_wconf 84' lang='lat' dir='ltr'>seqq.</span> <span class='ocrx_word' id='word_1_217' title='bbox 784 3473 1165 3530; x_wconf 80' lang='lat' dir='ltr'>existimarunt.</span> <span class='ocrx_word' id='word_1_218' title='bbox 1184 3472 1364 3537; x_wconf 79' lang='lat' dir='ltr'>Traja-</span> 
     </span>
     <span class='ocr_line' id='line_1_41' title="bbox 290 3548 1361 3616; baseline -0.003 -14"><span class='ocrx_word' id='word_1_219' title='bbox 290 3567 409 3604; x_wconf 86' lang='lat' dir='ltr'>num</span> <span class='ocrx_word' id='word_1_220' title='bbox 430 3553 621 3616; x_wconf 85' lang='lat' dir='ltr'>utique</span> <span class='ocrx_word' id='word_1_221' title='bbox 658 3559 785 3600; x_wconf 80' lang='lat' dir='ltr'>tnnc</span> <span class='ocrx_word' id='word_1_222' title='bbox 810 3549 859 3598; x_wconf 91' lang='lat' dir='ltr'>in</span> <span class='ocrx_word' id='word_1_223' title='bbox 885 3549 1073 3599; x_wconf 73' lang='lat' dir='ltr'>Moesia</span> <span class='ocrx_word' id='word_1_224' title='bbox 1097 3548 1273 3606; x_wconf 84' lang='lat' dir='ltr'>fuisse.</span> <span class='ocrx_word' id='word_1_225' title='bbox 1298 3548 1361 3599; x_wconf 83' lang='lat' dir='ltr'>ad</span> 
     </span>
     <span class='ocr_line' id='line_1_42' title="bbox 292 3625 1361 3699; baseline -0.006 -19"><span class='ocrx_word' id='word_1_226' title='bbox 292 3630 457 3699; x_wconf 62' lang='lat' dir='ltr'>ripam</span> <span class='ocrx_word' id='word_1_227' title='bbox 481 3625 735 3688; x_wconf 84' lang='lat' dir='ltr'>Danubii,</span> <span class='ocrx_word' id='word_1_228' title='bbox 756 3639 786 3675; x_wconf 87' lang='lat' dir='ltr'>e</span> <span class='ocrx_word' id='word_1_229' title='bbox 807 3625 1022 3688; x_wconf 75' lang='lat' dir='ltr'>regione</span> <span class='ocrx_word' id='word_1_230' title='bbox 1045 3625 1254 3684; x_wconf 76' lang='lat' dir='ltr'>Daciae3</span> <span class='ocrx_word' id='word_1_231' title='bbox 1288 3633 1361 3683; x_wconf 84' lang='lat' dir='ltr'>et,</span> 
     </span>
     <span class='ocr_line' id='line_1_43' title="bbox 292 3702 1365 3772; baseline -0.006 -14"><span class='ocrx_word' id='word_1_232' title='bbox 292 3721 408 3758; x_wconf 77' lang='lat' dir='ltr'>cum</span> <span class='ocrx_word' id='word_1_233' title='bbox 444 3704 626 3772; x_wconf 84' lang='lat' dir='ltr'>paullo</span> <span class='ocrx_word' id='word_1_234' title='bbox 662 3713 784 3753; x_wconf 85' lang='lat' dir='ltr'>ante</span> <span class='ocrx_word' id='word_1_235' title='bbox 821 3702 1152 3766; x_wconf 87' lang='lat' dir='ltr'>adoptionem</span> <span class='ocrx_word' id='word_1_236' title='bbox 1180 3704 1365 3752; x_wconf 81' lang='lat' dir='ltr'>vicerit</span> 
     </span>
     <span class='ocr_line' id='line_1_44' title="bbox 292 3773 1363 3840; baseline -0.009 -3"><span class='ocrx_word' id='word_1_237' title='bbox 292 3784 608 3840; x_wconf 79' lang='lat' dir='ltr'>Germanos,</span> <span class='ocrx_word' id='word_1_238' title='bbox 632 3789 690 3832; x_wconf 90' lang='lat' dir='ltr'>et.</span> <span class='ocrx_word' id='word_1_239' title='bbox 710 3779 832 3830; x_wconf 88' lang='lat' dir='ltr'>inde</span> <span class='ocrx_word' id='word_1_240' title='bbox 846 3773 1043 3828; x_wconf 69' lang='lat' dir='ltr'>‘nomen</span> <span class='ocrx_word' id='word_1_241' title='bbox 1065 3777 1363 3828; x_wconf 78' lang='lat' dir='ltr'>Germanici</span> 
     </span>
     <span class='ocr_line' id='line_1_45' title="bbox 294 3854 1364 3926; baseline -0.007 -14"><span class='ocrx_word' id='word_1_242' title='bbox 294 3861 601 3926; x_wconf 85' lang='lat' dir='ltr'>reportarit,</span> <span class='ocrx_word' id='word_1_243' title='bbox 638 3866 765 3908; x_wconf 84' lang='lat' dir='ltr'>tunc</span> <span class='ocrx_word' id='word_1_244' title='bbox 794 3870 824 3904; x_wconf 85' lang='lat' dir='ltr'>e</span> <span class='ocrx_word' id='word_1_245' title='bbox 862 3854 1131 3904; x_wconf 79' lang='lat' dir='ltr'>Pannonis</span> <span class='ocrx_word' id='word_1_246' title='bbox 1166 3855 1364 3905; x_wconf 84' lang='lat' dir='ltr'>misisse</span> 
     </span>
     <span class='ocr_line' id='line_1_46' title="bbox 290 3930 1362 3998; baseline -0.007 -10"><span class='ocrx_word' id='word_1_247' title='bbox 290 3937 470 3988; x_wconf 78' lang='lat' dir='ltr'>literas</span> <span class='ocrx_word' id='word_1_248' title='bbox 492 3936 559 3985; x_wconf 89' lang='lat' dir='ltr'>de</span> <span class='ocrx_word' id='word_1_249' title='bbox 582 3932 800 3998; x_wconf 75' lang='lat' dir='ltr'>victoria</span> <span class='ocrx_word' id='word_1_250' title='bbox 822 3930 1140 3981; x_wconf 83' lang='lat' dir='ltr'>Germanica</span> <span class='ocrx_word' id='word_1_251' title='bbox 1163 3931 1362 3981; x_wconf 87' lang='lat' dir='ltr'>laurea·</span> 
     </span>
     <span class='ocr_line' id='line_1_47' title="bbox 295 4006 1363 4075; baseline -0.008 -10"><span class='ocrx_word' id='word_1_252' title='bbox 295 4022 395 4064; x_wconf 81' lang='lat' dir='ltr'>tas.</span> <span class='ocrx_word' id='word_1_253' title='bbox 465 4009 739 4075; x_wconf 54' lang='lat' dir='ltr'>Niskonis</span> <span class='ocrx_word' id='word_1_254' title='bbox 781 4015 951 4072; x_wconf 85' lang='lat' dir='ltr'>putet,</span> <span class='ocrx_word' id='word_1_255' title='bbox 990 4007 1041 4055; x_wconf 87' lang='lat' dir='ltr'>in</span> <span class='ocrx_word' id='word_1_256' title='bbox 1071 4006 1181 4069; x_wconf 87' lang='lat' dir='ltr'>ipsa</span> <span class='ocrx_word' id='word_1_257' title='bbox 1204 4008 1363 4056; x_wconf 86' lang='lat' dir='ltr'>etiam</span> 
     </span>
     <span class='ocr_line' id='line_1_48' title="bbox 293 4082 1364 4144; baseline -0.011 0"><span class='ocrx_word' id='word_1_258' title='bbox 293 4090 568 4144; x_wconf 77' lang='lat' dir='ltr'>Pannonia</span> <span class='ocrx_word' id='word_1_259' title='bbox 604 4097 731 4137; x_wconf 81' lang='lat' dir='ltr'>tune</span> <span class='ocrx_word' id='word_1_260' title='bbox 769 4083 1035 4134; x_wconf 78' lang='lat' dir='ltr'>habitasse</span> <span class='ocrx_word' id='word_1_261' title='bbox 1077 4082 1364 4134; x_wconf 81' lang='lat' dir='ltr'>Germanos</span> 
     </span>
     <span class='ocr_line' id='line_1_49' title="bbox 293 4158 1362 4232; baseline -0.007 -15"><span class='ocrx_word' id='word_1_262' title='bbox 293 4166 559 4232; x_wconf 66' lang='lat' dir='ltr'>quo-dani,</span> <span class='ocrx_word' id='word_1_263' title='bbox 580 4177 771 4228; x_wconf 83' lang='lat' dir='ltr'>nempe</span> <span class='ocrx_word' id='word_1_264' title='bbox 806 4160 1107 4217; x_wconf 81' lang='lat' dir='ltr'>Araviscos,</span> <span class='ocrx_word' id='word_1_265' title='bbox 1131 4158 1197 4210; x_wconf 89' lang='lat' dir='ltr'>ab</span> <span class='ocrx_word' id='word_1_266' title='bbox 1222 4158 1362 4218; x_wconf 85' lang='lat' dir='ltr'>Osis,</span> 
     </span>
     <span class='ocr_line' id='line_1_50' title="bbox 296 4235 1365 4296; baseline -0.005 -4"><span class='ocrx_word' id='word_1_267' title='bbox 296 4243 672 4296; x_wconf 71' lang='lat' dir='ltr'>Geni-morum</span> <span class='ocrx_word' id='word_1_268' title='bbox 704 4237 943 4294; x_wconf 83' lang='lat' dir='ltr'>natione,</span> <span class='ocrx_word' id='word_1_269' title='bbox 962 4235 1015 4285; x_wconf 88' lang='lat' dir='ltr'>in</span> <span class='ocrx_word' id='word_1_270' title='bbox 1038 4236 1365 4287; x_wconf 85' lang='lat' dir='ltr'>Pannoniam</span> 
     </span>
     <span class='ocr_line' id='line_1_51' title="bbox 298 4311 1365 4386; baseline -0.008 -13"><span class='ocrx_word' id='word_1_271' title='bbox 298 4321 586 4386; x_wconf 74' lang='lat' dir='ltr'>translatos,</span> <span class='ocrx_word' id='word_1_272' title='bbox 610 4314 894 4382; x_wconf 67' lang='lat' dir='ltr'>,referente</span> <span class='ocrx_word' id='word_1_273' title='bbox 926 4311 1115 4366; x_wconf 83' lang='lat' dir='ltr'>Tacito</span> <span class='ocrx_word' id='word_1_274' title='bbox 1146 4313 1201 4364; x_wconf 89' lang='lat' dir='ltr'>iu</span> <span class='ocrx_word' id='word_1_275' title='bbox 1231 4313 1365 4364; x_wconf 79' lang='lat' dir='ltr'>Ger-</span> 
     </span>
    </p>
   </div>
   <div class='ocr_carea' id='block_1_3' title="bbox 2369 402 2502 471">
    <p class='ocr_par' dir='ltr' id='par_1_3' title="bbox 2369 402 2502 471">
     <span class='ocr_line' id='line_1_52' title="bbox 2369 402 2502 471; baseline 0 -2"><span class='ocrx_word' id='word_1_276' title='bbox 2369 402 2502 471; x_wconf 81' lang='lat'>469</span> 
     </span>
    </p>
   </div>
   <div class='ocr_carea' id='block_1_4' title="bbox 1424 560 2547 3152">
    <p class='ocr_par' dir='ltr' id='par_1_4' title="bbox 1424 560 2547 3152">
     <span class='ocr_line' id='line_1_53' title="bbox 1433 560 2506 627; baseline 0.002 -15"><span class='ocrx_word' id='word_1_277' title='bbox 1433 564 1605 613; x_wconf 83' lang='lat' dir='ltr'>mania</span> <span class='ocrx_word' id='word_1_278' title='bbox 1627 577 1746 627; x_wconf 83' lang='lat' dir='ltr'>esp.</span> <span class='ocrx_word' id='word_1_279' title='bbox 1770 567 1855 614; x_wconf 77' lang='lat'>28.</span> <span class='ocrx_word' id='word_1_280' title='bbox 1922 562 2057 613; x_wconf 85' lang='lat' dir='ltr'>Mihi</span> <span class='ocrx_word' id='word_1_281' title='bbox 2096 560 2304 613; x_wconf 89' lang='lat' dir='ltr'>omnino</span> <span class='ocrx_word' id='word_1_282' title='bbox 2328 562 2506 614; x_wconf 77' lang='lat' dir='ltr'>verisi-</span> 
     </span>
     <span class='ocr_line' id='line_1_54' title="bbox 1435 639 2509 690; baseline -0.001 0"><span class='ocrx_word' id='word_1_283' title='bbox 1435 642 1607 690; x_wconf 83' lang='lat' dir='ltr'>milior</span> <span class='ocrx_word' id='word_1_284' title='bbox 1651 641 1859 690; x_wconf 82' lang='lat' dir='ltr'>videtnr</span> <span class='ocrx_word' id='word_1_285' title='bbox 1917 639 2179 690; x_wconf 75' lang='lat' dir='ltr'>Dodwelli</span> <span class='ocrx_word' id='word_1_286' title='bbox 2233 641 2509 690; x_wconf 83' lang='lat' dir='ltr'>sententia.</span> 
     </span>
     <span class='ocr_line' id='line_1_55' title="bbox 1436 716 2508 787; baseline -0.001 -21"><span class='ocrx_word' id='word_1_287' title='bbox 1436 716 1708 768; x_wconf 88' lang='lat' dir='ltr'>Cedrenus</span> <span class='ocrx_word' id='word_1_288' title='bbox 1754 718 1916 777; x_wconf 87' lang='lat' dir='ltr'>enim,</span> <span class='ocrx_word' id='word_1_289' title='bbox 1956 716 2283 781; x_wconf 80' lang='lat' dir='ltr'>quantumvis</span> <span class='ocrx_word' id='word_1_290' title='bbox 2326 722 2508 787; x_wconf 69' lang='lat' dir='ltr'>auctor</span> 
     </span>
     <span class='ocr_line' id='line_1_56' title="bbox 1436 793 2506 859; baseline -0.002 -15"><span class='ocrx_word' id='word_1_291' title='bbox 1436 795 1504 844; x_wconf 88' lang='lat' dir='ltr'>ab</span> <span class='ocrx_word' id='word_1_292' title='bbox 1526 796 1626 845; x_wconf 90' lang='lat' dir='ltr'>isto</span> <span class='ocrx_word' id='word_1_293' title='bbox 1651 810 1760 844; x_wconf 77' lang='lat' dir='ltr'>aevo</span> <span class='ocrx_word' id='word_1_294' title='bbox 1785 794 2051 858; x_wconf 87' lang='lat' dir='ltr'>remotior,</span> <span class='ocrx_word' id='word_1_295' title='bbox 2080 793 2169 859; x_wconf 89' lang='lat' dir='ltr'>qui</span> <span class='ocrx_word' id='word_1_296' title='bbox 2206 802 2377 842; x_wconf 86' lang='lat' dir='ltr'>tamen</span> <span class='ocrx_word' id='word_1_297' title='bbox 2413 807 2506 842; x_wconf 79' lang='lat' dir='ltr'>sua</span> 
     </span>
     <span class='ocr_line' id='line_1_57' title="bbox 1436 868 2510 935; baseline -0.004 -15"><span class='ocrx_word' id='word_1_298' title='bbox 1436 871 1837 935; x_wconf 57' lang='lat' dir='ltr'>ex‘antiquiore</span> <span class='ocrx_word' id='word_1_299' title='bbox 1871 870 2130 934; x_wconf 81' lang='lat' dir='ltr'>scriptore</span> <span class='ocrx_word' id='word_1_300' title='bbox 2168 868 2377 917; x_wconf 82' lang='lat' dir='ltr'>haurire</span> <span class='ocrx_word' id='word_1_301' title='bbox 2416 882 2510 932; x_wconf 85' lang='lat' dir='ltr'>po·</span> 
     </span>
     <span class='ocr_line' id='line_1_58' title="bbox 1440 946 2509 1010; baseline -0.005 -13"><span class='ocrx_word' id='word_1_302' title='bbox 1440 948 1559 1009; x_wconf 90' lang='lat' dir='ltr'>tuit,</span> <span class='ocrx_word' id='word_1_303' title='bbox 1585 948 1637 997; x_wconf 88' lang='lat' dir='ltr'>in</span> <span class='ocrx_word' id='word_1_304' title='bbox 1663 947 1986 1010; x_wconf 78' lang='lat' dir='ltr'>compendio</span> <span class='ocrx_word' id='word_1_305' title='bbox 2020 946 2223 995; x_wconf 87' lang='lat' dir='ltr'>Histor.</span> <span class='ocrx_word' id='word_1_306' title='bbox 2253 958 2369 1007; x_wconf 72' lang='lat' dir='ltr'>pag.</span> <span class='ocrx_word' id='word_1_307' title='bbox 2395 947 2509 993; x_wconf 79' lang='lat'>195.</span> 
     </span>
     <span class='ocr_line' id='line_1_59' title="bbox 1438 1020 2512 1088; baseline -0.002 -15"><span class='ocrx_word' id='word_1_308' title='bbox 1438 1025 1526 1074; x_wconf 87' lang='lat' dir='ltr'>ubi</span> <span class='ocrx_word' id='word_1_309' title='bbox 1565 1026 1630 1075; x_wconf 87' lang='lat' dir='ltr'>de</span> <span class='ocrx_word' id='word_1_310' title='bbox 1669 1027 1859 1076; x_wconf 79' lang='lat' dir='ltr'>Nervae</span> <span class='ocrx_word' id='word_1_311' title='bbox 1895 1023 2112 1088; x_wconf 89' lang='lat' dir='ltr'>imperio</span> <span class='ocrx_word' id='word_1_312' title='bbox 2150 1024 2274 1085; x_wconf 81' lang='lat' dir='ltr'>agit,</span> <span class='ocrx_word' id='word_1_313' title='bbox 2297 1023 2408 1071; x_wconf 78' lang='lat' dir='ltr'>baee</span> <span class='ocrx_word' id='word_1_314' title='bbox 2431 1020 2512 1071; x_wconf 86' lang='lat' dir='ltr'>di·</span> 
     </span>
     <span class='ocr_line' id='line_1_60' title="bbox 1438 1096 2509 1151; baseline -0.003 -1"><span class='ocrx_word' id='word_1_315' title='bbox 1438 1109 1577 1151; x_wconf 89' lang='lat' dir='ltr'>serte</span> <span class='ocrx_word' id='word_1_316' title='bbox 1614 1110 2023 1151; x_wconf 82' lang='lat' dir='ltr'>commemorat:</span> <span class='ocrx_word' id='word_1_317' title='bbox 2077 1098 2164 1149; x_wconf 80' lang='grc' dir='ltr'>Ἐκ</span> <span class='ocrx_word' id='word_1_318' title='bbox 2198 1097 2421 1149; x_wconf 65' lang='grc' dir='ltr'>Παιονίης</span> <span class='ocrx_word' id='word_1_319' title='bbox 2456 1096 2509 1148; x_wconf 72' lang='grc' dir='ltr'>δὲ</span> 
     </span>
     <span class='ocr_line' id='line_1_61' title="bbox 1436 1166 2509 1239; baseline -0.003 -12"><span class='ocrx_word' id='word_1_320' title='bbox 1436 1176 1647 1238; x_wconf 74' lang='grc' dir='ltr'>ἀγγελία</span> <span class='ocrx_word' id='word_1_321' title='bbox 1658 1175 1892 1227; x_wconf 73' lang='grc' dir='ltr'><strong><em>ἐπινικίων</em></strong></span> <span class='ocrx_word' id='word_1_322' title='bbox 1906 1178 2109 1227; x_wconf 70' lang='grc' dir='ltr'><strong>ἔλθηῦσα</strong></span> <span class='ocrx_word' id='word_1_323' title='bbox 2119 1176 2246 1239; x_wconf 77' lang='grc' dir='ltr'><strong><em>παρὰ</em></strong></span> <span class='ocrx_word' id='word_1_324' title='bbox 2260 1166 2509 1239; x_wconf 77' lang='grc' dir='ltr'>Τραϊανοΰ,</span> 
     </span>
     <span class='ocr_line' id='line_1_62' title="bbox 1436 1250 2510 1315; baseline -0.002 -13"><span class='ocrx_word' id='word_1_325' title='bbox 1436 1253 1645 1304; x_wconf 69' lang='grc' dir='ltr'>ἀνελθὼν</span> <span class='ocrx_word' id='word_1_326' title='bbox 1666 1256 1720 1304; x_wconf 71' lang='grc' dir='ltr'>ἐν</span> <span class='ocrx_word' id='word_1_327' title='bbox 1737 1255 1812 1314; x_wconf 75' lang='grc' dir='ltr'>τῷ·</span> <span class='ocrx_word' id='word_1_328' title='bbox 1826 1252 2113 1315; x_wconf 67' lang='grc' dir='ltr'>κατι-πωλίῳ,</span> <span class='ocrx_word' id='word_1_329' title='bbox 2145 1252 2223 1301; x_wconf 75' lang='grc' dir='ltr'>καὶ</span> <span class='ocrx_word' id='word_1_330' title='bbox 2241 1250 2510 1308; x_wconf 65' lang='grc' dir='ltr'><strong><em>λιβανωτὸν</em></strong></span> 
     </span>
     <span class='ocr_line' id='line_1_63' title="bbox 1437 1327 2511 1392; baseline -0.001 -14"><span class='ocrx_word' id='word_1_331' title='bbox 1437 1330 1678 1390; x_wconf 66' lang='grc' dir='ltr'><strong><em>ἐπιθύσας,</em></strong></span> <span class='ocrx_word' id='word_1_332' title='bbox 1691 1328 1811 1380; x_wconf 67' lang='grc' dir='ltr'>στὰς</span> <span class='ocrx_word' id='word_1_333' title='bbox 1828 1329 1903 1378; x_wconf 71' lang='grc' dir='ltr'>ἐπὶ</span> <span class='ocrx_word' id='word_1_334' title='bbox 1917 1328 2147 1392; x_wconf 76' lang='grc' dir='ltr'><strong><em>βήματος,</em></strong></span> <span class='ocrx_word' id='word_1_335' title='bbox 2160 1327 2353 1391; x_wconf 75' lang='grc' dir='ltr'>μεγάλα</span> <span class='ocrx_word' id='word_1_336' title='bbox 2362 1332 2511 1390; x_wconf 79' lang='grc' dir='ltr'><em>βοῶν,</em></span> 
     </span>
     <span class='ocr_line' id='line_1_64' title="bbox 1436 1404 2509 1470; baseline -0.001 -14"><span class='ocrx_word' id='word_1_337' title='bbox 1436 1409 1525 1465; x_wconf 74' lang='grc' dir='ltr'>τῆς</span> <span class='ocrx_word' id='word_1_338' title='bbox 1554 1406 1605 1456; x_wconf 71' lang='grc' dir='ltr'>δὲ</span> <span class='ocrx_word' id='word_1_339' title='bbox 1626 1409 1826 1470; x_wconf 80' lang='grc' dir='ltr'><strong><em>βουλῆς,</em></strong></span> <span class='ocrx_word' id='word_1_340' title='bbox 1862 1406 1942 1456; x_wconf 78' lang='grc' dir='ltr'>καὶ</span> <span class='ocrx_word' id='word_1_341' title='bbox 1963 1409 2051 1457; x_wconf 81' lang='grc' dir='ltr'>τοῦ</span> <span class='ocrx_word' id='word_1_342' title='bbox 2083 1405 2232 1469; x_wconf 79' lang='grc' dir='ltr'><strong><em>δήμου</em></strong></span> <span class='ocrx_word' id='word_1_343' title='bbox 2274 1404 2509 1468; x_wconf 72' lang='grc' dir='ltr'>Ῥωμαίων</span> 
     </span>
     <span class='ocr_line' id='line_1_65' title="bbox 1436 1482 2511 1551; baseline 0 -17"><span class='ocrx_word' id='word_1_344' title='bbox 1436 1484 1696 1551; x_wconf 71' lang='grc' dir='ltr'><strong><em>παρόντων,</em></strong></span> <span class='ocrx_word' id='word_1_345' title='bbox 1742 1483 1850 1547; x_wconf 57' lang='lat' dir='ltr'>&amp;pir</span> <span class='ocrx_word' id='word_1_346' title='bbox 1905 1485 2083 1549; x_wconf 71' lang='grc' dir='ltr'><strong><em>’Λγωθῇ</em></strong></span> <span class='ocrx_word' id='word_1_347' title='bbox 2135 1483 2261 1548; x_wconf 80' lang='grc' dir='ltr'><strong><em>τύχῃ</em></strong></span> <span class='ocrx_word' id='word_1_348' title='bbox 2301 1482 2511 1546; x_wconf 73' lang='grc' dir='ltr'><strong><em>Νέρουας</em></strong></span> 
     </span>
     <span class='ocr_line' id='line_1_66' title="bbox 1436 1560 2510 1626; baseline -0.002 -15"><span class='ocrx_word' id='word_1_349' title='bbox 1436 1560 1666 1626; x_wconf 75' lang='grc' dir='ltr'>Τραϊανὸν</span> <span class='ocrx_word' id='word_1_350' title='bbox 1686 1561 1990 1623; x_wconf 72' lang='grc' dir='ltr'><strong>νὶοτοιοῦμαι.</strong></span> <span class='ocrx_word' id='word_1_351' title='bbox 2059 1562 2179 1609; x_wconf 73' lang='lat' dir='ltr'>Cam</span> <span class='ocrx_word' id='word_1_352' title='bbox 2218 1575 2281 1609; x_wconf 74' lang='lat' dir='ltr'>ex</span> <span class='ocrx_word' id='word_1_353' title='bbox 2317 1560 2510 1609; x_wconf 74' lang='lat' dir='ltr'>Panno·</span> 
     </span>
     <span class='ocr_line' id='line_1_67' title="bbox 1438 1635 2510 1697; baseline -0.005 -9"><span class='ocrx_word' id='word_1_354' title='bbox 1438 1639 1518 1688; x_wconf 77' lang='lat' dir='ltr'>uia</span> <span class='ocrx_word' id='word_1_355' title='bbox 1539 1640 1735 1688; x_wconf 79' lang='lat' dir='ltr'>nuntius</span> <span class='ocrx_word' id='word_1_356' title='bbox 1755 1640 1813 1687; x_wconf 86' lang='lat' dir='ltr'>de</span> <span class='ocrx_word' id='word_1_357' title='bbox 1834 1637 2037 1687; x_wconf 73' lang='lat' dir='ltr'>victoria</span> <span class='ocrx_word' id='word_1_358' title='bbox 2063 1635 2263 1697; x_wconf 74' lang='lat' dir='ltr'>Trqjani</span> <span class='ocrx_word' id='word_1_359' title='bbox 2293 1642 2414 1684; x_wconf 78' lang='lat' dir='ltr'>esset</span> <span class='ocrx_word' id='word_1_360' title='bbox 2438 1636 2510 1683; x_wconf 79' lang='lat' dir='ltr'>at-</span> 
     </span>
     <span class='ocr_line' id='line_1_68' title="bbox 1438 1709 2508 1779; baseline -0.001 -15"><span class='ocrx_word' id='word_1_361' title='bbox 1438 1718 1581 1772; x_wconf 68' lang='lat' dir='ltr'>tacus,</span> <span class='ocrx_word' id='word_1_362' title='bbox 1605 1709 1779 1765; x_wconf 58' lang='lat' dir='ltr'>&#39;Nema</span> <span class='ocrx_word' id='word_1_363' title='bbox 1816 1716 1866 1763; x_wconf 76' lang='lat' dir='ltr'>in</span> <span class='ocrx_word' id='word_1_364' title='bbox 1905 1716 2176 1779; x_wconf 78' lang='lat' dir='ltr'>capitolium</span> <span class='ocrx_word' id='word_1_365' title='bbox 2207 1728 2508 1778; x_wconf 64' lang='lat' dir='ltr'>progressas,</span> 
     </span>
     <span class='ocr_line' id='line_1_69' title="bbox 1440 1791 2509 1854; baseline -0.003 -13"><span class='ocrx_word' id='word_1_366' title='bbox 1440 1797 1546 1842; x_wconf 72' lang='lat' dir='ltr'>ture</span> <span class='ocrx_word' id='word_1_367' title='bbox 1588 1791 1792 1854; x_wconf 77' lang='lat' dir='ltr'>incenso,</span> <span class='ocrx_word' id='word_1_368' title='bbox 1827 1791 1937 1840; x_wconf 83' lang='lat' dir='ltr'>inde</span> <span class='ocrx_word' id='word_1_369' title='bbox 1977 1804 2223 1839; x_wconf 77' lang='lat' dir='ltr'>conscenso</span> <span class='ocrx_word' id='word_1_370' title='bbox 2266 1795 2509 1852; x_wconf 73' lang='lat' dir='ltr'>suggesto,</span> 
     </span>
     <span class='ocr_line' id='line_1_70' title="bbox 1437 1867 2510 1933; baseline -0.001 -16"><span class='ocrx_word' id='word_1_371' title='bbox 1437 1873 1671 1933; x_wconf 78' lang='lat' dir='ltr'>proesente</span> <span class='ocrx_word' id='word_1_372' title='bbox 1703 1868 1757 1918; x_wconf 79' lang='lat' dir='ltr'>S.</span> <span class='ocrx_word' id='word_1_373' title='bbox 1785 1868 1849 1917; x_wconf 88' lang='lat' dir='ltr'>P.</span> <span class='ocrx_word' id='word_1_374' title='bbox 1880 1868 1945 1923; x_wconf 86' lang='lat' dir='ltr'>Q.</span> <span class='ocrx_word' id='word_1_375' title='bbox 1969 1867 2031 1915; x_wconf 81' lang='lat' dir='ltr'>R.</span> <span class='ocrx_word' id='word_1_376' title='bbox 2055 1869 2156 1917; x_wconf 75' lang='lat' dir='ltr'>alea</span> <span class='ocrx_word' id='word_1_377' title='bbox 2176 1882 2317 1916; x_wconf 81' lang='lat' dir='ltr'>noce:</span> <span class='ocrx_word' id='word_1_378' title='bbox 2368 1867 2510 1922; x_wconf 72' lang='lat' dir='ltr'>Quod</span> 
     </span>
     <span class='ocr_line' id='line_1_71' title="bbox 1424 1943 2509 2009; baseline -0.002 -15"><span class='ocrx_word' id='word_1_379' title='bbox 1424 1945 1579 2004; x_wconf 72' lang='lat' dir='ltr'>felix,</span> <span class='ocrx_word' id='word_1_380' title='bbox 1600 1945 1774 2009; x_wconf 73' lang='lat' dir='ltr'>inquit.</span> <span class='ocrx_word' id='word_1_381' title='bbox 1783 1943 2094 2007; x_wconf 73' lang='lat' dir='ltr'>faustumque</span> <span class='ocrx_word' id='word_1_382' title='bbox 2114 1944 2199 2005; x_wconf 79' lang='lat' dir='ltr'>sit,</span> <span class='ocrx_word' id='word_1_383' title='bbox 2226 1958 2316 2006; x_wconf 77' lang='lat' dir='ltr'>ego</span> <span class='ocrx_word' id='word_1_384' title='bbox 2344 1943 2509 1992; x_wconf 71' lang='lat' dir='ltr'>Nerva</span> 
     </span>
     <span class='ocr_line' id='line_1_72' title="bbox 1442 2014 2510 2083; baseline 0.005 -18"><span class='ocrx_word' id='word_1_385' title='bbox 1442 2017 1701 2078; x_wconf 74' lang='lat' dir='ltr'>Traev‘nnum</span> <span class='ocrx_word' id='word_1_386' title='bbox 1714 2019 1998 2083; x_wconf 77' lang='lat' dir='ltr'>mihifilium</span> <span class='ocrx_word' id='word_1_387' title='bbox 2013 2017 2220 2083; x_wconf 77' lang='lat' dir='ltr'>adopto!</span> <span class='ocrx_word' id='word_1_388' title='bbox 2246 2020 2324 2068; x_wconf 85' lang='lat' dir='ltr'>Ae</span> <span class='ocrx_word' id='word_1_389' title='bbox 2342 2014 2510 2080; x_wconf 76' lang='lat' dir='ltr'>certe,</span> 
     </span>
     <span class='ocr_line' id='line_1_73' title="bbox 1440 2093 2511 2146; baseline 0.003 -4"><span class='ocrx_word' id='word_1_390' title='bbox 1440 2093 1483 2142; x_wconf 85' lang='lat' dir='ltr'>si</span> <span class='ocrx_word' id='word_1_391' title='bbox 1518 2094 1668 2144; x_wconf 85' lang='lat' dir='ltr'>istam</span> <span class='ocrx_word' id='word_1_392' title='bbox 1693 2096 1923 2145; x_wconf 89' lang='lat' dir='ltr'>lauream</span> <span class='ocrx_word' id='word_1_393' title='bbox 1950 2096 2080 2146; x_wconf 86' lang='lat' dir='ltr'>alius</span> <span class='ocrx_word' id='word_1_394' title='bbox 2104 2096 2208 2145; x_wconf 82' lang='lat' dir='ltr'>dux</span> <span class='ocrx_word' id='word_1_395' title='bbox 2232 2095 2355 2145; x_wconf 87' lang='lat' dir='ltr'>belli</span> <span class='ocrx_word' id='word_1_396' title='bbox 2389 2100 2511 2145; x_wconf 82' lang='lat' dir='ltr'>tune</span> 
     </span>
     <span class='ocr_line' id='line_1_74' title="bbox 1441 2171 2547 2237; baseline 0.001 -18"><span class='ocrx_word' id='word_1_397' title='bbox 1441 2171 1826 2233; x_wconf 75' lang='lat' dir='ltr'>promeruisset,</span> <span class='ocrx_word' id='word_1_398' title='bbox 1886 2172 2211 2237; x_wconf 70' lang='lat' dir='ltr'>misissetque</span> <span class='ocrx_word' id='word_1_399' title='bbox 2273 2171 2510 2227; x_wconf 85' lang='lat' dir='ltr'>Romam,</span> <span class='ocrx_word' id='word_1_400' title='bbox 2541 2208 2547 2213; x_wconf 79' lang='lat'><em>.</em></span> 
     </span>
     <span class='ocr_line' id='line_1_75' title="bbox 1440 2249 2515 2312; baseline 0.004 -17"><span class='ocrx_word' id='word_1_401' title='bbox 1440 2249 1634 2308; x_wconf 84' lang='lat' dir='ltr'>neseio,</span> <span class='ocrx_word' id='word_1_402' title='bbox 1676 2250 1929 2312; x_wconf 77' lang='lat' dir='ltr'>quomodo</span> <span class='ocrx_word' id='word_1_403' title='bbox 1975 2265 2037 2298; x_wconf 78' lang='lat' dir='ltr'>ea</span> <span class='ocrx_word' id='word_1_404' title='bbox 2083 2251 2221 2300; x_wconf 87' lang='lat' dir='ltr'>iuter</span> <span class='ocrx_word' id='word_1_405' title='bbox 2265 2251 2515 2311; x_wconf 80' lang='lat' dir='ltr'>militaria</span> 
     </span>
     <span class='ocr_line' id='line_1_76' title="bbox 1438 2324 2512 2388; baseline 0.005 -16"><span class='ocrx_word' id='word_1_406' title='bbox 1438 2324 1657 2388; x_wconf 77' lang='lat' dir='ltr'>&#39;l&#39;rajani</span> <span class='ocrx_word' id='word_1_407' title='bbox 1684 2325 1888 2386; x_wconf 84' lang='lat' dir='ltr'>merita,</span> <span class='ocrx_word' id='word_1_408' title='bbox 1924 2326 2139 2388; x_wconf 73' lang='lat' dir='ltr'>ejusque</span> <span class='ocrx_word' id='word_1_409' title='bbox 2175 2327 2378 2375; x_wconf 81' lang='lat' dir='ltr'>virtutis</span> <span class='ocrx_word' id='word_1_410' title='bbox 2401 2326 2512 2376; x_wconf 88' lang='lat' dir='ltr'>bel-</span> 
     </span>
     <span class='ocr_line' id='line_1_77' title="bbox 1442 2399 2510 2470; baseline 0.003 -22"><span class='ocrx_word' id='word_1_411' title='bbox 1442 2399 1559 2449; x_wconf 78' lang='lat' dir='ltr'>licoe</span> <span class='ocrx_word' id='word_1_412' title='bbox 1586 2401 1824 2465; x_wconf 78' lang='lat' dir='ltr'>insignia,</span> <span class='ocrx_word' id='word_1_413' title='bbox 1849 2414 1879 2448; x_wconf 88' lang='lat' dir='ltr'>a</span> <span class='ocrx_word' id='word_1_414' title='bbox 1906 2399 2079 2449; x_wconf 83' lang='lat' dir='ltr'>Plinio</span> <span class='ocrx_word' id='word_1_415' title='bbox 2116 2400 2388 2450; x_wconf 76' lang='lat' dir='ltr'>commode</span> <span class='ocrx_word' id='word_1_416' title='bbox 2417 2416 2510 2470; x_wconf 82' lang='lat' dir='ltr'>nu-</span> 
     </span>
     <span class='ocr_line' id='line_1_78' title="bbox 1440 2477 2510 2541; baseline 0.001 -16"><span class='ocrx_word' id='word_1_417' title='bbox 1440 2478 1628 2526; x_wconf 84' lang='lat' dir='ltr'>merari</span> <span class='ocrx_word' id='word_1_418' title='bbox 1665 2479 1943 2541; x_wconf 81' lang='lat' dir='ltr'>potuisset.</span> <span class='ocrx_word' id='word_1_419' title='bbox 1994 2477 2184 2539; x_wconf 84' lang='lat' dir='ltr'>Capite</span> <span class='ocrx_word' id='word_1_420' title='bbox 2221 2478 2354 2527; x_wconf 83' lang='lat' dir='ltr'>enim</span> <span class='ocrx_word' id='word_1_421' title='bbox 2391 2491 2510 2529; x_wconf 75' lang='lat' dir='ltr'>xvi.</span> 
     </span>
     <span class='ocr_line' id='line_1_79' title="bbox 1442 2553 2510 2619; baseline 0.002 -16"><span class='ocrx_word' id='word_1_422' title='bbox 1442 2554 1644 2617; x_wconf 75' lang='lat' dir='ltr'>Paurg.</span> <span class='ocrx_word' id='word_1_423' title='bbox 1672 2557 1686 2579; x_wconf 85' lang='lat'>⁸</span> <span class='ocrx_word' id='word_1_424' title='bbox 1713 2553 2253 2619; x_wconf 85' lang='lat' dir='ltr'>Inuutritus,’iuquit,</span> <span class='ocrx_word' id='word_1_425' title='bbox 2273 2556 2289 2584; x_wconf 90' lang='lat'>‘</span> <span class='ocrx_word' id='word_1_426' title='bbox 2312 2554 2510 2606; x_wconf 85' lang='lat' dir='ltr'>bellicis</span> 
     </span>
     <span class='ocr_line' id='line_1_80' title="bbox 1441 2623 2511 2695; baseline 0.005 -17"><span class='ocrx_word' id='word_1_427' title='bbox 1441 2630 1701 2688; x_wconf 81' lang='lat' dir='ltr'>laudibus,</span> <span class='ocrx_word' id='word_1_428' title='bbox 1728 2645 1904 2694; x_wconf 84' lang='lat' dir='ltr'>pacem</span> <span class='ocrx_word' id='word_1_429' title='bbox 1932 2646 2103 2692; x_wconf 85' lang='lat' dir='ltr'>amas;</span> <span class='ocrx_word' id='word_1_430' title='bbox 2140 2646 2260 2693; x_wconf 81' lang='lat' dir='ltr'>nec,</span> <span class='ocrx_word' id='word_1_431' title='bbox 2284 2623 2406 2695; x_wconf 88' lang='lat' dir='ltr'>quia</span> <span class='ocrx_word' id='word_1_432' title='bbox 2427 2633 2511 2683; x_wconf 81' lang='lat' dir='ltr'>vel</span> 
     </span>
     <span class='ocr_line' id='line_1_81' title="bbox 1442 2706 2512 2772; baseline 0.005 -17"><span class='ocrx_word' id='word_1_433' title='bbox 1442 2715 1590 2769; x_wconf 85' lang='lat' dir='ltr'>pater</span> <span class='ocrx_word' id='word_1_434' title='bbox 1619 2706 1711 2755; x_wconf 89' lang='lat' dir='ltr'>tibi</span> <span class='ocrx_word' id='word_1_435' title='bbox 1740 2707 2084 2768; x_wconf 85' lang='lat' dir='ltr'>triumphalis,</span> <span class='ocrx_word' id='word_1_436' title='bbox 2113 2709 2194 2756; x_wconf 81' lang='lat' dir='ltr'>vel</span> <span class='ocrx_word' id='word_1_437' title='bbox 2219 2707 2512 2772; x_wconf 85' lang='lat' dir='ltr'>adoptionis</span> 
     </span>
     <span class='ocr_line' id='line_1_82' title="bbox 1444 2780 2511 2849; baseline 0.006 -20"><span class='ocrx_word' id='word_1_438' title='bbox 1444 2790 1546 2829; x_wconf 76' lang='lat' dir='ltr'>tua·</span> <span class='ocrx_word' id='word_1_439' title='bbox 1569 2780 1655 2830; x_wconf 86' lang='lat' dir='ltr'>die</span> <span class='ocrx_word' id='word_1_440' title='bbox 1675 2780 1847 2831; x_wconf 85' lang='lat' dir='ltr'>dicata</span> <span class='ocrx_word' id='word_1_441' title='bbox 1862 2782 2161 2846; x_wconf 85' lang='lat' dir='ltr'>Capitolino</span> <span class='ocrx_word' id='word_1_442' title='bbox 2178 2783 2300 2834; x_wconf 79' lang='lat' dir='ltr'>Jovi</span> <span class='ocrx_word' id='word_1_443' title='bbox 2317 2785 2511 2849; x_wconf 88' lang='lat' dir='ltr'>laurus,</span> 
     </span>
     <span class='ocr_line' id='line_1_83' title="bbox 1441 2857 2514 2924; baseline 0.005 -18"><span class='ocrx_word' id='word_1_444' title='bbox 1441 2857 1637 2907; x_wconf 83' lang='lat' dir='ltr'>idcirco</span> <span class='ocrx_word' id='word_1_445' title='bbox 1662 2872 1727 2906; x_wconf 84' lang='lat' dir='ltr'>ex</span> <span class='ocrx_word' id='word_1_446' title='bbox 1750 2859 2024 2908; x_wconf 70' lang='lat' dir='ltr'>occasione</span> <span class='ocrx_word' id='word_1_447' title='bbox 2045 2860 2181 2908; x_wconf 90' lang='lat' dir='ltr'>omni</span> <span class='ocrx_word' id='word_1_448' title='bbox 2208 2862 2396 2924; x_wconf 76' lang='lat' dir='ltr'>qnaeris</span> <span class='ocrx_word' id='word_1_449' title='bbox 2421 2862 2514 2911; x_wconf 88' lang='lat' dir='ltr'>tri-</span> 
     </span>
     <span class='ocr_line' id='line_1_84' title="bbox 1441 2935 2510 3002; baseline 0.003 -16"><span class='ocrx_word' id='word_1_450' title='bbox 1441 2935 1696 3000; x_wconf 57' lang='lat' dir='ltr'>umphos?</span> <span class='ocrx_word' id='word_1_451' title='bbox 1749 2936 1870 2986; x_wconf 86' lang='lat' dir='ltr'>Non</span> <span class='ocrx_word' id='word_1_452' title='bbox 1897 2951 2051 3000; x_wconf 78' lang='lat' dir='ltr'>nego,</span> <span class='ocrx_word' id='word_1_453' title='bbox 2073 2940 2354 3001; x_wconf 82' lang='lat' dir='ltr'>Trajanum</span> <span class='ocrx_word' id='word_1_454' title='bbox 2376 2953 2510 3002; x_wconf 74' lang='lat' dir='ltr'>prae·</span> 
     </span>
     <span class='ocr_line' id='line_1_85' title="bbox 1439 3013 2510 3076; baseline 0.003 -15"><span class='ocrx_word' id='word_1_455' title='bbox 1439 3013 1636 3063; x_wconf 81' lang='lat' dir='ltr'>sedisse</span> <span class='ocrx_word' id='word_1_456' title='bbox 1680 3013 1997 3076; x_wconf 66' lang='lat' dir='ltr'>Germaniae,</span> <span class='ocrx_word' id='word_1_457' title='bbox 2036 3023 2091 3064; x_wconf 85' lang='lat' dir='ltr'>et</span> <span class='ocrx_word' id='word_1_458' title='bbox 2127 3015 2359 3064; x_wconf 85' lang='lat' dir='ltr'>Rhenum</span> <span class='ocrx_word' id='word_1_459' title='bbox 2408 3015 2510 3064; x_wconf 85' lang='lat' dir='ltr'>Eu·</span> 
     </span>
     <span class='ocr_line' id='line_1_86' title="bbox 1441 3086 2510 3152; baseline 0.003 -16"><span class='ocrx_word' id='word_1_460' title='bbox 1441 3087 1784 3152; x_wconf 85' lang='lat' dir='ltr'>phratemque</span> <span class='ocrx_word' id='word_1_461' title='bbox 1818 3086 2161 3137; x_wconf 69' lang='lat' dir='ltr'>admiratione</span> <span class='ocrx_word' id='word_1_462' title='bbox 2202 3088 2354 3138; x_wconf 75' lang='lat' dir='ltr'>famae</span> <span class='ocrx_word' id='word_1_463' title='bbox 2401 3104 2510 3140; x_wconf 73' lang='lat' dir='ltr'>suoe</span> 
     </span>
    </p>
   </div>
   <div class='ocr_carea' id='block_1_5' title="bbox 1441 3165 2583 3230">
    <p class='ocr_par' dir='ltr' id='par_1_5' title="bbox 1441 3165 2583 3230">
     <span class='ocr_line' id='line_1_87' title="bbox 1441 3165 2583 3230; baseline 0.003 -17"><span class='ocrx_word' id='word_1_464' title='bbox 1441 3165 1771 3228; x_wconf 83' lang='lat' dir='ltr'>conjunxisse</span> <span class='ocrx_word' id='word_1_465' title='bbox 1798 3180 1812 3213; x_wconf 67' lang='grc' dir='ltr'><strong><em>ι</em></strong></span> <span class='ocrx_word' id='word_1_466' title='bbox 1850 3165 1900 3213; x_wconf 90' lang='lat' dir='ltr'>id</span> <span class='ocrx_word' id='word_1_467' title='bbox 1927 3165 2083 3226; x_wconf 73' lang='lat' dir='ltr'>enim,</span> <span class='ocrx_word' id='word_1_468' title='bbox 2106 3175 2299 3229; x_wconf 77' lang='lat' dir='ltr'>proeter</span> <span class='ocrx_word' id='word_1_469' title='bbox 2323 3166 2510 3230; x_wconf 83' lang='lat' dir='ltr'>Xiphi-</span> <span class='ocrx_word' id='word_1_470' title='bbox 2575 3171 2583 3181; x_wconf 87' lang='lat'>&#39;</span> 
     </span>
    </p>
   </div>
   <div class='ocr_carea' id='block_1_6' title="bbox 1426 3240 2513 4380">
    <p class='ocr_par' dir='ltr' id='par_1_6' title="bbox 1426 3240 2513 4380">
     <span class='ocr_line' id='line_1_88' title="bbox 1440 3240 2512 3305; baseline 0.004 -16"><span class='ocrx_word' id='word_1_471' title='bbox 1440 3240 1622 3301; x_wconf 84' lang='lat' dir='ltr'>linum,</span> <span class='ocrx_word' id='word_1_472' title='bbox 1657 3243 1769 3305; x_wconf 89' lang='lat' dir='ltr'>ipse</span> <span class='ocrx_word' id='word_1_473' title='bbox 1806 3248 2034 3292; x_wconf 85' lang='lat' dir='ltr'>testatur</span> <span class='ocrx_word' id='word_1_474' title='bbox 2058 3243 2258 3292; x_wconf 85' lang='lat' dir='ltr'>Plinius</span> <span class='ocrx_word' id='word_1_475' title='bbox 2281 3257 2361 3292; x_wconf 78' lang='lat' dir='ltr'>tx.</span> <span class='ocrx_word' id='word_1_476' title='bbox 2381 3248 2431 3293; x_wconf 74' lang='lat'>2.</span> <span class='ocrx_word' id='word_1_477' title='bbox 2455 3251 2512 3293; x_wconf 85' lang='lat' dir='ltr'>et</span> 
     </span>
     <span class='ocr_line' id='line_1_89' title="bbox 1442 3319 2511 3382; baseline 0.002 -16"><span class='ocrx_word' id='word_1_478' title='bbox 1442 3330 1560 3366; x_wconf 77' lang='lat' dir='ltr'>xiv.</span> <span class='ocrx_word' id='word_1_479' title='bbox 1592 3321 1635 3366; x_wconf 91' lang='grc'><strong>1.</strong></span> <span class='ocrx_word' id='word_1_480' title='bbox 1681 3327 1907 3367; x_wconf 84' lang='lat' dir='ltr'>attamen</span> <span class='ocrx_word' id='word_1_481' title='bbox 1944 3332 2044 3366; x_wconf 89' lang='lat' dir='ltr'>non</span> <span class='ocrx_word' id='word_1_482' title='bbox 2081 3319 2250 3367; x_wconf 87' lang='lat' dir='ltr'>minus</span> <span class='ocrx_word' id='word_1_483' title='bbox 2284 3326 2511 3382; x_wconf 85' lang='lat' dir='ltr'>constat,</span> 
     </span>
     <span class='ocr_line' id='line_1_90' title="bbox 1439 3394 2510 3457; baseline 0.002 -15"><span class='ocrx_word' id='word_1_484' title='bbox 1439 3394 1625 3442; x_wconf 87' lang='lat' dir='ltr'>eodem</span> <span class='ocrx_word' id='word_1_485' title='bbox 1650 3394 1823 3443; x_wconf 83' lang='lat' dir='ltr'>Plinio</span> <span class='ocrx_word' id='word_1_486' title='bbox 1848 3403 2005 3456; x_wconf 87' lang='lat' dir='ltr'>teste,</span> <span class='ocrx_word' id='word_1_487' title='bbox 2029 3407 2132 3444; x_wconf 81' lang='lat' dir='ltr'>xit.</span> <span class='ocrx_word' id='word_1_488' title='bbox 2159 3398 2205 3445; x_wconf 76' lang='lat'>3.</span> <span class='ocrx_word' id='word_1_489' title='bbox 2232 3403 2286 3442; x_wconf 86' lang='lat' dir='ltr'>et</span> <span class='ocrx_word' id='word_1_490' title='bbox 2317 3409 2437 3457; x_wconf 73' lang='lat' dir='ltr'>xvi.</span> <span class='ocrx_word' id='word_1_491' title='bbox 2458 3399 2510 3445; x_wconf 79' lang='grc'><strong>2.</strong></span> 
     </span>
     <span class='ocr_line' id='line_1_91' title="bbox 1437 3470 2513 3536; baseline 0.003 -17"><span class='ocrx_word' id='word_1_492' title='bbox 1437 3470 1715 3534; x_wconf 80' lang='lat' dir='ltr'>Trajanum</span> <span class='ocrx_word' id='word_1_493' title='bbox 1773 3484 1975 3535; x_wconf 89' lang='lat' dir='ltr'>quoque</span> <span class='ocrx_word' id='word_1_494' title='bbox 2022 3472 2073 3520; x_wconf 93' lang='lat' dir='ltr'>in</span> <span class='ocrx_word' id='word_1_495' title='bbox 2122 3471 2348 3520; x_wconf 75' lang='lat' dir='ltr'>Danubii</span> <span class='ocrx_word' id='word_1_496' title='bbox 2397 3473 2513 3536; x_wconf 79' lang='lat' dir='ltr'>ripa</span> 
     </span>
     <span class='ocr_line' id='line_1_92' title="bbox 1438 3547 2513 3614; baseline 0.004 -19"><span class='ocrx_word' id='word_1_497' title='bbox 1438 3548 1666 3608; x_wconf 84' lang='lat' dir='ltr'>stetisse,</span> <span class='ocrx_word' id='word_1_498' title='bbox 1704 3555 1905 3614; x_wconf 72' lang='lat' dir='ltr'>eertum</span> <span class='ocrx_word' id='word_1_499' title='bbox 1931 3547 2201 3612; x_wconf 86' lang='lat' dir='ltr'>triumphi,</span> <span class='ocrx_word' id='word_1_500' title='bbox 2223 3548 2266 3596; x_wconf 87' lang='lat' dir='ltr'>si</span> <span class='ocrx_word' id='word_1_501' title='bbox 2291 3551 2513 3600; x_wconf 86' lang='lat' dir='ltr'>transie-</span> 
     </span>
     <span class='ocr_line' id='line_1_93' title="bbox 1440 3623 2509 3692; baseline 0.005 -20"><span class='ocrx_word' id='word_1_502' title='bbox 1440 3623 1528 3673; x_wconf 87' lang='lat' dir='ltr'>rit.</span> <span class='ocrx_word' id='word_1_503' title='bbox 1561 3623 1764 3688; x_wconf 72' lang='lat' dir='ltr'>Itaque,</span> <span class='ocrx_word' id='word_1_504' title='bbox 1788 3638 1852 3672; x_wconf 91' lang='lat' dir='ltr'>ne</span> <span class='ocrx_word' id='word_1_505' title='bbox 1873 3625 2509 3692; x_wconf 84' lang='lat' dir='ltr'>Eutropium,Victorem,</span> 
     </span>
     <span class='ocr_line' id='line_1_94' title="bbox 1438 3700 2509 3762; baseline 0.005 -13"><span class='ocrx_word' id='word_1_506' title='bbox 1438 3708 1489 3749; x_wconf 89' lang='lat' dir='ltr'>et</span> <span class='ocrx_word' id='word_1_507' title='bbox 1509 3700 1639 3748; x_wconf 83' lang='lat' dir='ltr'>alios</span> <span class='ocrx_word' id='word_1_508' title='bbox 1666 3701 1859 3749; x_wconf 85' lang='lat' dir='ltr'>erroris</span> <span class='ocrx_word' id='word_1_509' title='bbox 1897 3715 2162 3762; x_wconf 82' lang='lat' dir='ltr'>accusem,</span> <span class='ocrx_word' id='word_1_510' title='bbox 2183 3704 2358 3761; x_wconf 83' lang='lat' dir='ltr'>eredo,</span> <span class='ocrx_word' id='word_1_511' title='bbox 2380 3704 2509 3754; x_wconf 79' lang='lat' dir='ltr'>Tra·</span> 
     </span>
     <span class='ocr_line' id='line_1_95' title="bbox 1426 3777 2507 3841; baseline 0.007 -16"><span class='ocrx_word' id='word_1_512' title='bbox 1426 3777 1634 3840; x_wconf 87' lang='lat' dir='ltr'>janum,</span> <span class='ocrx_word' id='word_1_513' title='bbox 1668 3777 1755 3840; x_wconf 90' lang='lat' dir='ltr'>qui</span> <span class='ocrx_word' id='word_1_514' title='bbox 1789 3777 2020 3840; x_wconf 84' lang='lat' dir='ltr'>legiones</span> <span class='ocrx_word' id='word_1_515' title='bbox 2046 3793 2141 3841; x_wconf 83' lang='lat' dir='ltr'>per</span> <span class='ocrx_word' id='word_1_516' title='bbox 2175 3780 2507 3832; x_wconf 76' lang='lat' dir='ltr'>Germaniam</span> 
     </span>
     <span class='ocr_line' id='line_1_96' title="bbox 1437 3852 2509 3916; baseline 0.007 -16"><span class='ocrx_word' id='word_1_517' title='bbox 1437 3852 1667 3914; x_wconf 85' lang='lat' dir='ltr'>duxisse,</span> <span class='ocrx_word' id='word_1_518' title='bbox 1698 3866 1790 3901; x_wconf 87' lang='lat' dir='ltr'>seu</span> <span class='ocrx_word' id='word_1_519' title='bbox 1826 3854 1995 3916; x_wconf 87' lang='lat' dir='ltr'>potius</span> <span class='ocrx_word' id='word_1_520' title='bbox 2030 3853 2287 3916; x_wconf 86' lang='lat' dir='ltr'>rapuisse,</span> <span class='ocrx_word' id='word_1_521' title='bbox 2314 3856 2509 3908; x_wconf 86' lang='lat' dir='ltr'>dicitur</span> 
     </span>
     <span class='ocr_line' id='line_1_97' title="bbox 1438 3931 2506 3997; baseline 0.005 -18"><span class='ocrx_word' id='word_1_522' title='bbox 1438 3944 1485 3979; x_wconf 83' lang='lat' dir='ltr'>e.</span> <span class='ocrx_word' id='word_1_523' title='bbox 1510 3941 1634 3978; x_wconf 79' lang='lat' dir='ltr'>xiv.</span> <span class='ocrx_word' id='word_1_524' title='bbox 1657 3931 1707 3977; x_wconf 76' lang='grc'><strong>3.</strong></span> <span class='ocrx_word' id='word_1_525' title='bbox 1734 3939 2031 3993; x_wconf 83' lang='lat' dir='ltr'>postquam,</span> <span class='ocrx_word' id='word_1_526' title='bbox 2068 3931 2265 3979; x_wconf 86' lang='lat' dir='ltr'>territis</span> <span class='ocrx_word' id='word_1_527' title='bbox 2302 3946 2506 3997; x_wconf 79' lang='lat' dir='ltr'>repres-</span> 
     </span>
     <span class='ocr_line' id='line_1_98' title="bbox 1439 4003 2509 4067; baseline 0.006 -14"><span class='ocrx_word' id='word_1_528' title='bbox 1439 4004 1614 4067; x_wconf 85' lang='lat' dir='ltr'>sisque</span> <span class='ocrx_word' id='word_1_529' title='bbox 1639 4003 1934 4066; x_wconf 86' lang='lat' dir='ltr'>Germanis‚</span> <span class='ocrx_word' id='word_1_530' title='bbox 1955 4019 2017 4053; x_wconf 82' lang='lat' dir='ltr'>ex</span> <span class='ocrx_word' id='word_1_531' title='bbox 2046 4005 2319 4056; x_wconf 85' lang='lat' dir='ltr'>Pannonia</span> <span class='ocrx_word' id='word_1_532' title='bbox 2356 4009 2509 4059; x_wconf 84' lang='lat' dir='ltr'>mise·</span> 
     </span>
     <span class='ocr_line' id='line_1_99' title="bbox 1437 4081 2506 4140; baseline 0.004 -11"><span class='ocrx_word' id='word_1_533' title='bbox 1437 4089 1521 4130; x_wconf 86' lang='lat' dir='ltr'>rat</span> <span class='ocrx_word' id='word_1_534' title='bbox 1561 4081 1815 4140; x_wconf 86' lang='lat' dir='ltr'>lauream,</span> <span class='ocrx_word' id='word_1_535' title='bbox 1849 4096 1966 4131; x_wconf 82' lang='lat' dir='ltr'>mox</span> <span class='ocrx_word' id='word_1_536' title='bbox 2010 4082 2226 4133; x_wconf 83' lang='lat' dir='ltr'>rediisse</span> <span class='ocrx_word' id='word_1_537' title='bbox 2264 4085 2328 4132; x_wconf 87' lang='lat' dir='ltr'>ad</span> <span class='ocrx_word' id='word_1_538' title='bbox 2376 4085 2506 4133; x_wconf 72' lang='lat' dir='ltr'>mne·</span> 
     </span>
     <span class='ocr_line' id='line_1_100' title="bbox 1438 4158 2507 4224; baseline 0.005 -17"><span class='ocrx_word' id='word_1_539' title='bbox 1438 4172 1579 4222; x_wconf 88' lang='lat' dir='ltr'>uum,</span> <span class='ocrx_word' id='word_1_540' title='bbox 1615 4159 1791 4224; x_wconf 87' lang='lat' dir='ltr'>ibique</span> <span class='ocrx_word' id='word_1_541' title='bbox 1831 4158 2058 4223; x_wconf 87' lang='lat' dir='ltr'>demum,</span> <span class='ocrx_word' id='word_1_542' title='bbox 2108 4159 2195 4209; x_wconf 92' lang='lat' dir='ltr'>ubi</span> <span class='ocrx_word' id='word_1_543' title='bbox 2239 4160 2507 4212; x_wconf 86' lang='lat' dir='ltr'>Coloniam</span> 
     </span>
     <span class='ocr_line' id='line_1_101' title="bbox 1438 4235 2508 4304; baseline 0.002 -16"><span class='ocrx_word' id='word_1_544' title='bbox 1438 4235 1786 4304; x_wconf 67' lang='lat' dir='ltr'>Agrippinam</span> <span class='ocrx_word' id='word_1_545' title='bbox 1810 4238 2022 4288; x_wconf 76' lang='lat' dir='ltr'>nuntius</span> <span class='ocrx_word' id='word_1_546' title='bbox 2040 4238 2104 4287; x_wconf 66' lang='grc' dir='ltr'>ἀρ</span> <span class='ocrx_word' id='word_1_547' title='bbox 2121 4245 2287 4288; x_wconf 87' lang='lat' dir='ltr'>morte</span> <span class='ocrx_word' id='word_1_548' title='bbox 2312 4239 2508 4290; x_wconf 73' lang='lat' dir='ltr'>Nervus</span> 
     </span>
     <span class='ocr_line' id='line_1_102' title="bbox 1440 4314 2508 4380; baseline 0 -14"><span class='ocrx_word' id='word_1_549' title='bbox 1440 4316 1628 4367; x_wconf 86' lang='lat' dir='ltr'>allatus</span> <span class='ocrx_word' id='word_1_550' title='bbox 1653 4321 1790 4380; x_wconf 85' lang='lat' dir='ltr'>erat,</span> <span class='ocrx_word' id='word_1_551' title='bbox 1810 4328 2059 4365; x_wconf 84' lang='lat' dir='ltr'>summum</span> <span class='ocrx_word' id='word_1_552' title='bbox 2099 4314 2391 4379; x_wconf 84' lang='lat' dir='ltr'>suscepisse</span> <span class='ocrx_word' id='word_1_553' title='bbox 2415 4318 2508 4366; x_wconf 89' lang='lat' dir='ltr'>im·</span> 
     </span>
    </p>
   </div>
  </div>
 </body>
</html>
