3060 4902
714 439 775 486 0.
822 438 1063 488 emnil
1113 437 1443 489 SECUNDI
1499 440 1778 491 PANBG.

270 582 394 637 haee,
417 582 592 646 Epist.
641 596 696 631 v.
731 587 780 633 8.
820 586 900 633 11.
943 598 1020 633 vt.
1056 588 1137 633 29.
1167 589 1217 634 2.
1250 597 1333 635 tx.

271 664 347 708 26.
384 667 431 709 ⁵.
466 674 519 709 x.
555 663 643 709 29.
683 664 727 708 l.
764 659 921 710 Haud
958 662 1125 711 secius
1156 663 1332 712 Tacit.

271 737 455 786 Annal.
510 751 597 787 ιι.
643 742 724 788 36.
763 741 778 767 ‘
805 740 1024 801 Sponte,
1068 755 1133 788 an
1180 755 1332 790 coac·

272 820 366 875 tna,
408 820 515 864 tam
570 829 761 876 magna
807 816 1152 878 peccavisset,
1206 817 1331 864 nihil

272 889 464 940 refert)
523 891 657 954 lpse
698 892 808 941 Cic.
848 907 943 955 pro
977 893 1183 954 Flacco,
1217 908 1334 957 cap.

268 969 316 1014 9.
355 967 527 1018 ‘Quid
557 966 719 1016 refert
751 968 925 1030 igitur,
956 977 1099 1018 tanto
1124 978 1242 1032 post
1266 971 1331 1019 ad

229 1042 455 1105 ‘jndices
496 1042 831 1108 deferantur,
878 1060 940 1093 an
976 1047 1182 1094 omniuo
1231 1061 1331 1096 non

269 1119 619 1170 deferantur?
680 1121 781 1171 Qui
819 1129 991 1171 tamen
1033 1131 1086 1170 et
1132 1125 1331 1185 plenius

271 1198 377 1247 baec
411 1197 567 1248 effert
602 1200 658 1248 in
683 1199 861 1247 Pison.
891 1215 1008 1262 cap.
1041 1205 1119 1248 17.
1158 1202 1333 1250 ‘Nihil

270 1288 382 1323 nea
414 1274 600 1339 refert,
633 1283 805 1324 utrum
842 1282 895 1324 tu
919 1307 934 1323 .
955 1309 968 1325 .
994 1305 1009 1321 .
1030 1277 1155 1324 nihil
1187 1277 1333 1341 quid-

273 1366 417 1415 quam
441 1367 594 1401 ansus
616 1353 686 1401 sis
707 1353 954 1407 scribere,
991 1368 1056 1403 an
1083 1354 1231 1403 amici
1259 1354 1333 1403 tui

272 1429 466 1478 tabulas
488 1427 805 1479 abdiderint.
823 1428 837 1449 ’
873 1431 1023 1478 Idem.

334 1505 441 1554 Non
460 1504 753 1568 oportuerit]
774 1506 909 1556 Illud
935 1514 1097 1568 vetus,
1120 1506 1168 1555 in
1187 1522 1332 1556 caus·

272 1580 355 1636 sis,
386 1596 511 1645 quas
533 1581 800 1644 abrogasti
826 1583 1016 1631 edicto.
1068 1585 1229 1648 [Eque
1255 1585 1330 1631 iu·

272 1656 433 1721 iquum
465 1672 674 1717 censes,
706 1660 918 1721 exigere
956 1661 1079 1708 talia
1104 1661 1213 1722 jam
1242 1660 1332 1709 de-

274 1731 392 1794 bita,
437 1742 492 1783 et
541 1733 870 1784 constituere
918 1744 975 1784 nt
1026 1735 1332 1786 debeantur.

278 1809 407 1871 [λιιι.

338 1885 404 1934 Ut
418 1886 670 1950 debeatur]
706 1886 770 1936 V.
788 1885 1007 1937 Livineii
1025 1888 1075 1936 in
1096 1887 1330 1950 margine

273 1962 404 2024 qnod.

330 2039 462 2088 Cu».
506 2052 627 2089 xm.
667 2040 827 2103 Feres,
858 2036 1252 2102 Coesor,eurom]
1287 2041 1333 2089 1.

271 2127 315 2163 e.
340 2116 493 2165 Dubis
521 2116 750 2178 veniam,
787 2125 844 2167 et
872 2118 1132 2181 patienter
1155 2118 1329 2167 buma-

273 2194 498 2257 uiterque
517 2192 662 2244 feres
681 2208 857 2244 curam
872 2209 931 2245 ac
947 2194 1329 2244 solicitudinem

273 2281 448 2332 neam,
491 2286 649 2334 quam
695 2278 936 2336 tanquam
975 2272 1154 2320 consul
1197 2285 1330 2320 nunc

270 2359 403 2407 gero,
440 2348 562 2396 dnm
604 2357 681 2398 tot
719 2348 980 2411 impendia
1012 2357 1119 2410 tna,
1151 2356 1330 2413 totquc

273 2424 615 2487 erogationes,
647 2425 795 2490 quasi
833 2426 896 2475 ad
936 2427 1160 2476 rationes
1187 2440 1331 2474 revo-

274 2511 384 2548 care
419 2500 619 2550 videor.
688 2501 910 2550 Plinium
952 2503 1331 2566 quodammodo

272 2573 491 2627 imitatus
532 2576 742 2627 videtur
788 2579 1064 2628 Eumenius
1106 2579 1156 2628 in
1196 2580 1329 2628 Gra·

275 2652 446 2703 tiarum
509 2654 734 2703 Actione
791 2655 1137 2704 Constantino
1192 2654 1329 2719 Aug.

275 2727 420 2793 dieta,
444 2745 491 2780 e.
528 2735 614 2780 14.
648 2735 663 2757 ⁸
683 2730 841 2779 Dabis
868 2732 1089 2786 veniam,
1114 2738 1168 2780 et
1192 2746 1329 2780 amo·

274 2805 337 2853 ris
358 2808 516 2857 nostri
552 2807 790 2869 iujuriam
814 2804 979 2856 feres!
1041 2807 1204 2855 Recte
1239 2822 1328 2855 no·

275 2883 393 2930 tavit
430 2884 870 2948 reprehenditque
902 2884 1218 2933 Arntzenins
1254 2887 1328 2933 in-

275 2966 547 3023 terpretem
571 2961 853 3021 Gallicum,
876 2961 960 3025 qui
989 2968 1173 3009 contra
1192 2976 1329 3010 men·

276 3042 372 3084 tem
394 3037 551 3087 Plinii
577 3038 691 3087 lsaec
719 3038 876 3086 verba
900 3038 1159 3100 exposuit,
1188 3038 1329 3099 quasi

274 3113 515 3179 Trajanns
540 3117 594 3166 in
621 3130 675 3164 se
706 3116 1029 3164 transtulerit
1060 3130 1234 3163 curam
1261 3131 1328 3164 ae-

275 3194 406 3249 rarii,
430 3210 583 3257 qnam
619 3208 799 3256 gerere
823 3193 1063 3242 debuerit
1089 3195 1197 3255 ipse
1223 3194 1330 3242 Pli-

273 3268 399 3319 nius.
464 3270 552 3319 Ita
576 3284 700 3318 vero
723 3283 786 3317 ea
811 3268 968 3317 verba
1006 3268 1236 3317 reddidit
1261 3270 1328 3317 A·

275 3358 534 3408 nummus,
580 3349 629 3396 in
675 3347 910 3395 versione
955 3346 1162 3396 Gallica
1197 3360 1327 3395 anno

276 3425 408 3472 1642.
456 3424 673 3473 Parisiis
721 3424 899 3474 edita:
949 3424 1084 3470 Pour
1133 3439 1257 3487 moy,
1300 3440 1327 3471 o

272 3502 417 3559 ςναιιά
436 3516 697 3562 emperear,
714 3516 765 3550 ce
785 3516 858 3549 me
878 3499 1112 3560 decharge
1125 3514 1328 3548 survous

274 3578 332 3624 du
351 3578 485 3639 soisg
499 3579 557 3626 de
577 3593 680 3626 mon
702 3578 934 3637 consutae,
955 3592 1074 3639 pour
1090 3592 1140 3625 ce
1161 3578 1242 3639 qui
1256 3584 1327 3626 est

274 3653 326 3699 de
344 3654 578 3716 finanus,
614 3656 871 3717 ausquelles
893 3653 949 3713 je
984 3653 1092 3701 dois
1125 3656 1328 3717 prendre

270 3732 410 3789 gordo
420 3746 542 3794 pour
554 3732 621 3779 les
636 3730 859 3780 inter-ests
870 3731 934 3777 dn
946 3729 1119 3792 public.
1158 3731 1325 3780 Quam

275 3807 419 3856 etiarn
441 3816 655 3858 secutus
686 3807 892 3857 videtur
929 3806 1106 3855 Abbas
1134 3806 1326 3868 Esprit,

274 3896 348 3931 an.
378 3887 517 3933 17⁰1.
574 3883 705 3932 Mais
737 3888 932 3931 trouver
967 3885 1073 3942 bon,
1102 3900 1129 3931 o
1160 3884 1326 3946 cesar,

275 3960 413 4019 queje
434 3976 505 4009 me
526 3959 761 4020 decharge
781 3973 864 4007 sur
886 3974 1000 4007 vous
1015 3959 1093 4008 des
1109 3959 1258 4022 soins,
1277 3966 1323 4010 et

210 4078 215 4081 Α
272 4036 343 4082 des
362 4035 680 4100 inquidtudes,
700 4050 789 4097 que
812 4050 884 4083 me
912 4037 1064 4084 donne
1096 4051 1200 4083 mon
1221 4053 1326 4085 con·

272 4111 404 4162 alar.
471 4114 541 4161 Et
575 4110 759 4160 eodem
798 4111 965 4160 tendit
995 4114 1214 4176 Sacyus,
1239 4129 1320 4164 an.

278 4190 408 4237 1709.
468 4189 597 4238 Vous
634 4194 866 4252 portet-ez,
925 4190 1091 4253 Cesar,
1135 4196 1235 4239 tout
1280 4193 1323 4241 le

272 4264 397 4322 poids
425 4266 488 4314 dn
521 4265 752 4313 nmine.
809 4264 981 4315 Multo
1006 4265 1187 4315 melius
1215 4282 1323 4317 rec·

278 4340 466 4406 tiusqne
509 4341 828 4392 sententiam
884 4342 1042 4392 Plinii
1096 4341 1325 4396 reddidit

1854 441 1905 490 1.
1934 427 2045 493 41.
2344 430 2475 496 677

1411 583 1751 634 Germanicus
1766 586 2046 650 interpres,
2064 586 2362 638 Dammins:
2386 589 2476 640 Du

1408 662 1576 724 wirst,
1593 678 1786 723 grosser
1816 665 2029 728 Kayser,
2062 665 2173 720 mir,
2205 667 2275 714 als
2296 669 2477 727 consul,

1408 740 1562 789 meine
1591 755 1729 800 sorge
1760 742 1856 788 und
1888 742 2253 791 bekummerniss
2279 757 2338 790 zu
2356 749 2475 804 gnte

1408 816 1585 865 holten.
1617 817 1871 865 Schwarz.

1482 892 1811 955 Consularem]
1874 893 1916 941 1.
1955 908 2002 942 e.
2045 908 2230 950 meam,
2273 895 2361 958 qui
2407 910 2476 945 ex

1411 982 1624 1016 munere
1651 970 1946 1018 consulatus
1974 970 2272 1033 reipublice.-
2298 985 2475 1022 curam

1411 1057 1566 1105 agere
1588 1044 1771 1093 debeo.
1810 1046 2023 1093 Patorol.

1480 1119 1809 1182 Consularem]
1847 1122 1984 1172 Quia
2007 1136 2103 1186 ego
2126 1123 2235 1187 jam
2277 1124 2476 1188 consul,

1410 1197 1679 1245 consulere
1706 1198 1836 1261 reip.
1860 1199 2046 1248 debeo.
2092 1200 2227 1262 Lips.

1480 1273 1765 1321 Collationes
1803 1275 2058 1339 remisisse]
2095 1277 2315 1338 Spectat
2359 1291 2475 1326 cnm

1411 1348 1514 1397 alia
1528 1351 1916 1411 provincialium
1935 1354 1985 1401 in
2003 1353 2246 1416 auspiciis
2272 1353 2475 1416 imperii

1412 1428 1564 1485 dona,
1589 1436 1696 1477 tum
1737 1430 1750 1456 ‘
1773 1433 2095 1480 coronarium
2123 1447 2298 1481 aurum
2316 1431 2330 1453 '
2369 1447 2477 1480 ma·

1410 1506 1564 1566 xime,
1600 1521 1700 1569 qua
1734 1508 1910 1568 specie
1946 1508 2240 1556 collationis
2283 1508 2476 1556 exhau-

1410 1581 1696 1631 riebantur.
1768 1583 1956 1646 Itaque
1980 1583 2099 1632 boni
2120 1584 2379 1645 principes
2399 1598 2478 1631 re-

1410 1659 1705 1717 mittebant,
1732 1668 1786 1708 nt
1813 1659 1896 1708 bic
1919 1659 2200 1722 Trajanus3
2229 1668 2284 1707 ut
2309 1658 2475 1709 Julia-

1410 1748 1523 1791 nus,
1550 1735 1688 1784 inter
1718 1737 1861 1799 cujus
1894 1735 2220 1798 liberalitatis
2247 1736 2476 1784 testimo·

1409 1811 1493 1860 nia
1541 1812 1837 1861 Ammianus
1899 1826 2030 1861 xxv.
2085 1817 2163 1863 14.
2218 1820 2473 1869 recenset.

1407 1891 1423 1914 ³
1444 1888 1783 1937 Coronarium
1836 1887 2109 1944 indultum,
2158 1896 2211 1937 et
2260 1890 2474 1938 remissa

1410 1963 1590 2013 debita
1627 1964 1789 2013 multa
1825 1963 2166 2015 diuturnitate
2192 1965 2476 2029 congesta)

1410 2039 1562 2088 Idem.

1478 2116 1788 2180 collationes]
1824 2116 1997 2180 Titus,
2041 2118 2057 2145 ‘
2085 2132 2149 2167 ne
2196 2133 2474 2169 concessas

1409 2192 1616 2256 quidem
1661 2208 1721 2241 ac
1755 2194 1934 2242 solitas
1976 2195 2282 2242 collationes
2331 2209 2471 2244 rece·

1407 2267 1524 2332 pit!
1563 2269 1779 2317 Sueton.
1803 2275 1994 2331 cap.7.
2046 2271 2176 2320 Qnae
2214 2271 2475 2320 Beroaldo

1407 2351 1525 2392 sunt
1564 2345 1777 2405 tributa,
1812 2345 1900 2393 sed
1939 2344 2094 2405 sals03
2130 2361 2193 2395 ea
2227 2348 2362 2396 euim
2398 2363 2475 2397 re-

1408 2421 1639 2485 mittere,
1663 2421 1883 2484 reipubl.
1906 2429 1986 2471 est
2006 2437 2188 2471 nervos
2208 2423 2469 2475 incidere:

1408 2499 1602 2546 rectius
1656 2513 1782 2561 ergo
1827 2499 1912 2547 illa
1975 2501 2370 2562 provinciarum,
2419 2505 2471 2552 in

1407 2575 1637 2637 auspicio
1681 2576 1903 2637 imperii,
1940 2576 2097 2639 dona,
2144 2586 2198 2627 et
2244 2586 2257 2607 ¹
2292 2593 2474 2629 aurum

1407 2650 1767 2700 coronarium!
1803 2653 1955 2702 Bern.

1474 2728 1766 2776 Collationes
1789 2729 2046 2792 remisisse]
2079 2731 2092 2758 ‘
2112 2731 2345 2781 Collatio'
2366 2734 2474 2784 Pti-

1405 2804 1491 2852 nio
1529 2813 1710 2854 nostro
1746 2805 1872 2854 alias
1895 2805 2088 2856 dicitur
2111 2812 2474 2872 cotnparatio;

1408 2887 1462 2928 nt
1497 2879 1656 2941 infra,
1692 2895 1808 2930 Lx:-
1846 2885 1893 2929 2.
1929 2881 1942 2907 ‘
1968 2882 2248 2933 Altissinrae
2285 2885 2473 2933 civium

1407 2954 1689 3018 dignitates
1718 2956 1995 3005 collatione
2018 2956 2213 3019 fastigii
2234 2960 2308 3007 tui
2327 2962 2474 3023 quasi

1406 3033 1808 3095 deprimuntur!
1842 3035 1909 3083 Et
1937 3035 2105 3097 Epist.
2127 3049 2203 3084 tv.
2228 3042 2276 3084 ⁵.
2301 3036 2314 3062 ‘
2341 3037 2474 3084 Nul-

1406 3112 1453 3158 la
1478 3110 1597 3159 binc
1621 3117 1676 3159 et
1714 3109 1833 3158 inde
1869 3109 2112 3165 collatio,’
2146 3112 2255 3160 scil.
2282 3112 2474 3162 oratio-

1403 3202 1542 3235 num.
1615 3186 1821 3235 Deinde
1876 3188 2160 3251 generatim
2216 3188 2473 3249 accipitur

1408 3279 1500 3326 pro
1518 3264 1927 3326 contributione,
1952 3264 2158 3329 quando
2184 3280 2212 3312 a
2239 3267 2472 3327 pluribus

1405 3342 1455 3390 in
1483 3355 1770 3397 commune,
1792 3343 1899 3389 sive
1930 3342 2136 3403 publice
2164 3344 2274 3392 sive
2304 3344 2473 3407 priva·

1407 3421 1519 3480 tim,
1556 3418 1824 3468 confertur
1861 3421 2117 3482 pecunia;
2144 3429 2202 3471 nt
2238 3423 2374 3471 Plin.
2408 3423 2475 3471 E-

1406 3500 1532 3563 pist.
1557 3513 1631 3547 ιν.
1655 3504 1701 3548 8.
1725 3499 1917 3548 dicitur
1950 3507 1964 3528 ⁴
1984 3501 2204 3562 pecnnia
2227 3502 2418 3550 collata
2443 3508 2475 3562 ;·

1404 3582 1457 3623 et
1478 3575 1646 3638 Epist.
1673 3589 1730 3624 x.
1753 3579 1837 3624 9-1.
1860 3584 1873 3605 ·
1896 3576 2107 3624 collatio
2129 3574 2162 3622 ι’
2194 3577 2207 3604 ‘
2227 3577 2341 3626 Tali
2367 3578 2473 3626 col-

1403 3652 1599 3701 latione
1623 3667 1723 3701 non
1749 3652 1812 3700 ad
1841 3652 2019 3702 turbas
2043 3659 2096 3701 et
2126 3653 2331 3703 illicitos
2367 3668 2471 3703 coe·

1406 3738 1508 3788 tus,
1548 3729 1637 3778 sed
1685 3728 1748 3777 ad
1786 3729 2140 3778 sustinendam
2179 3731 2469 3779 tenuiorum

1404 3806 1647 3869 inopiam,
1674 3805 1925 3855 utuntur.'
1993 3807 2166 3854 Etiam
2194 3821 2286 3869 pro
2309 3807 2472 3854 tribu·

1403 3890 1456 3932 to
1481 3884 1612 3932 dixit
1634 3883 1824 3933 Justin.
1849 3897 1971 3932 xvr.
1993 3888 2039 3932 4.
2065 3884 2078 3908 ‘
2101 3883 2227 3931 Cum
2250 3881 2471 3932 Atheni·

1401 3974 1549 4009 enses
1588 3959 1812 4010 Graeciae
1849 3969 1902 4007 et
1939 3958 2075 4007 Asiae
2114 3959 2369 4009 tributum
2417 3960 2468 4009 in

1402 4038 1616 4085 tutelam
1654 4037 1830 4086 classis
1859 4036 2274 4099 descripsissem,
2306 4038 2469 4086 omni-

1400 4112 1494 4161 bus
1520 4113 1709 4176 cupide
1736 4112 1799 4161 ad
1826 4112 2121 4176 praesidium
2154 4113 2338 4161 salutis
2361 4127 2467 4162 sun

1398 4189 1816 4250 conferentibus,
1851 4191 1947 4238 soli
1988 4188 2376 4249 Heraclienses,
2400 4188 2468 4240 ob

1399 4269 1676 4318 amicitiam
1704 4281 1878 4329 regum
1899 4265 2468 4325 Persicorum,collati-

1399 4357 1550 4395 onem
1570 4339 1893 4393 abnuerant.’
1919 4341 2302 4404 Imperatorum
2321 4342 2469 4392 Rom.
