3060 4902
519 365 651 434 638

521 541 572 590 p.
602 528 716 574 480.
756 521 1129 573 annotavimus.
1197 521 1284 570 Sic
1318 521 1474 571 etiam
1511 519 1583 569 lo·

521 601 697 667 quitur
728 600 929 649 Seneca
970 599 1140 663 Epist.
1174 601 1260 647 24.
1295 604 1308 626 ⁴
1335 597 1588 657 Stultum,

522 676 644 740 quis
687 674 1001 739 quandoque
1045 674 1116 723 sis
1162 672 1366 722 futurus
1409 672 1585 733 miser,

524 766 637 802 esse
651 753 761 816 jam
781 748 1066 800 miserum-⁹
1134 749 1269 799 Item
1288 748 1458 797 Tacit.
1479 746 1586 795 An·

523 829 628 878 nal.
656 842 730 877 vr.
767 832 852 877 20.
886 829 903 856 ⁸
924 827 996 876 Et
1018 834 1095 891 tu,
1134 826 1322 881 Galba,
1357 823 1587 888 quaudo·

523 919 624 970 que
649 903 951 967 degustabis
973 902 1284 966 imperium.'
1351 901 1471 951 Nou
1504 908 1589 948 est

527 995 668 1045 ergo,
692 981 793 1030 nisi
817 979 1059 1029 mendum
1084 994 1114 1029 a
1139 979 1347 1028 librario
1384 975 1589 1041 prosec-

526 1064 654 1113 tum,
679 1055 817 1120 quod
845 1056 895 1105 in
917 1055 1053 1105 libro
1087 1056 1341 1105 Vossiauo
1378 1059 1588 1102 annota-

529 1141 633 1195 tur,
656 1139 938 1197 quantoque.
978 1134 1092 1181 Nec
1119 1130 1286 1192 video,
1308 1144 1410 1194 quo
1435 1127 1589 1177 modo

528 1209 799 1270 Heinsius,
834 1210 899 1257 ad
942 1209 1222 1258 acuendam
1262 1207 1438 1256 Pliniii
1474 1220 1587 1254 sen-

529 1286 768 1346 teutiam,
800 1285 1061 1348 conjicere
1107 1283 1356 1346 potuerit,
1404 1281 1588 1329 rescri-

529 1362 753 1412 bendum
775 1377 887 1412 esse
913 1368 1085 1425 quanto
1102 1366 1171 1413 tu.
1194 1365 1460 1424 quantoque
1480 1359 1590 1419 ‹lig-

528 1440 636 1488 nior
668 1439 816 1488 coelo!
888 1439 1057 1487 Nemo
1103 1436 1317 1499 negabit
1354 1442 1589 1483 oratores

529 1523 582 1565 et
607 1514 787 1578 poetas
811 1529 924 1564 cum
943 1514 1174 1577 emphasi
1199 1510 1477 1575 aliquando
1502 1525 1588 1559 vo-

529 1606 616 1641 ces
663 1598 943 1655 repetere;
978 1590 1090 1650 sed,
1133 1588 1341 1653 quando
1380 1602 1467 1635 eas
1513 1587 1588 1634 sic

530 1674 777 1730 repetunt
814 1681 928 1716 cum
974 1666 1233 1730 particula
1273 1662 1589 1726 copulandi?

527 1746 805 1807 Exempla,
825 1758 941 1807 quae
967 1742 1118 1791 affert
1140 1740 1591 1802 Arntzenius‚l1uc

528 1834 630 1868 non
679 1819 960 1882 pertinent.
1051 1819 1237 1881 Neque
1278 1817 1414 1866 euim
1464 1817 1592 1866 dicit

530 1898 743 1945 Terent.
785 1897 834 1945 in
866 1895 1029 1944 Andr.
1052 1910 1103 1944 v.
1128 1899 1175 1943 3.
1204 1898 1284 1943 12.
1319 1901 1333 1922 ‘
1355 1893 1496 1942 Olim
1524 1894 1591 1940 is-

531 1979 645 2032 tuc,
703 1971 933 2034 olimque,
961 1970 974 1992 '
1028 1975 1128 2020 &c.
1233 1971 1350 2019 Nec
1407 1970 1591 2032 virgil.

530 2049 728 2113 Georg.
776 2063 854 2097 ιν.
898 2054 1012 2098 358.
1049 2057 1062 2078 ⁴
1091 2050 1208 2098 Duc
1246 2063 1359 2111 age,
1401 2047 1594 2111 ducque

529 2125 595 2176 ad
621 2126 745 2175 nos.’
813 2127 882 2175 Et
906 2126 1019 2174 AEn.
1047 2139 1109 2174 11.
1131 2129 1245 2174 602.
1271 2133 1283 2153 ⁴
1307 2126 1490 2174 Divom
1517 2126 1592 2173 in·

530 2205 830 2264 clementia,
886 2205 1166 2267 Divomque
1226 2203 1337 2252 Has
1399 2206 1592 2252 evertit

532 2280 697 2345 opes.’
759 2282 847 2330 Sic
874 2289 927 2329 et
950 2288 1126 2330 cetera
1150 2280 1263 2343 ejus
1290 2280 1496 2344 generis
1522 2281 1594 2329 lo·

532 2371 592 2405 ca
616 2358 698 2406 hie
721 2355 916 2407 frustra
940 2357 1287 2406 cumulantur.
1323 2356 1565 2405 Schworz.

599 2434 698 2484 Res
722 2435 820 2483 illis
843 2432 1080 2493 adiecisti,
1109 2437 1303 2495 propter
1325 2447 1438 2494 quas
1462 2433 1597 2481 illum

534 2510 930 2572 Deumsecimus]
971 2511 1084 2557 Nou
1110 2512 1274 2557 solum
1313 2509 1364 2556 iu
1404 2509 1596 2558 codici·

534 2588 627 2634 bus
653 2588 783 2634 Mss.
802 2585 1087 2633 ‘Vaticanis
1114 2588 1257 2633 1775.
1288 2593 1342 2633 et
1369 2589 1512 2633 1776.
1547 2586 1595 2633 in

531 2662 833 2722 parisiensi,
853 2662 1075 2719 Veneto,
1095 2669 1150 2709 et
1175 2675 1310 2720 tneo,
1327 2660 1417 2709 sed
1437 2661 1595 2709 etiam

533 2739 753 2788 antebac
771 2740 820 2786 in
843 2738 1078 2787 omnibus
1102 2739 1308 2786 excusis
1330 2739 1595 2801 exempla·

535 2814 691 2870 ribus,
717 2829 807 2876 pro
826 2813 1015 2870 illishex
1025 2815 1267 2876 primitur
1282 2814 1374 2862 illi.
1413 2814 1593 2863 Codex

534 2904 659 2940 vero
675 2890 959 2939 Vaticanus
983 2890 1595 2954 3461.etGuetphe=-byt.

534 2981 746 3030 prorsus
778 2968 961 3016 vitiose
1007 2966 1198 3015 liabent
1236 2982 1313 3016 res
1350 2967 1432 3015 illo
1465 2967 1595 3026 udie-

531 3044 658 3092 cs‘sti.
725 3042 847 3099 Sed,
881 3042 922 3092 si
963 3042 1222 3106 vulgatam
1261 3043 1392 3090 lianc
1417 3042 1595 3090 lectio·

532 3135 646 3169 nem
689 3121 1023 3179 retineamus,
1060 3121 1160 3175 Qui
1182 3124 1249 3167 tot
1271 3133 1348 3180 res
1371 3117 1594 3177 illiacij'e-

530 3199 662 3257 cisti,
684 3203 876 3260 propter
896 3198 1169 3259 quasillum
1192 3194 1414 3257 [Titum]
1445 3194 1596 3243 Deum

517 3274 742 3332 fecimus,
799 3272 993 3334 duplex
1040 3271 1416 3320 incommodum
1474 3269 1595 3319 inde

531 3349 728 3397 existit.
776 3345 1009 3396 Primum
1037 3346 1273 3397 videatur
1300 3348 1501 3396 Plinius
1519 3346 1595 3395 di·

533 3437 674 3486 cere,
695 3424 950 3472 Romanos
974 3431 1190 3486 propter
1213 3438 1301 3471 eas
1327 3438 1408 3472 res
1433 3424 1594 3484 illum,

530 3500 724 3560 Titum,
761 3499 943 3549 fecisse
969 3502 1158 3560 Deum,
1183 3514 1307 3562 quas
1337 3500 1594 3561 TraJanus

532 3578 579 3625 ei
605 3577 877 3640 adjecerit.
947 3576 1099 3625 Quod
1134 3574 1412 3624 absurdum
1438 3573 1596 3624 foret.

529 3654 679 3702 Titus
704 3654 838 3700 enim
870 3653 1218 3714 Vespasianus
1251 3666 1351 3699 nou
1378 3660 1596 3714 propter

528 3729 741 3793 Trajani
777 3744 858 3778 res
899 3736 1073 3791 gestas
1109 3735 1162 3776 et
1207 3729 1467 3789 instituta,
1499 3729 1592 3777 sed

531 3815 749 3871 propter
775 3822 868 3855 sua
894 3807 1095 3862 merita,
1123 3807 1255 3855 coelo
1281 3805 1502 3861 dicatus,
1526 3805 1594 3855 si·

529 3884 847 3946 deribnsque
874 3882 1049 3931 illatus
1091 3889 1189 3931 est.
1263 3881 1465 3931 Deinde
1505 3896 1595 3931 ne-

533 3958 661 4019 scio,
683 3973 797 4021 quoe
824 3959 1028 4020 ingrata
1067 3958 1313 4020 repetitio
1338 3958 1599 4021 pronomi-

532 4035 613 4083 nis
634 4034 729 4091 ini,
751 4036 905 4095 illum,
947 4035 995 4083 in
1022 4036 1165 4084 brevi
1193 4036 1465 4085 verborum
1492 4050 1596 4085 ant·

532 4111 639 4161 bitu
679 4112 902 4161 accidat.
968 4111 1316 4163 Quamobrem
1359 4113 1482 4162 mihi
1542 4113 1594 4161 in

534 4194 760 4237 mentem
786 4189 948 4249 venit,
970 4203 1138 4238 antron
1165 4190 1453 4252 posteriora
1479 4203 1593 4238 ver-

533 4262 621 4325 ba,
652 4269 843 4327 propter
877 4278 993 4327 quus
1018 4265 1157 4314 illum
1178 4267 1336 4316 Deum
1365 4264 1594 4324 fecimus,

1213 378 1429 427 No't'AE
1476 373 1890 425 VARIORUM
1941 373 2023 422 IN

1665 533 1877 583 prorsus
1900 518 2000 567 sint
2016 515 2290 581 eJicienda,
2308 529 2426 566 cum
2457 530 2520 566 ea
2545 529 2729 580 super·

1661 595 1765 645 flua
1790 611 1925 656 esse,
1956 603 2011 644 et
2046 610 2110 644 ex
2151 595 2479 658 glossemate,
2511 594 2620 643 sive
2655 595 2729 643 in-

1663 672 1928 722 terlineari
1952 670 2408 734 interpretatione,
2440 669 2491 718 iu
2514 676 2732 719 contex-

1665 756 1772 798 tum
1821 750 2068 798 orationis
2111 747 2383 810 irrepsisse
2423 745 2728 806 videantnr3

1663 828 1905 892 quoniam
1931 827 2137 876 Plinius
2152 826 2265 890 jam
2300 826 2528 879 dixerat,
2550 824 2728 873 Titum

1663 904 1955 954 numinibus
1980 911 2241 967 equatum
2279 917 2394 951 esse
2416 917 2430 950 t
2456 915 2518 950 ac
2548 901 2731 965 quoui-

1667 994 1748 1029 am
1773 980 1922 1041 adeo,
1946 980 2153 1028 sublata
2176 979 2261 1027 illa
2285 980 2449 1027 otiosa
2475 977 2729 1040 appendi·

1665 1056 1800 1118 cula,
1824 1070 1925 1105 non
1949 1056 2110 1104 solum
2150 1056 2315 1105 omnis
2348 1053 2643 1115 ταυτολογία
2674 1061 2730 1104 et

1665 1132 1904 1194 δυσφωνία
1925 1132 2171 1195 evitatur,
2206 1130 2297 1180 sed
2332 1132 2489 1180 etiam
2511 1131 2623 1194 jam
2649 1145 2732 1180 sa·

1670 1208 1733 1256 tis
1759 1209 1908 1271 plena
1927 1206 2200 1270 gravisque
2214 1208 2472 1256 sententia
2495 1207 2590 1255 sibi
2610 1219 2733 1256 con-

1668 1292 1793 1342 stat,
1833 1285 1903 1334 ita
1941 1292 1997 1333 ut
2021 1285 2142 1333 nihil
2167 1283 2326 1334 facile
2363 1283 2647 1341 desideres,
2689 1285 2731 1332 si

1667 1362 1762 1410 ista
1787 1361 1947 1410 verba
1968 1361 2104 1409 hunc
2127 1364 2179 1410 in
2206 1362 2411 1410 modum
2436 1362 2607 1425 legas:
2647 1361 2733 1410 11·-

1663 1439 1798 1500 geuti
1817 1439 2005 1501 quidem
2025 1438 2181 1487 animo
2215 1440 2353 1487 divus
2381 1439 2520 1490 Tim
2552 1439 2728 1486 securi·-

1667 1515 1760 1563 tati
1780 1520 1958 1564 nostroe
1978 1515 2238 1578 uitiosique
2258 1519 2586 1579 prospexerat,
2601 1515 2733 1561 ideo·

1666 1605 1753 1653 que
1776 1590 2047 1639 numinibus
2066 1598 2281 1654 aquatus
2301 1597 2367 1639 est
2387 1608 2408 1649 ;
2436 1592 2535 1650 sed,
2559 1596 2734 1654 quanto

1668 1672 1720 1715 tu
1741 1669 2011 1730 quandoque
2032 1667 2228 1728 dignior
2262 1668 2392 1728 coelo,
2430 1668 2513 1730 qui
2545 1673 2615 1715 tot
2659 1681 2734 1715 res

1666 1744 1739 1791 illi
1762 1743 2011 1803 adjecisti!
2080 1743 2229 1792 Tunc
2264 1752 2409 1793 certe
2448 1757 2733 1807 pronomen

1667 1821 1761 1881 illi,
1784 1820 1917 1884 quod
1944 1820 2133 1884 ubique
2162 1822 2428 1884 vulgatum
2451 1830 2552 1876 est,
2589 1828 2734 1870 recte

1672 1898 2008 1946 retineretur.
2073 1897 2127 1945 Si
2152 1899 2267 1961 quis
2294 1911 2417 1946 vero
2453 1897 2549 1946 sibi
2588 1898 2731 1961 quasi

1672 1973 1904 2036 religioni
1930 1972 2107 2029 ducat,
2149 1974 2273 2021 istas
2296 1973 2519 2038 quinque
2559 1987 2733 2028 voces,

1671 2057 1750 2099 tot
1793 2050 1937 2098 libris
1966 2051 2077 2114 jam
2122 2051 2374 2113 proditas,
2417 2050 2732 2109 exturbare3

1668 2128 1899 2189 quamvis
1944 2127 2042 2175 hoc
2082 2127 2393 2190 corruptelae
2437 2139 2600 2188 genus
2638 2138 2733 2188 per

1672 2203 1871 2265 glossas
1930 2201 2275 2263 scriptoribus
2343 2202 2570 2249 intrusas
2627 2213 2730 2248 non

1673 2280 1848 2342 paucis
1874 2279 1988 2327 aliis
2027 2278 2292 2327 codicibus
2328 2276 2602 2333 acciderit,
2626 2276 2736 2339 qui·

1673 2355 1764 2404 bus
1810 2356 1946 2404 nulla
1992 2357 2187 2403 certior
2232 2361 2471 2418 superest
2513 2353 2733 2416 medela,

1672 2446 1826 2498 quam
1852 2439 1907 2482 ut
1934 2433 2242 2497 glossemata
2278 2433 2475 2482 intrusa
2499 2429 2736 2481 recidan-

1673 2518 1788 2559 tur:
1827 2511 1923 2557 alia
1949 2517 2122 2558 tamen
2159 2508 2434 2570 succurrit,
2475 2521 2642 2573 eaque
2665 2508 2737 2556 le·

1673 2586 1789 2635 nior
1804 2585 2114 2634 emendandi
2138 2584 2284 2639 ratio,
2299 2592 2358 2633 ut.
2374 2597 2579 2647 nempe,
2599 2582 2736 2647 quod

1662 2663 1773 2726 jam
1797 2661 1977 2725 Lipsio
2006 2669 2222 2711 venerat
2255 2662 2304 2710 iu
2342 2662 2588 2716 animum.
2621 2673 2738 2724 pro-

1670 2742 1961 2804 baruntque
1985 2739 2216 2788 Baudius
2255 2745 2310 2788 et
2352 2737 2586 2792 Hearne.
2607 2736 2738 2785 dun·

1671 2822 1821 2865 taxat
1846 2829 2090 2864 numerus
2116 2813 2384 2878 singularis
2421 2814 2739 2877 pronominis

1670 2892 1744 2940 illi
1768 2890 1932 2954 (quod
1961 2905 2241 2954 pronomen
2259 2890 2509 2942 Quartius
2534 2904 2739 2953 prorsus

1670 2968 1871 3029 omisit)
1909 2975 2143 3016 mutetur
2185 2967 2236 3015 in
2263 2980 2529 3014 numerum
2558 2967 2734 3015 multi·

1672 3045 1886 3100 tudinis,
1943 3045 2060 3094 illis.
2124 3044 2270 3093 Tunc
2325 3043 2459 3091 enim
2516 3057 2739 3108 sequens

1670 3119 1910 3181 formula,
1970 3126 2164 3185 propter
2217 3134 2340 3183 quos
2391 3120 2525 3186 inum
2580 3120 2739 3168 Deum

1658 3198 1883 3261 fecimus,
1922 3212 2021 3246 nou
2045 3196 2273 3246 refertur
2296 3196 2363 3246 ad
2387 3204 2464 3245 tot
2485 3209 2586 3253 res,
2610 3210 2738 3260 quas

1669 3275 1921 3337 Trajanus
1943 3274 2063 3323 Tito
2093 3274 2379 3337 adJecerat,
2412 3273 2503 3320 sed
2527 3272 2739 3336 coujun-

1671 3352 1811 3413 gitur
1835 3364 1952 3400 cum
1976 3350 2073 3398 illis
2098 3349 2237 3399 rebus
2273 3356 2322 3401 et
2352 3349 2608 3410 institutis,
2629 3348 2740 3412 qui·

1673 3428 1767 3476 bus
1805 3427 1916 3490 ipse
1939 3426 2095 3475 Titus
2134 3433 2493 3490 promeruerat
2532 3427 2738 3474 coelom.

1672 3505 1887 3561 Verum,
1927 3504 2084 3552 nihilo
2120 3502 2285 3551 miuus
2322 3502 2634 3565 relinquitur
2665 3503 2740 3551 in·

1671 3589 1819 3640 grata
1844 3578 2090 3640 repetitio
2113 3576 2427 3641 pronominis
2444 3578 2599 3631 illum,
2623 3591 2740 3640 quae

1671 3655 1924 3704 Pliniauae
1952 3654 2200 3702 orationis
2225 3653 2537 3702 suavitatem
2575 3654 2740 3702 minus

1671 3732 1862 3782 decere
1900 3730 2126 3779 videtur.
2193 3728 2472 3793 Equidem,
2510 3729 2628 3777 loco
2651 3731 2740 3777 ltu·

1663 3808 1753 3871 jus
1803 3807 2119 3871 pronominis
2158 3806 2311 3866 illum,
2355 3805 2564 3854 codices
2612 3806 2745 3854 Mssa

1670 3885 1954 3933 Vaticanus
1997 3886 2142 3932 1776.
2194 3881 2523 3937 Parisiensis,
2567 3880 2744 3932 Vene-

1671 3967 1774 4021 tus,
1812 3974 1975 4019 meus,
2007 3967 2063 4008 et
2098 3958 2230 4008 liber
2265 3956 2570 4020 Vossianus,
2600 3957 2744 4007 exbi-

1671 4035 1797 4084 bent
1815 4048 1992 4084 vocem
2015 4034 2179 4082 ulium.
2211 4031 2367 4082 Unde
2385 4031 2583 4081 librarii
2602 4034 2743 4082 illam

1670 4111 1876 4176 quidem
1901 4110 2166 4159 molestam
2204 4108 2522 4173 pronominis
2546 4112 2744 4172 repeti.

1671 4189 1863 4236 tionem
1885 4188 2051 4236 vitare
2069 4187 2372 4247 volueruut3
2394 4184 2485 4235 sed
2508 4186 2608 4249 ipsi
2625 4200 2743 4235 sen·

1670 4264 1847 4314 tentia·
1887 4264 2085 4314 nullum
2119 4263 2344 4314 attulere
2383 4262 2577 4312 lumen.
2634 4264 2736 4314 Ne·
