3060 4902
733 354 804 401 c.
854 350 1091 399 Ρωκιι
1142 348 1475 398 saeuum
1532 348 1809 398 nnnc.
1887 348 1937 399 1.
1970 335 2078 400 34.

306 503 382 547 est
400 494 538 561 apud
563 496 787 547 sueton.
809 509 857 546 c.
888 499 936 544 8.
975 495 1039 545 Et
1061 493 1199 542 inter
1221 492 1369 542 initia

302 574 499 637 imperii
522 574 686 624 etiam
706 586 893 622 severe
917 587 947 620 a
968 570 1265 619 Domitiano
1288 583 1367 617 re-

303 650 480 713 pressi.
531 649 695 698 Teste
715 647 857 697 enim
879 645 1059 695 eodem
1083 646 1297 695 sueton.
1321 656 1368 695 c.

303 729 350 776 9.
371 724 388 752 ‘
410 724 617 774 fiscales
640 723 926 774 calumnias
964 737 1150 786 magna
1177 724 1370 770 calum-

304 802 550 851 uiantium
575 815 730 865 pena
758 800 1044 863 repressit3
1077 796 1370 847 ferebatur-

305 891 403 941 que
440 891 544 926 vox
573 878 738 941 ejus,
785 877 1054 940 princeps,
1097 875 1184 939 qui
1226 874 1369 922 dela·

2377 333 2508 399 625

1441 492 1616 556 pibus,
1640 492 1900 542 delatores
1925 492 2137 543 adducti
2171 492 2276 543 siut
2299 491 2351 542 iu
2364 491 2511 556 judi·

1443 567 1598 625 cium,
1619 584 1924 633 poenamque
1944 570 2243 625 metuerim,
2259 577 2317 619 ut
2335 570 2509 633 potius

1444 646 1771 708 expectariut
1789 646 1996 708 premia
2013 646 2309 696 delationis.
2341 647 2510 697 Sicuti

1443 722 1581 770 enim
1607 735 1757 770 nemo
1775 718 1928 770 facile
1945 723 2178 785 negabit,
2193 732 2512 786 grassatores

1444 806 1499 846 et
1538 798 1782 857 latrones,
1815 799 2002 862 quibus
2039 798 2137 848 ltoc
2176 801 2288 850 loco
2325 801 2512 865 adjun-

1444 883 1639 937 guntur
1690 874 1972 939 delatores,
2020 878 2164 940 prius
2208 880 2258 928 iu
2306 879 2513 941 publico

308 961 443 1003 tores
463 967 571 1003 non
595 954 845 1017 castigat,
867 949 1072 1002 irritat-¹
1135 953 1207 1000 Et.
1227 951 1367 1000 Mar·
1440 958 1497 999 et
1521 951 1782 1000 ordinario
1805 953 2010 1001 stetisse
2023 953 2245 1016 jndicio,
2269 970 2419 1019 quam
2443 955 2508 1005 ad

310 1030 445 1079 tislis
475 1030 542 1079 ad
572 1030 801 1080 eundem
828 1030 1104 1085 Coesarem,
1126 1028 1370 1091 Spectac-

306 1118 383 1157 ιν.
409 1110 456 1155 1.
506 1113 522 1136 ⁸
545 1105 727 1156 Turba
759 1106 934 1170 gravis
964 1105 1103 1168 paci,
1127 1105 1371 1167 placidae-

305 1198 404 1247 que
432 1183 645 1233 inimica
678 1182 866 1246 quieti,
887 1184 1017 1234 Quo
1042 1195 1249 1244 semper
1279 1180 1373 1229 mi·

305 1273 441 1310 seras
462 1259 788 1309 sollicitabat
810 1273 969 1322 opes:
1005 1258 1269 1307 Traducta
1292 1264 1376 1307 est

306 1336 489 1399 titulis,
511 1350 612 1386 nec
640 1336 786 1400 cepit
810 1349 967 1385 arena
987 1342 1274 1396 nocentes;
1303 1334 1376 1383 Et

306 1412 508 1462 delator
545 1411 730 1472 habet,
767 1410 909 1477 quod
932 1411 1111 1468 dabat,
1142 1410 1375 1459 exilium.

305 1489 491 1541 Exulat
526 1489 761 1539 Ausonia
800 1487 1051 1552 profugus
1085 1487 1288 1537 delator
1309 1485 1374 1534 ab

307 1568 460 1618 urbe:
494 1566 763 1631 Impensis
802 1565 965 1615 vitam
1002 1563 1250 1629 principis
1288 1576 1375 1612 an·

305 1643 575 1695 numeres?
616 1643 837 1693 Patara.

367 1719 659 1770 Daciarum
677 1733 849 1780 agmen
870 1718 1141 1783 inductum]
1192 1716 1377 1780 Singu-

306 1794 422 1846 laris
440 1797 525 1846 liic
548 1795 986 1845 animadvertitur
1004 1795 1244 1850 varietas,
1261 1808 1377 1859 quae

308 1886 396 1923 nos
420 1887 520 1922 non
557 1887 744 1936 parurn
779 1872 963 1921 dubios
996 1872 1188 1932 reddit,
1209 1880 1378 1921 utram

308 1951 637 2012 adaptemus.
693 1948 797 1999 Alii
832 1949 988 2004 euim.
1024 1956 1077 1997 et
1114 1948 1379 2012 sigillatim

307 2025 509 2076 codices
527 2024 795 2079 Vaticani.
814 2025 1067 2081 Venetus,
1084 2023 1380 2088 Guelpher·

307 2102 548 2168 hylarius,
588 2109 652 2151 et
690 2115 865 2161 meus3
898 2101 1046 2162 item,
1082 2100 1136 2150 in
1176 2101 1380 2150 excusis

308 2179 466 2238 libris,
508 2179 857 2233 Puteolanus,
889 2177 1191 2240 Beroaldus,
1221 2177 1379 2227 Cata-

309 2271 464 2318 ntus,
478 2254 868 2313 Aldusnittnta,
882 2254 1229 2309 Philomusus,
1241 2253 1379 2302 Rbe-

307 2347 488 2392 nanus,
508 2331 792 2393 Stephani,
825 2330 1111 2395 Gryphius,
1135 2331 1379 2381 Ascensi-

308 2424 382 2471 ns,
418 2407 738 2464 Cratander.
772 2406 1076 2469 sichardus,
1099 2408 1380 2463 Livineius,

306 2487 655 2542 Boxhornius.
680 2485 954 2548 cellarius,
986 2485 1180 2535 habent
1202 2488 1383 2535 delato·

305 2578 409 2614 nnn
429 2564 702 2625 judicius,
732 2563 885 2625 qnasi,
918 2565 1002 2626 ξε.
1068 2562 1117 2612 Α
1144 2577 1245 2625 qua
1275 2564 1383 2611 lec·

308 2639 444 2691 tione
476 2639 764 2690 retinenda
785 2638 1007 2689 antehac
1030 2653 1134 2688 non
1158 2635 1230 2686 fui
1256 2639 1381 2687 alie·

306 2718 455 2777 nior;
493 2715 587 2766 cni
612 2716 879 2766 recentius
912 2716 1069 2764 etiarn
1101 2716 1266 2764 locum
1289 2714 1380 2763 de·

308 2793 382 2844 dit
411 2794 706 2845 Gesnerus·
772 2794 887 2842 Etsi
915 2794 1050 2842 enim
1074 2791 1232 2841 facile
1260 2806 1381 2841 con·

304 2870 455 2934 cedo,
478 2870 751 2919 delatores
783 2869 941 2919 etism
974 2870 1187 2932 Trajani
1211 2869 1382 2933 jussu,

305 2946 604 3010 spectaculi
640 2959 839 3001 caussa,
860 2946 910 2994 in
943 2946 1381 3010 amphitheatrum

305 3021 575 3073 deductos
606 3019 801 3084 fuisse;
857 3029 1040 3086 utpote
1084 3021 1221 3086 quod
1267 3022 1382 3085 ipse

302 3100 512 3150 Plinius
535 3113 658 3147 mox
681 3099 896 3155 iudicat,
918 3114 1032 3149 cum
1048 3099 1195 3162 dicit,
1219 3099 1385 3148 conti·

302 3176 440 3238 gisse
478 3174 731 3225 Romanis
767 3175 990 3236 civibus,
1013 3173 1256 3236 desuper,
1283 3174 1316 3222 i.
1337 3187 1384 3224 e.

302 3266 367 3303 ex
389 3250 655 3316 gradibus
673 3251 1058 3314 amphitheatri,
1082 3251 1271 3301 intueri
1294 3250 1385 3299 de·

302 3327 531 3377 latorum
570 3326 756 3389 supina
789 3341 900 3388 ora,
938 3341 1053 3376 cum
1090 3342 1246 3390 supra
1271 3341 1382 3376 san·

303 3406 515 3468 guinem
543 3403 813 3458 noxiorum
839 3403 905 3452 ad
920 3404 1187 3465 graviores
1209 3418 1386 3465 poenas

304 3483 408 3531 sint
429 3481 589 3531 ducti
609 3495 624 3541 ς
661 3479 824 3534 nihilo
849 3480 1019 3530 minus
1043 3487 1216 3530 tamen
1242 3481 1385 3531 vide·

303 3567 393 3611 tur
416 3560 487 3611 ad
513 3558 768 3621 majorem
793 3557 997 3607 laudern
1012 3557 1233 3621 justitiae
1259 3558 1388 3607 Tra-

292 3636 408 3701 jaui
437 3634 732 3701 pertinere,
753 3633 795 3682 si
822 3633 1108 3684 delatorum
1126 3633 1385 3696 judicium

302 3727 514 3778 penam
552 3710 837 3761 eorundem
877 3715 1232 3773 antegressum
1270 3724 1386 3758 esse

303 3790 541 3841 dicatur.
575 3788 768 3851 Neque
793 3801 918 3836 vero
936 3786 1270 3837 statuendum
1287 3793 1389 3842 est,

301 3874 434 3916 tunc
457 3877 652 3914 novum
670 3861 951 3926 judicium,
972 3861 1172 3912 ratione
1202 3859 1387 3911 formae

302 3950 361 3994 et
382 3941 612 4003 ordinis,
635 3938 988 3989 introductum
1019 3938 1180 3988 fuisse
1207 3953 1239 3988 a
1259 3940 1388 3988 Tra-

293 4018 461 4083 jano;
496 4013 643 4083 qnod
678 4014 870 4079 objicit
907 4014 1256 4064 Arntzenius:
1293 4015 1385 4065 sed

303 4094 630 4149 ordinarium
670 4090 771 4141 fuit
797 4091 1075 4155 Judicium,
1097 4106 1284 4141 novum
1310 4100 1387 4142 ts·

304 4185 425 4222 rnen
451 4170 659 4219 ratione
691 4182 1057 4232 personarnmg
1091 4183 1208 4218 cum
1234 4176 1388 4219 antea

306 4255 512 4298 tanturn
533 4242 787 4306 abfuerit,
808 4253 885 4301 ut,
910 4245 1005 4296 sub
1029 4246 1175 4297 malis
1197 4247 1389 4311 priuci-

441 4327 614 4391 Deiplt·
635 4332 683 4378 εί
713 4325 832 4377 Ver.
857 4326 991 4376 czas.

1274 4328 1460 4392 Paneg.
1492 4330 1598 4381 Ver.

1446 1041 1647 1090 poenatn
1684 1029 2062 1091 suscipiendam
2089 1044 2183 1093 per
2222 1031 2509 1093 amphithe-

1445 1111 1611 1153 atrum
1638 1101 1828 1154 fuerint
1850 1105 2078 1155 traducti
2103 1121 2118 1165 ;
2154 1107 2227 1155 ita
2244 1107 2513 1157 verisimil-

1445 1180 1620 1229 limum
1644 1188 1744 1236 est,
1768 1180 1901 1229 idem
1927 1182 2080 1231 etiarn
2103 1183 2168 1232 de
2188 1184 2511 1234 delatoribus

1447 1273 1560 1307 esse
1579 1257 1795 1321 sactum,
1821 1258 1909 1316 ita,
1934 1268 1987 1307 ut
2006 1275 2109 1308 non
2133 1259 2322 1310 fuerint
2350 1261 2512 1324 prius,

1448 1335 1502 1384 in
1544 1336 1742 1383 solenni
1798 1339 2102 1399 spectaculo
2146 1337 2511 1401 gladiatorum,

1448 1411 1659 1474 majoris
1684 1412 1977 1474 ignominiae
1999 1427 2178 1462 caussa
2203 1429 2297 1477 per
2314 1415 2513 1478 amphi-

1447 1487 1710 1536 theatrum
1740 1488 1985 1551 traducti,
2002 1503 2152 1553 quarn
2172 1490 2223 1537 iu
2248 1491 2511 1541 ordinario

1449 1578 1617 1627 eoque
1667 1564 1876 1629 publico
1914 1565 2140 1628 judicio,
2187 1575 2242 1617 et
2280 1568 2332 1617 in
2377 1567 2513 1632 foro,

1450 1640 1589 1704 quod
1615 1649 1766 1690 antea
1799 1641 2114 1705 insederant,
2136 1641 2354 1695 fuissent
2370 1644 2513 1708 judi·

1451 1717 1574 1771 cati,
1614 1717 1947 1782 legitimeque
1992 1719 2341 1770 condemnati.
2422 1719 2516 1770 At-

1451 1806 1552 1856 que
1581 1792 1711 1842 adeo
1735 1794 1875 1851 nihil,
1897 1802 1953 1843 ut
1974 1796 2179 1858 opinor,
2207 1795 2414 1845 absurdi
2449 1811 2515 1845 ex

1449 1872 1546 1920 hac
1587 1871 1810 1920 lectione
1854 1881 2107 1921 manaret.
2175 1870 2421 1937 Attamen
2459 1882 2514 1923 et

1452 1949 1621 1997 altera
1644 1947 1798 1997 lectio
1834 1963 1934 1997 non
1976 1950 2145 1999 minus
2179 1964 2235 1999 se
2257 1964 2516 2000 commen-

1452 2027 1561 2076 dat.
1611 2026 1886 2089 Nimirum,
1906 2028 2270 2091 Cuspiuianus,
2296 2028 2522 2091 Lipsius,

1454 2094 1737 2166 Gruterus,
1809 2103 2139 2168 Bernegger,
2229 2106 2518 2159 Puteanus,

1455 2179 1718 2241 Hackius,
1740 2180 1989 2242 Baunius,
2009 2181 2170 2234 Cen,
2195 2181 2430 2241 Patarol,
2465 2189 2524 2229 et

1456 2271 1592 2307 nunc
1618 2256 1952 2317 Arntzenius,
1973 2256 2232 2321 (quamvis
2256 2257 2307 2305 in
2333 2257 2410 2304 his
2435 2256 2521 2305 vix

1456 2343 1563 2383 tres
1586 2340 1872 2397 quatuorve
1904 2333 1980 2381 usi
2019 2334 2123 2381 sint
2162 2332 2404 2395 praesidio
2435 2348 2522 2383 co·

1456 2409 1631 2459 dicum
1663 2408 1818 2470 Mss.)
1849 2407 2123 2473 prodidere
2146 2409 2405 2459 delatorum
2433 2425 2521 2473 ag·

1456 2501 1562 2536 men
1589 2487 1851 2535 inductam.
1919 2487 2034 2536 Nec
2056 2488 2333 2551 quidquam
2355 2489 2405 2535 in
2426 2488 2524 2538 ltac

1457 2565 1685 2614 lectione
1709 2564 2007 2626 obscurum,
2030 2573 2119 2613 aut
2154 2565 2322 2613 Plinio
2353 2563 2524 2627 indig-

1457 2657 1601 2697 num.
1623 2642 1867 2691 occurrit.
1903 2642 2019 2689 Vox
2046 2642 2177 2689 enim
2202 2657 2372 2704 agmen
2394 2642 2526 2691 mul-

1458 2717 1735 2767 titudinem
1774 2717 2084 2780 delatorum,
2109 2719 2193 2782 qui
2226 2726 2349 2767 tunc
2383 2719 2526 2767 inva-

1455 2793 1683 2855 luerant,
1720 2794 1948 2856 iudicat;
1986 2804 2038 2844 et
2075 2795 2409 2858 participium
2449 2795 2529 2841 iu-

1455 2872 1648 2920 ductttm
1688 2878 1830 2918 recte
1870 2880 1923 2919 et
1967 2869 2269 2933 frequenter
2304 2868 2529 2917 refertur

1458 2948 1521 2996 ad
1539 2949 1856 3011 spectacula.
1925 2948 2059 2996 Utra
2084 2954 2252 2994 autern
2280 2947 2436 2995 lectio
2459 2946 2527 2995 ab

1459 3025 1577 3087 ipso
1601 3023 1772 3072 Plinio
1792 3020 2020 3078 fluxerit,
2046 3021 2252 3071 difficile
2278 3029 2358 3070 est
2382 3021 2528 3084 judi-

1458 3109 1598 3152 catu.
1667 3100 1840 3163 Igitur·
1855 3110 1941 3148 aut
1961 3100 2262 3149 vocabulum
2272 3099 2528 3159 jndiciam.

1461 3182 1553 3226 aut
1595 3177 1859 3231 inductum,
1905 3176 2112 3226 videtur
2155 3177 2240 3226 isti
2288 3177 2529 3228 varietati

1461 3254 1789 3303 occasionem
1827 3251 2050 3303 dedisse.
2117 3254 2342 3302 Nescius
2377 3253 2532 3311 enim,

1464 3343 1527 3378 an
1552 3343 1619 3377 ex
1660 3342 1786 3377 voce
1818 3328 1952 3376 male
1989 3330 2150 3391 picta,
2179 3330 2426 3391 iudicium,
2450 3345 2533 3379 or·

1464 3415 1570 3455 tum
1617 3405 1684 3455 sit
1724 3405 2006 3462 induerunt,-
2052 3421 2114 3454 an
2154 3415 2356 3456 contra.
2391 3407 2531 3457 Item

1463 3481 1696 3546 dubites,
1715 3495 1778 3530 an
1798 3496 1986 3532 nomen
2007 3497 2177 3545 agmen
2198 3483 2264 3531 ab
2285 3484 2399 3546 ipso
2425 3483 2534 3531 Pli-

1462 3559 1549 3607 nio
1585 3558 1807 3612 venerit.
1836 3573 1902 3608 an
1935 3575 2000 3609 ex
2033 3561 2172 3609 felici
2206 3561 2534 3611 correctione

1463 3635 1532 3685 sit
1556 3636 1841 3685 adscitum:
1894 3636 2091 3702 adhaec,
2119 3652 2181 3686 an
2206 3638 2342 3686 idem
2364 3652 2431 3685 ex
2452 3653 2535 3686 os-

1462 3713 1689 3763 citantia
1706 3712 1907 3777 antiqui
1930 3713 2127 3763 librarii
2152 3714 2201 3762 in
2223 3714 2533 3778 quibusdam

1464 3790 1735 3840 codicibus
1759 3791 2036 3852 omissum;
2075 3807 2160 3854 an,
2184 3799 2427 3855 tanquam
2452 3805 2537 3839 su·

1465 3866 2002 3932 perfluum,(propter
2023 3870 2351 3932 participium
2371 3871 2537 3918 iuduc-

1462 3949 1566 3992 tum
1581 3944 1632 3991 in
1657 3944 1883 3993 iudicium
1906 3944 2205 4008 mutatnrn,)
2219 3948 2453 3994 consulto
2469 3946 2541 3993 sit

1461 4020 1733 4084 rejectum.
1795 4020 1925 4069 Mihi
1966 4022 2172 4069 interim
2212 4020 2538 4068 verisimilius

1464 4097 1691 4160 videtur,
1715 4112 1779 4146 ex
1813 4099 2134 4162 negligentia
2176 4099 2367 4147 librarii
2405 4098 2536 4147 anti·

1465 4173 1574 4239 qui,
1594 4188 1960 4237 nomenogium
1976 4173 2131 4223 fuisse
2159 4175 2208 4222 iu
2231 4175 2538 4238 quibusdam

1465 4249 1739 4300 codicibus
1778 4251 2213 4314 praetermissum;
2251 4251 2335 4301 cui
2362 4252 2433 4301 rei
2459 4252 2540 4299 in·
