3060 4902
753 320 814 367 c.
866 319 1099 366 eumn
1151 317 1482 366 saeuum
1533 315 1805 366 Panno.
1884 317 1932 365 ι.
1977 300 2081 365 80.

319 465 404 513 bus
442 476 567 511 nunc
599 460 818 526 partibus
848 462 968 512 liber
998 464 1292 525 wintanum,-
1326 471 1383 510 ut

313 546 477 604 partes
501 554 596 602 pro
619 552 832 587 munere
855 547 909 588 et
932 537 1099 588 officio
1123 553 1382 588 sumeren-

322 625 446 677 tur;
499 624 626 665 tunc
666 615 869 665 demum
909 615 1209 664 vocabulum
1246 630 1380 665 curu·

321 709 429 743 rsus
466 690 780 755 superfluum
818 691 1101 740 videretur.
1170 691 1259 739 Sic
1294 705 1381 738 an-

324 778 432 821 tem
455 777 628 819 orator
645 769 902 832 duplicem
928 774 1147 831 partem,
1163 768 1269 815 sive
1294 767 1383 816 du·

324 848 448 912 plex
489 860 649 909 genus
702 860 941 900 curarum,
997 844 1177 893 tribuit
1229 842 1384 904 Jovi3

326 939 483 974 unum
507 937 670 986 genus
692 936 930 971 curarum
962 935 1131 969 rernm
1156 919 1384 982 superio·

325 1014 439 1050 rnm
454 1007 508 1049 et
525 998 1051 1053 coelestium,alteruni
1068 1010 1228 1058 genna
1239 1009 1385 1043 cura-

327 1092 439 1127 rum
455 1091 625 1125 rerum
640 1076 958 1124 terrestrium
971 1081 1024 1122 et
1036 1074 1387 1122 humanarum.

329 1155 493 1204 Parte
516 1153 674 1215 igitur
695 1165 949 1212 cararum,
970 1165 1081 1216 qna!
1107 1164 1189 1199 res
1211 1150 1387 1199 huma·

325 1245 418 1280 nas
434 1237 694 1294 spectant,
712 1227 896 1279 Jovem
914 1242 1051 1276 nunc
1075 1226 1286 1275 liberum
1305 1241 1384 1275 so·

327 1306 595 1371 lutumque
618 1319 732 1354 esse
750 1306 848 1365 ait;
874 1318 988 1355 cum
1007 1304 1137 1351 hanc
1152 1316 1388 1365 suscepe-

332 1386 403 1433 rit
423 1382 697 1445 Trajanus,
733 1381 819 1445 qui
849 1382 957 1430 vice
990 1380 1138 1431 Jovis
1161 1380 1211 1429 in
1236 1379 1389 1429 terris

329 1458 654 1523 fungeretur.
738 1459 858 1508 Qua
898 1457 1172 1506 occasione
1215 1463 1385 1505 autem

331 1551 431 1586 vox
461 1551 682 1585 curarant
719 1549 785 1583 ex
819 1541 896 1583 tot
927 1534 1040 1582 aliis
1076 1533 1219 1582 libris
1252 1532 1389 1581 exci-

332 1612 490 1674 derit,
526 1612 660 1661 hand
704 1611 920 1661 obscure
957 1617 1103 1673 patet
1118 1625 1133 1666 ;
1183 1623 1389 1673 nempe,

332 1698 608 1755 postquam
630 1688 794 1751 inepti
832 1688 1027 1737 librarii
1057 1696 1236 1736 vocem
1257 1691 1392 1750 parte

332 1773 595 1815 mutas-ant
619 1765 670 1814 iu
688 1779 776 1828 per
795 1769 862 1824 te,
897 1777 996 1812 non
1032 1762 1175 1818 nulli,
1199 1764 1286 1826 qui
1312 1777 1390 1811 re-

334 1844 539 1893 tinuere
576 1855 853 1904 pronomen
881 1856 988 1905 qna,
1022 1840 1069 1889 ei
1104 1854 1391 1889 accommo-

333 1921 523 1969 darunt
548 1934 735 1968 nomen
764 1934 915 1975 σανα,-
950 1917 1056 1978 alii,
1087 1916 1173 1981 qui
1199 1918 1391 1965 retinu-

335 2010 425 2046 ere
465 2011 705 2057 umas,
747 2008 1028 2059 pronomen
1078 1994 1393 2042 antecedens

333 2090 427 2139 qaut
451 2075 501 2123 in
523 2076 606 2139 qai
633 2080 1033 2132 converteruut3
1068 2073 1241 2134 plures
1283 2079 1393 2119 tan·

335 2155 453 2202 dem
477 2168 569 2216 quc
593 2154 644 2201 in
663 2152 830 2214 quibus
852 2149 1293 2214 mutavere,quasi
1319 2162 1393 2196 re·

336 2230 537 2280 feratur
573 2231 637 2280 ad
674 2245 817 2294 opera
847 2230 1042 2288 divium
1091 2229 1392 2277 vocabulum

336 2317 511 2358 autem
534 2322 772 2368 curarum,
796 2308 927 2372 quod
953 2306 1278 2356 nesciverunt
1295 2320 1395 2369 quo

336 2384 616 2442 referrent,
655 2399 863 2448 prorsus
900 2384 1259 2433 exturbavere.
1324 2381 1395 2431 Hi

338 2473 460 2514 sunt
484 2465 644 2514 veluti
677 2465 876 2512 natales
902 2464 1107 2512 istarum
1132 2467 1397 2523 corrupte·

338 2543 523 2591 laram.
604 2541 1031 2591 Emendationem
1070 2547 1242 2586 autem
1283 2551 1399 2584 noa·

339 2628 474 2668 tram
509 2621 668 2668 etiam
695 2615 1008 2681 approbavit
1028 2615 1398 2679 amplexusque

340 2703 423 2744 est
446 2694 727 2744 Gesnerus.
765 2693 912 2742 Idem.

409 2773 521 2828 Qua
551 2786 673 2820 nanc
704 2775 841 2833 porte
862 2783 1081 2819 curarunt
1099 2766 1241 2830 liber]
1280 2767 1400 2823 Qut-

341 2850 428 2899 bsrs
446 2864 568 2897 nm
587 2863 672 2912 per
692 2853 740 2897 te
761 2848 896 2896 liber.
946 2849 1072 2907 Qua,
1092 2860 1191 2896 uon
1215 2846 1401 2908 quibas,

342 2932 424 2975 est
446 2928 496 2972 iu
523 2927 585 2973 R.
606 2924 814 2988 propius
838 2922 901 2971 ad
928 2938 1120 2972 verum.
1175 2923 1400 2986 Egregie

342 3002 411 3052 V.
439 3004 548 3059 Quo
571 3017 692 3052 nanc
726 3006 862 3064 perte
888 3001 1008 3049 liber
1042 3007 1400 3062 repraesentat.

345 3079 473 3131 Abit
500 3080 714 3142 longius,
738 3085 792 3127 et
811 3078 985 3126 nescio
1009 3077 1265 3141 quomodo
1288 3091 1400 3125 cor·

345 3167 600 3208 rectorem
638 3157 794 3219 sapit,
833 3153 970 3218 quod
1006 3155 1054 3202 iu
1089 3154 1148 3202 C.
1172 3153 1400 3216 repperi,

347 3235 448 3291 Qui
469 3250 587 3283 nunc
604 3248 689 3296 per
709 3239 757 3282 le
775 3247 993 3280 curarum
1014 3231 1148 3280 liber.
1204 3230 1401 3280 Saltem

341 3316 490 3376 perte
508 3311 769 3367 abessent,
785 3323 847 3357 ne
863 3308 1039 3370 inepta
1057 3305 1401 3370 geminatione

345 3395 634 3449 repetatur,
661 3392 910 3449 postquam
931 3391 980 3434 te
999 3384 1146 3432 dedit.
1214 3383 1314 3432 His
1336 3383 1402 3432 de

345 3465 541 3513 caussis
567 3463 813 3512 vindicias
844 3462 1121 3511 secundum
1154 3461 1403 3521 scriptam

344 3541 622 3590 lectionem
662 3539 898 3603 equidem
930 3536 1178 3600 dederim,
1207 3544 1266 3586 ut
1293 3537 1403 3599 jam

347 3618 480 3667 dixi.
516 3617 680 3665 Livia.

420 3694 624 3743 Tantus
653 3693 786 3757 σοῖο]
823 3694 892 3742 Ut
936 3692 1125 3757 poeta:
1163 3691 1407 3755 ‘Jupiter

351 3770 403 3820 in
445 3770 606 3826 roelis.
642 3771 820 3820 Cesar
848 3771 984 3834 regit
1020 3769 1190 3820 omnia
1220 3766 1405 3818 terris-²

346 3846 560 3908 Lipsius.

421 3924 625 3973 Tantum
656 3926 771 3973 coele
804 3923 966 3986 occat]
1019 3925 1167 3973 Duas
1208 3923 1407 3986 priores

352 4015 508 4050 voces
543 4001 617 4049 sic
662 4006 1004 4062 transponunt
1051 4000 1168 4049 iibri
1213 3997 1408 4057 excusi,

350 4079 464 4127 coelo
487 4082 707 4134 tantem.-
742 4076 833 4125 scd
858 4086 1038 4126 contra
1074 4076 1408 4141 plurimorum

353 4153 591 4203 codicum
634 4153 760 4202 Μαι.
785 4153 1166 4203 auctoritatem.
1232 4151 1410 4202 Codex

354 4245 481 4281 vero
520 4230 924 4294 Salisburgensis
956 4237 1011 4280 et
1042 4244 1205 4294 meus,
1225 4230 1413 4283 omisso

2378 299 2507 365 991

1455 460 1662 510 nornine
1692 461 1823 521 eoeto,
1846 461 1958 510 liaec
1981 460 2139 510 verba
2162 460 2235 510 sic
2257 458 2510 524 referunt,

1454 537 1576 585 liber·
1610 538 1875 600 solutasque
1910 542 2042 586 tanto
2077 541 2232 599 vacet,
2267 537 2411 600 quasi
2450 538 2511 588 li·

1457 614 1659 662 brarius
1680 628 1745 662 ex
1770 614 2046 663 oscitantia
2067 613 2193 662 duas
2219 627 2371 663 voces
2392 629 2513 664 con·

1458 692 1697 753 traxerit,
1719 698 1771 739 et
1797 705 1860 740 ex
1896 692 2064 753 priore
2100 695 2225 751 tent,
2257 704 2322 741 ex
2347 700 2514 752 poste-

1457 768 1593 817 riore
1615 769 1773 817 solam
1799 768 2209 817 terminationem
2227 783 2273 829 o,
2292 771 2516 820 retinue-

1457 846 1562 907 rit;
1596 846 1744 909 cnjus
1769 844 1973 909 generis
1995 845 2318 909 corruptelas
2343 861 2516 910 supra,

1461 921 1524 970 ad
1553 934 1710 972 uxi.
1732 926 1780 971 6.
1814 920 2033 977 ostendi,
2069 921 2157 970 nbi
2186 922 2343 984 vulgo
2377 923 2516 987 lege·

1456 999 1613 1049 batur
1646 1000 1662 1027 ‘
1686 996 2125 1062 suffragatorum,’
2160 1014 2255 1063 pro
2297 1007 2310 1027 ⁸
2331 998 2515 1050 suffra·

1459 1084 1669 1138 gatores
1690 1075 2118 1125 candidatorum!
2181 1077 2429 1127 Ceterum
2450 1079 2518 1128 si-

1460 1153 1570 1201 mili
1595 1151 1809 1203 formula
1834 1154 1998 1203 utitur
2020 1154 2156 1203 Pliu.
2174 1154 2342 1219 Epist.
2358 1169 2444 1204 ιιι.
2467 1160 2520 1207 5.

1461 1236 1475 1258 ⁴
1504 1227 1565 1277 ln
1597 1228 1797 1290 itinere,
1829 1229 1970 1294 quasi
2006 1231 2201 1279 solutus
2224 1233 2412 1283 ceteris
2430 1246 2518 1282 cu·

1463 1305 1553 1367 ris,
1572 1306 1691 1355 huic
1716 1307 1804 1355 uni
1831 1306 2085 1356 vacabat.'
2117 1308 2381 1367 &liseur-2„

1526 1383 1791 1445 Postquam
1827 1388 1875 1432 te
1911 1384 2066 1446 dedit]
2111 1384 2288 1434 Codex
2330 1386 2521 1436 Parisi-

1463 1460 1599 1508 ensis
1628 1460 1706 1509 his
1741 1460 1953 1509 vocibus
1987 1460 2251 1509 interserit
2276 1464 2437 1524 terris,
2461 1470 2520 1512 nt

1462 1535 1693 1598 legamus
1712 1541 1958 1599 postquem
1979 1540 2026 1585 te
2045 1536 2188 1585 terris
2202 1537 2350 1585 dedit.
2384 1538 2516 1588 Qun

1465 1626 1565 1661 vox
1590 1614 1887 1675 interserta,
1904 1627 2051 1677 qnam
2070 1613 2248 1662 unicus
2267 1613 2523 1664 duntaxat

1465 1689 1632 1739 codex
1659 1690 1849 1752 prodit,
1872 1704 1972 1738 non
2007 1690 2213 1753 quidem
2243 1689 2517 1739 incommo-

1466 1766 1556 1829 da,
1577 1776 1808 1816 attamen
1845 1781 1942 1816 nec
1965 1768 2277 1829 necessaria,
2298 1766 2522 1824 videtur,

1467 1860 1584 1895 cum
1609 1845 1838 1909 inprimis
1859 1860 1977 1895 rnox
2008 1852 2273 1909 sequatur,
2291 1845 2306 1873 ‘
2332 1845 2417 1909 qui
2442 1859 2521 1894 er·

1468 1936 1535 1985 ga
1570 1937 1720 1972 omne
1763 1923 2022 1972 bominum
2066 1937 2226 1987 genus
2272 1922 2387 1972 vice
2430 1936 2525 1972 sua

1467 1996 1792 2061 fungereris.’
1828 1998 1977 2047 Iden.

1545 2075 1659 2124 Vice
1696 2090 1781 2123 sua
1808 2074 2109 2137 jungereris]
2157 2073 2241 2123 Ita
2272 2089 2393 2149 tre-ro
2417 2075 2524 2124 Pli-

1470 2151 1584 2200 nins
1608 2153 1885 2214 Trajannm
1929 2150 2056 2200 facit
2093 2152 2238 2215 quasi
2278 2152 2522 2201 vicarium

1468 2228 1617 2279 Jovis
1641 2229 1691 2277 in
1718 2229 1886 2277 terris.
1950 2229 2037 2276 Sic
2070 2229 2264 2276 Seneca
2298 2227 2366 2275 de
2407 2228 2526 2277 cie-

1471 2311 1629 2354 ment.
1655 2319 1693 2353 ι.
1717 2309 1764 2353 1.
1800 2304 2063 2353 Neronem
2086 2302 2233 2366 fingit
2255 2316 2426 2352 secum
2452 2304 2526 2353 lo·

1470 2389 1751 2445 quentem:
1785 2390 1798 2412 ⁸
1820 2382 1929 2444 Ego
1953 2395 2014 2427 ex
2039 2379 2271 2429 omnibus
2295 2381 2527 2430 mortali·

1473 2459 1569 2508 bus
1615 2460 1803 2523 placui,
1849 2460 2150 2521 electusque
2186 2473 2319 2517 sum,
2349 2460 2433 2522 qni
2473 2461 2527 2508 in

1473 2538 1627 2587 terris
1670 2539 1899 2587 Deorum
1945 2536 2055 2587 vice
2099 2535 2370 2600 fungerer:
2429 2551 2527 2601 ego

1471 2615 1595 2664 vitu
1628 2615 1873 2677 necisque
1895 2613 2135 2676 gentibus
2158 2613 2374 2675 arbiter,
2404 2628 2528 2678 qua·

1471 2691 1573 2739 lem
1595 2691 1808 2755 quisque
1832 2699 2024 2740 sortem
2048 2697 2339 2755 statumque
2371 2690 2531 2739 liabe-

1473 2777 1545 2828 at,
1566 2769 1618 2816 in
1644 2783 1793 2817 manu
1817 2781 1933 2817 mea
1970 2769 2191 2832 positum
2225 2775 2326 2816 est.
2389 2766 2530 2818 Quid

1473 2847 1657 2910 cuique
1681 2846 1972 2895 mortalium
2003 2843 2217 2894 fortuna
2241 2845 2417 2893 datum
2443 2859 2531 2893 ve-

1474 2922 1557 2982 lit,
1580 2936 1696 2972 meo
1730 2937 1818 2971 ore
1854 2921 2193 2987 pronuntiat.'
2259 2921 2531 2969 Mamerti-

1478 3013 1573 3048 nus
1596 3001 1768 3054 etiarn,
1792 3000 2055 3061 Panegyr.
2077 3013 2193 3061 cap.
2214 3000 2263 3045 8.
2294 2997 2532 3046 Maximi·

1477 3076 1678 3123 niauum
1704 3074 1995 3138 Augustum
2027 3074 2171 3138 quasi
2197 3075 2415 3122 alterum
2438 3074 2531 3124 Jo-

1478 3166 1592 3201 vem
1610 3159 1971 3215 representat,
1984 3165 2101 3199 cuni
2119 3150 2270 3210 dicit,
2287 3163 2403 3197 eum
2421 3151 2437 3177 ‘
2458 3156 2535 3198 to-

1479 3233 1582 3278 tius
1615 3229 1755 3278 orbis
1791 3228 1899 3277 fata
1934 3227 2219 3290 suscipere,
2241 3235 2295 3276 et
2317 3226 2533 3276 oblitum

1479 3304 1854 3369 quodammodo
1890 3304 1968 3351 sui
2004 3304 2240 3367 gentibus
2264 3303 2457 3360 vivere,
2478 3311 2536 3354 et

1479 3383 1532 3431 in
1557 3390 1659 3430 tam
1680 3380 1839 3430 arduo
1863 3395 2031 3429 rerum
2051 3380 2379 3429 humanarum
2396 3387 2537 3430 stare

1480 3458 1710 3522 fastigio,
1743 3473 1808 3507 ex
1843 3473 1945 3522 quo
1976 3458 2133 3506 veluti
2168 3465 2333 3506 terras
2356 3473 2535 3508 omues

1479 3545 1534 3584 et
1558 3535 1719 3584 maria
1742 3533 2017 3598 despiciat,
2039 3533 2362 3598 vicissimque
2377 3535 2540 3584 oculis

1481 3628 1544 3664 ae
1567 3620 1739 3662 mente
1764 3614 2049 3675 collustret,
2070 3612 2156 3662 ubi
2190 3613 2259 3662 sit
2292 3622 2435 3662 certa
2457 3628 2538 3662 se·

1482 3691 1696 3754 tenitas,
1719 3689 1804 3739 ubi
1822 3690 1981 3739 dubia
2007 3697 2312 3753 tempestas,
2327 3690 2533 3753 quijns·

1482 3766 1650 3817 titiam
1689 3765 2034 3827 aeuiuleutur,’
2062 3771 2159 3816 ἃς.
2222 3767 2391 3815 Tanta
2424 3773 2539 3814 erat

1480 3844 1684 3894 illorum
1704 3852 1989 3906 temporum
2013 3843 2259 3901 adulatio,
2278 3857 2307 3891 a
2326 3856 2425 3903 qua
2442 3855 2539 3891 nec

1484 3921 1686 3971 Plinius
1707 3936 1763 3969 se
1789 3921 2062 3968 immunem
2088 3917 2542 3981 praestitinquan·

1481 4012 1638 4062 quam
1673 3995 1768 4045 sub
1803 3996 2004 4045 initium
2031 3994 2178 4057 liujus
2205 3991 2539 4055 Panegyris-i,

1486 4089 1526 4124 ι.
1548 4078 1599 4124 6.
1624 4078 1918 4136 optaverat,
1950 4072 1966 4099 ‘
1992 4078 2049 4119 ut
2085 4077 2283 4118 tantum
2307 4083 2337 4118 a
2360 4069 2541 4132 specie

1486 4148 1799 4200 adulationis
1824 4147 1957 4195 absit
1973 4159 2062 4194 sua
2082 4143 2364 4206 gratiarum
2384 4145 2547 4201 aetio,

1485 4233 1728 4293 qnantum
1752 4223 1887 4274 absit
1911 4236 1940 4272 a
1963 4218 2311 4273 necessitate!
2346 4222 2544 4273 Nescio
