3060 4902
527 382 659 448 838

524 540 757 605 ejusdem
785 539 920 599 anui,
946 538 1188 588 consules
1219 535 1421 586 suffecti
1444 535 1591 584 fuere

529 619 586 668 L.
626 618 833 666 Roscius
871 616 1097 664 AEliauus
1134 623 1190 664 et
1225 615 1310 664 Ti.
1343 615 1592 663 Claudius

522 691 808 751 Sacerdos;
838 689 976 754 quod
1001 705 1064 739 ex
1091 697 1299 740 vetusto
1329 690 1517 753 lapide,
1540 691 1591 737 in

523 772 691 822 insula
707 770 951 818 Tiberina
971 777 1201 832 reperto,
1218 768 1592 818 demonstravit

522 849 691 913 Rapit.
724 848 1008 897 Fabrettus
1046 847 1110 895 de
1136 849 1387 897 Columna
1410 848 1592 911 Traja—

523 927 593 980 ni,
619 939 736 988 cap.
755 930 804 974 9.
831 940 883 987 p.
904 928 1020 973 273.
1057 926 1134 973 Ex
1161 926 1237 974 his
1261 926 1433 988 itaque
1450 926 1593 975 Fasti

526 1001 744 1050 Romani
782 1000 1057 1060 onuphrii,
1094 1008 1149 1049 et
1187 1001 1422 1056 aliorum,
1457 1001 1594 1049 illus·

526 1078 678 1137 trari,
702 1082 756 1127 et
778 1077 964 1140 partim
986 1077 1188 1140 corrigi,
1215 1085 1448 1138 possunt.
1482 1078 1592 1126 Sic·

524 1156 606 1205 uti
634 1170 756 1205 vero
777 1155 1035 1204 ordinarie
1056 1155 1344 1215 consulum,
1361 1162 1412 1202 et
1433 1154 1593 1215 inpri-

531 1232 628 1281 mis
652 1233 877 1280 consulis
912 1231 1260 1293 praesidentis,
1293 1237 1407 1279 erat
1430 1229 1591 1279 refer-

523 1323 601 1370 re,
626 1319 678 1357 et
703 1310 986 1357 sententias
1022 1323 1240 1372 rogare3
1280 1310 1352 1357 ita
1384 1319 1592 1357 senten·

526 1385 714 1435 tinrum
756 1384 1099 1447 rogandarum
1130 1385 1212 1434 hic
1238 1385 1365 1434 ordo
1388 1385 1593 1434 ordina·

528 1462 602 1511 rie
626 1461 819 1510 servari
839 1470 1198 1515 consueverat,
1216 1470 1270 1510 ut
1291 1462 1594 1524 primi‚con·

523 1540 661 1590 sules
703 1537 981 1601 designati.
1019 1539 1059 1586 si
1098 1537 1361 1598 adessent,
1401 1536 1593 1586 deiude

524 1615 841 1670 consulares,
864 1629 1052 1678 nempe
1083 1616 1352 1662 consulatu
1370 1614 1476 1676 jam
1504 1613 1592 1662 de·

521 1690 713 1753 functi,
738 1699 846 1740 tum
873 1690 1035 1740 ceteri
1053 1698 1342 1750 senatores,
1374 1691 1591 1739 iuterro-

522 1773 789 1830 garentur.
856 1766 1132 1829 Designati
1161 1775 1330 1814 autem
1353 1768 1593 1816 consules

1226 393 1443 442 1⁴01·AE

523 1857 587 1891 eo
610 1843 790 1891 ordine
827 1841 1161 1905 rogabantur,
1194 1857 1296 1905 quo
1335 1843 1514 1891 ordine
1542 1844 1592 1893 in

523 1919 786 1968 electione
818 1926 992 1968 essent
1028 1919 1333 1982 nuncupati.
1404 1920 1592 1983 Itaque

520 1997 619 2045 hoc
644 1997 755 2045 loco
780 1997 819 2043 is
843 1997 1020 2044 consul
1048 1997 1347 2057 designatus
1373 1997 1591 2059 primum

524 2073 876 2135 interrogatus
916 2078 1013 2131 est,
1051 2074 1137 2138 qui
1174 2076 1312 2123 inter
1351 2076 1592 2123 consules

523 2146 770 2198 suffectos
807 2150 970 2211 primo
1010 2149 1123 2198 loco
1160 2159 1274 2213 post
1303 2151 1593 2199 ordinarios

523 2226 780 2284 consules,
802 2227 1082 2291 Trajanum
1107 2226 1418 2290 Augustum,
1435 2236 1490 2276 et
1519 2228 1601 2276 M.-

521 2302 717 2354 Julium
748 2303 1086 2357 Frontonem,
1109 2312 1435 2367 nuncupatus
1459 2312 1592 2368 erat,

523 2384 582 2428 ut
603 2378 681 2428 M.
705 2379 847 2429 Julio
885 2380 1128 2429 Frontoni
1161 2396 1188 2427 a
1223 2381 1467 2442 proximis
1495 2383 1593 2429 Ca·

524 2456 690 2505 lendis
716 2458 924 2505 Martiis
948 2458 1272 2507 succederet.
1326 2461 1479 2509 Hunc
1506 2474 1592 2507 ve·

526 2547 583 2582 ro
630 2533 792 2582 videri
846 2533 1091 2582 Acutium
1138 2536 1367 2583 Nervam
1409 2534 1591 2599 fuisse,

527 2608 680 2657 modo
703 2608 947 2656 indicavi.
1020 2609 1169 2658 Idem.

591 2684 936 2748 Παίς-παίωνι]
974 2684 1281 2746 Pompeium
1307 2684 1593 2750 Collegam,

525 2769 580 2809 ut
596 2760 705 2823 jam
728 2760 857 2824 dixi,
879 2767 968 2809 aut
987 2761 1160 2808 alium.
1196 2761 1331 2822 Lips.

593 2836 804 2898 Rogat-i]
852 2835 897 2884 A
944 2842 995 2884 te
1043 2844 1127 2903 teg·
1164 2837 1391 2885 consule.
1427 2836 1594 2886 Primi

526 2918 697 2961 autem
739 2912 907 2975 rogari
944 2911 1114 2961 solent
1145 2913 1381 2962 consules
1424 2914 1593 2977 desig-

524 2989 651 3039 nati.
690 2989 842 3039 Idem.

593 3067 723 3115 Tunc
763 3066 864 3131 illi]
921 3065 1206 3115 Vossianus
1262 3066 1393 3115 liber
1437 3066 1594 3116 habet

526 3150 636 3193 tunc
658 3145 775 3202 fue,-
811 3159 911 3193 non
937 3144 1141 3207 quidem
1175 3146 1330 3204 male,
1355 3146 1397 3192 si
1424 3144 1488 3193 ad
1513 3161 1592 3194 se·

525 3227 705 3269 natum
743 3219 1040 3282 referatur;
1080 3220 1170 3269 sed
1209 3221 1319 3269 sine.
1345 3220 1594 3284 suffragio

526 3296 739 3344 aliorum
766 3297 1033 3345 librorum.
1088 3295 1283 3346 Adbaec
1310 3312 1593 3359 pronomen

523 3373 619 3434 tui,
643 3373 796 3422 etiam
823 3373 872 3421 iu
903 3387 1118 3423 numero
1142 3374 1505 3431 multitudinis,
1529 3375 1594 3424 ad

531 3455 696 3496 totum
744 3455 1003 3506 senatum,
1048 3459 1240 3512 praeter
1281 3454 1594 3514 principem,

529 3522 565 3570 i.
588 3538 635 3569 e.
658 3522 722 3571 sd
744 3530 946 3573 ceteros
971 3527 1207 3575 consules
1230 3535 1284 3575 et
1308 3534 1593 3592 senatores,

530 3597 715 3648 referri
749 3607 939 3661 potest.
976 3599 1219 3651 Schwarz.

600 3675 871 3731 Quamlibet
906 3677 1080 3740 ardua]
1131 3676 1351 3725 Codices
1389 3679 1594 3741 quidam

530 3751 795 3808 Vaticani,
834 3753 958 3800 item
996 3752 1508 3816 Guelplierbytanus‚
1542 3764 1598 3805 et

530 3831 583 3880 in
609 3828 815 3880 excusis
839 3828 1003 3888 libris,
1022 3828 1359 3893 Puteolanus,
1383 3831 1596 3881 Beroal-

532 3909 647 3970 dus,
670 3914 726 3956 et
749 3905 1087 3966 philomarus,
1108 3919 1199 3967 pro
1220 3908 1490 3968 quamlibet,
1510 3909 1597 3957 lia-

533 3984 661 4037 bent
685 3983 921 4047 quelibet.
985 3982 1087 4033 Sed
1115 3984 1316 4042 melius,
1335 3987 1597 4048 expressis

532 4061 739 4124 quidem
765 4059 977 4123 singulis
997 4059 1186 4118 literis,
1214 4058 1380 4109 codex
1406 4061 1594 4111 Parisi-

535 4138 688 4191 ensis,
738 4144 792 4185 et
832 4149 995 4198 meus,
1036 4135 1284 4185 exhibent
1313 4138 1601 4200 quamlibet,·

534 4212 586 4258 in
611 4211 800 4258 ceteris
835 4212 1102 4261 codicibus
1139 4212 1336 4261 librarii
1371 4215 1450 4264 usi
1473 4225 1601 4266 sunt

534 4288 841 4351 compendio
863 4290 1136 4355 scripturae
1159 4306 1172 4341 ε
1198 4305 1262 4340 ex
1286 4291 1436 4356 cujus
1458 4309 1597 4357 cotn-

1496 392 1903 439 VARtORuM
1956 393 2031 438 tet

1667 534 1844 598 pendii
1871 536 2035 597 signo,
2057 534 2136 582 vel
2163 548 2262 582 non
2289 534 2413 583 satis
2437 534 2635 598 agnito,
2653 537 2736 584 vel

1667 612 1922 674 ignorato,
1962 617 2136 659 natum
2162 618 2245 659 est
2270 611 2395 660 illud
2419 613 2657 674 qualibet,
2680 621 2736 663 et

1667 688 1787 735 alibi
1823 688 2094 750 quemlibet.
2162 687 2302 736 Hinc
2336 695 2391 736 et
2432 689 2574 752 apud
2611 690 2734 738 alios

1667 775 1903 814 auctores
1951 766 2131 813 barum
2185 778 2365 813 vocum
2413 764 2647 815 confusio
2684 767 2734 814 in

1668 842 1806 889 varis
1827 842 2108 890 dimanavit
2135 841 2472 903 exemplaris.
2520 841 2735 896 Quamli-

1667 917 1743 966 bet
1779 930 1901 966 vero
1941 918 2149 980 ponitur
2196 931 2292 980 pro
2328 921 2579 979 quamvis.
2627 920 2735 967 sive

1669 994 2014 1055 quantumvis.
2081 993 2337 1043 Quinctil.
2357 993 2408 1040 in
2436 993 2652 1043 l’raefat.
2670 995 2735 1042 ad

1669 1072 1756 1118 lib.
1799 1083 1875 1118 vt.
1919 1070 2102 1119 Instit.
2150 1070 2302 1118 Orat.
2348 1077 2360 1097 ‘
2388 1069 2450 1118 In
2496 1070 2736 1126 dicendo,

1667 1146 1952 1211 quamlibet
1974 1145 2243 1194 abundans
2269 1160 2434 1207 rerum
2460 1147 2632 1212 copia.
2651 1162 2734 1195 cu·

1668 1225 1856 1284 muium
1890 1230 2089 1271 tantum
2128 1220 2357 1278 babeat,’
2386 1225 2487 1272 ἄιε.
2547 1236 2654 1271 xit.
2687 1228 2738 1272 5.

1667 1301 1681 1325 ⁸
1713 1299 2010 1349 Quamlibet
2068 1297 2327 1347 imbecilla
2373 1295 2518 1347 frons
2555 1314 2738 1363 magna

1669 1377 1989 1425 couscientia
2034 1374 2355 1425 sustinetur.'
2422 1377 2526 1426 Ubi
2573 1379 2731 1426 etiam

1667 1455 1926 1503 nonnullae
1975 1452 2234 1502 editiones
2274 1454 2461 1502 liabent
2500 1455 2738 1516 quelibet.

1671 1531 1813 1580 idem
1854 1530 2090 1580 Declam.
2127 1544 2177 1579 v.
2202 1533 2254 1578 4.
2293 1537 2306 1558 ⁸
2334 1531 2537 1592 Fingite
2563 1546 2737 1594 quamq

1670 1608 1799 1657 libet
1844 1608 2082 1667 divitem,
2120 1606 2406 1671 quamlibet
2454 1621 2738 1670 pauperem

1670 1694 1905 1747 patrem;
1947 1698 2096 1732 nemo
2131 1697 2353 1746 unquam
2394 1684 2509 1744 plus
2548 1698 2641 1744 pro
2677 1683 2737 1732 li-

1670 1761 1804 1809 beris
1839 1760 2001 1815 dedit,
2028 1774 2179 1823 quam
2205 1760 2289 1822 qui
2324 1759 2422 1808 sibi
2463 1759 2587 1808 nihil
2618 1761 2738 1809 reli.-

1669 1835 1816 1900 quit.'
1864 1837 1991 1899 Ipse
2017 1836 2223 1884 Plinius
2246 1843 2423 1884 noster
2448 1835 2584 1883 infra
2610 1849 2743 1884 Lxx.

1670 1919 1718 1961 5.
1754 1916 1768 1940 ⁸
1798 1912 1981 1962 Adbuc
2015 1921 2189 1960 autem
2228 1912 2515 1975 quamlibet
2535 1913 2742 1962 sincera

1670 1999 1919 2053 rectaque
1944 1992 2168 2053 ingenia,
2201 1990 2299 2039 etsi
2324 2005 2424 2040 non
2457 1990 2740 2055 detorque-

1669 2068 1778 2128 bat,
1822 2067 2102 2116 hebetabat
2150 2074 2343 2130 tamen,
2392 2066 2599 2122 misere.
2645 2067 2739 2118 sed

1673 2162 1793 2197 vera
1840 2145 2139 2210 reputatio‚'
2176 2148 2274 2195 διε.
2340 2145 2519 2210 Epist.
2560 2159 2625 2195 u.
2658 2150 2739 2196 1⁴.

1667 2225 1681 2251 ‘
1700 2224 1818 2273 Hoc
1836 2225 2008 2288 pretio
2025 2223 2307 2288 quamlibet
2328 2236 2604 2272 numerosa
2620 2222 2742 2271 sub-

1670 2302 1816 2349 sellia
1853 2298 2165 2362 implentur.'
2198 2299 2370 2361 Epist.
2407 2303 2568 2349 x.97.
2606 2297 2745 2365 ‘⁴An,

1668 2376 1954 2442 quamlibet
1986 2376 2170 2429 teneri.
2200 2376 2324 2426 nibil
2361 2391 2392 2425 a
2430 2375 2738 2426 robustiori·

1672 2457 1765 2504 bus
1791 2451 2087 2504 differant?
2128 2454 2281 2502 Idem.

1737 2533 2048 2597 Decreseant]
2100 2532 2142 2579 1.
2169 2546 2217 2580 e.
2238 2530 2548 2581 decrescere
2571 2538 2625 2580 et
2649 2531 2740 2580 nsi·

1669 2610 1756 2658 nui
1785 2609 2075 2670 videantur,
2099 2606 2206 2655 sive
2230 2607 2616 2656 existimentur.
2654 2607 2740 2656 Sic

1667 2688 1866 2736 Statius
1899 2686 2025 2735 silv.
2050 2699 2113 2734 tt.
2146 2689 2192 2732 1.
2226 2687 2339 2732 127.
2370 2685 2386 2711 ⁸
2414 2683 2553 2732 Vise
2578 2698 2741 2747 puero

1670 2763 1976 2811 decrescere
2026 2760 2232 2810 vestes:
2298 2759 2554 2810 Similiter
2593 2762 2739 2824 Virg-

1671 2839 1784 2887 AEn.
1807 2851 1896 2886 ιιι.
1921 2841 2004 2887 73.
2038 2840 2052 2864 ‘
2073 2836 2415 2887 Provehimur
2440 2844 2616 2899 portu,
2638 2846 2740 2885 ter-

1672 2929 1844 2977 raeque
1858 2912 2114 2978 urbesque
2128 2911 2421 2963 recedunt!
2435 2913 2653 2963 Scilicet
2668 2915 2742 2969 its

1671 2991 2035 3054 navigantibus
2074 2991 2300 3046 videtur,
2324 2992 2466 3054 quasi
2492 2999 2634 3041 terra
2658 3007 2742 3041 nr·

1673 3069 1866 3131 besque.
1894 3067 2161 3117 recedant.
2196 3067 2356 3117 ovid.
2378 3068 2511 3117 Met.
2534 3081 2600 3118 n.
2625 3073 2744 3119 4⁶6.

1668 3151 1684 3174 ⁸
1716 3145 1815 3194 Ubi
1863 3154 2001 3194 terra
2040 3145 2254 3195 recessit
2297 3146 2542 3209 Longius,
2585 3153 2743 3212 atque

1672 3223 1807 3271 oculi
1860 3229 2127 3285 nequeunt
2170 3235 2488 3284 cognoscere
2535 3221 2745 3271 vultus!

1672 3298 1957 3354 Gesnerus‚
2003 3297 2054 3345 in
2094 3295 2317 3359 epistola
2351 3295 2417 3344 de
2453 3310 2549 3344 sna
2582 3296 2745 3347 Plinii

1671 3373 1918 3428 editione,
1942 3374 2236 3436 suspicatur
2271 3372 2325 3420 in
2360 3372 2458 3421 boc
2485 3373 2645 3423 Plinii
2671 3374 2742 3423 lo·

1673 3465 1735 3500 co
1772 3450 2065 3513 legendum,
2099 3465 2194 3513 pro
2229 3451 2520 3507 decrescunt.
2557 3453 2746 3503 decres-

1670 3531 1799 3583 cunt,
1825 3528 2067 3591 priusque
2088 3532 2141 3576 ut
2164 3526 2518 3576 similitudinis
2542 3534 2743 3578 tantuin

1672 3612 1726 3656 et
1742 3603 2139 3667 comparationis
2156 3603 2462 3667 particulam
2482 3619 2620 3654 esse.
2645 3606 2743 3655 Cn·

1663 3681 1893 3746 jusmodi
1914 3680 2138 3743 suspicio
2152 3680 2264 3742 jam
2283 3679 2581 3743 Cbristoph.
2605 3681 2745 3739 Beb-

1674 3759 1751 3808 rio
1772 3757 1825 3807 in
1851 3762 2074 3805 mentem
2099 3755 2260 3811 venit,
2283 3755 2368 3819 qni
2401 3756 2572 3806 locum
2605 3756 2743 3813 buno

1673 3836 1747 3886 sic
1774 3829 2124 3895 retingendum
2164 3831 2391 3895 putavit,
2417 3831 2615 3893 Accidit
2637 3833 2741 3897 qui·

1673 3914 1797 3973 dem,
1829 3911 1960 3958 sicut
1996 3923 2208 3972 corpora,
2242 3907 2498 3971 quamlibet
2520 3910 2673 3967 ardun
2693 3913 2741 3958 et

1672 3989 1876 4048 excelsa,
1907 3983 2256 4047 procerioribus
2286 3984 2502 4045 admota,
2533 3982 2741 4043 decres-

1673 4070 1830 4124 cunt;
1866 4069 1922 4110 ut
1946 4061 2070 4108 item
2100 4059 2348 4109 altissima
2380 4059 2559 4109 citium
2576 4061 2744 4123 digai·

1672 4146 1815 4202 tctes,
1833 4141 1915 4201 ξε.
1969 4135 2220 4202 Equidem
2246 4136 2521 4200 aliquando
2545 4138 2666 4187 alibi
2688 4138 2743 4187 in

1673 4213 2061 4279 comparatione
2087 4219 2231 4262 recte
2256 4212 2535 4275 adhibetur
2558 4221 2634 4275 at,
2656 4215 2745 4265 eui

1672 4292 1990 4360 respondeat
2043 4291 2195 4350 iteum·
2253 4304 2300 4339 v.
2344 4304 2397 4357 g.
2443 4290 2587 4355 apud
2630 4291 2747 4343 Cic.
