3060 4902
779 398 847 445 c.
881 393 1159 456 tunm
1205 391 1534 443 saeuum
1587 391 1863 441 Panse.
1944 392 1994 438 1.
2029 375 2137 438 13.

418 539 640 591 Hine-s
655 554 793 590 sum
813 537 1041 589 barbaris
1069 537 1272 600 inferre]
1308 537 1424 597 Lip-

346 619 453 667 sius
486 628 638 668 reete
666 615 994 669 observavit.
1022 614 1155 672 bec,
1177 623 1232 662 et
1254 613 1426 675 proxi·

352 710 438 745 ms
459 697 652 754 omnis,
671 691 1037 753 mmmm,
1061 699 1115 740 et
1136 688 1321 741 floride
1347 699 1425 738 tu·

352 772 553 822 ruentia
573 785 726 833 esse;
759 783 936 835 quem,
973 770 1017 817 si
1056 768 1222 831 lubet,
1251 767 1425 817 adeas.

355 848 603 900 δώωσι.
1166 886 1171 889 ,

424 925 563 974 CA?-
588 937 721 973 xm.
766 922 939 972 Tecum
962 920 1192 985 mediam]
1229 918 1426 969 Proeci·

358 1003 441 1064 pit
463 1002 699 1051 Honorio
732 1002 809 1049 ita
842 1006 992 1063 pster
1010 997 1266 1048 Theodos.
1289 995 1424 1057 apud

360 1079 641 1129 Claudian-
668 1084 683 1105 ‘
701 1077 940 1126 Inventis
956 1083 1104 1125 utare
1118 1074 1275 1134 cibis3
1296 1073 1425 1122 sols·

359 1155 485 1205 bere
502 1162 683 1218 partes
696 1154 900 1218 AEqusli
916 1154 1103 1202 sudore
1120 1149 1272 1202 tuss.'
1294 1150 1428 1213 [ὀμ.

429 1232 606 1280 Tm
650 1230 880 1294 indm]
931 1229 949 1256 ‘
973 1229 1106 1278 Csto
1148 1225 1428 1286 Uticensis,

356 1306 584 1370 galeam,
602 1307 903 1356 sitientibus
924 1303 1146 1360 cunctis,
1166 1316 1301 1368 aqua
1322 1302 1426 1364 ple·

356 1396 478 1431 nam
502 1383 601 1433 sibi
627 1389 925 1446 porrectam
949 1378 1158 1439 effudit,
1177 1392 1347 1428 comes
1373 1377 1425 1426 in

356 1457 661 1508 calamitate
686 1467 743 1507 et
765 1458 871 1506 dux
896 1457 999 1505 suis
1023 1452 1280 1505 effectus-⁹
1332 1453 1428 1503 Est

361 1549 489 1585 vero
509 1543 633 1585 nota
650 1535 772 1584 boui
796 1533 996 1596 militis,
1016 1533 1032 1560 ⁶
1049 1529 1238 1581 famem
1263 1529 1427 1579 sitim·

355 1626 461 1676 que
489 1609 648 1667 ferre,
674 1626 777 1676 qua
801 1624 854 1659 ss
874 1611 1083 1674 jactant
1110 1605 1431 1666 CesurianU

359 1686 504 1750 opud
526 1688 675 1739 Suet.
702 1702 750 1737 c.
772 1691 854 1736 08.
927 1685 1088 1734 Plura
1121 1683 1338 1732 Gruter.
1375 1682 1425 1730 in

362 1763 598 1814 Discurs.
624 1778 719 1814 xv·
742 1762 808 1813 ad
831 1762 1001 1812 Tacit.
1026 1760 1159 1810 Ann.
1184 1772 1317 1809 xiv,
1341 1762 1425 1807 24.

358 1842 411 1888 ⁹.
436 1844 516 1888 10.
581 1839 657 1888 At
679 1840 767 1901 qui
802 1837 1011 1902 possis?
1077 1833 1428 1885 Assuetudine

360 1923 420 1967 et
458 1922 596 1966 arte·
658 1916 804 1967 Gens
849 1913 1065 1975 Martia,
1100 1911 1330 1975 Scythae,
1370 1916 1429 1958 ut

356 1991 551 2046 famem
590 1993 791 2056 longius
823 1992 1071 2047 tolerent,
1100 1988 1278 2038 fasciis
1306 2001 1426 2037 ven·

360 2078 502 2119 trem
535 2069 863 2119 strictissime
897 2067 1291 2129 circumligant5
1326 2078 1428 2126 qua

361 2146 562 2195 ventris
583 2145 970 2207 commeatione
988 2140 1319 2192 esuritionem
1339 2138 1428 2187 de·

362 2221 585 2282 pellunt.
650 2221 786 2269 Nam
810 2217 975 2268 fames
998 2215 1060 2267 fit
1085 2224 1303 2279 propter
1322 2214 1427 2262 ina·

360 2311 458 2350 nes
495 2304 656 2360 utque
693 2303 934 2359 patentes
971 2292 1334 2343 intestinorum
1372 2297 1428 2340 et

363 2372 642 2425 ventriculi
666 2370 841 2421 fibras.
897 2369 959 2420 A.
984 2367 1125 2419 Gell.
1161 2367 1193 2414 l.
1227 2378 1346 2414 xvi.
1380 2379 1428 2414 c.

359 2456 414 2500 8.
470 2449 612 2500 Hinc
630 2450 812 2501 Tacito
835 2449 889 2498 in
911 2448 1092 2498 Germ.
1124 2459 1242 2507 cap.
1266 2447 1348 2495 80.
1374 2449 1429 2492 et

361 2529 594 2591 Vegetio
631 2541 672 2578 ι.
709 2532 759 2576 0.
798 2527 882 2576 vel
927 2526 1024 2574 hac
1061 2537 1248 2573 caussa
1289 2535 1426 2571 com·

359 2604 678 2656 mendantur
711 2606 764 2653 in
796 2603 963 2653 milite
997 2600 1164 2650 stricti
1200 2611 1350 2648 arcus
1374 2604 1430 2646 et

359 2683 554 2732 stricta
588 2694 847 2744 corporea
891 2676 1251 2741 improbantur
1290 2687 1430 2722 cras-

356 2759 460 2809 suli
498 2757 593 2813 illi,
628 2764 682 2806 et
724 2752 985 2819 superflua
1028 2765 1188 2802 carne
1230 2748 1432 2798 disten-

360 2835 421 2884 ti.
489 2831 641 2883 Alias
688 2831 840 2892 ἅλιμα
886 2838 942 2879 et
990 2827 1133 2889 ἄδιψα
1185 2823 1428 2887 φάρμακα,

360 2913 416 2961 b.
439 2925 491 2961 e.
524 2910 733 2960 remedia
750 2907 937 2968 fam
959 2921 1017 2954 oc
1033 2905 1167 2953 sitim
1200 2901 1428 2951 arcentio.

363 2987 576 3039 Videsis
590 2984 729 3049 apud
744 2985 885 3034 Plut.
902 2981 954 3030 in
969 2982 1209 3045 Sympos.
1237 2977 1429 3029 Julian·

358 3080 482 3117 nem
509 3063 759 3127 ungium
783 3062 835 3111 in
855 3058 1024 3123 Epist.
1047 3055 1346 3107 Medicinal.
1370 3067 1431 3103 ιι.

360 3145 449 3193 28.
504 3140 670 3192 Heus.
712 3134 1054 3188 Rsntaovium
1099 3133 1164 3181 de
1209 3131 1430 3181 Conser-

364 3216 522 3267 ηαδ.
541 3216 721 3266 Valet.
743 3228 789 3264 c.
813 3217 898 3263 ³9.
918 3218 975 3262 et
993 3214 1078 3260 40.
1146 3209 1221 3259 Αι
1251 3222 1430 3270 snper·

359 3294 625 3344 stitiosuru
662 3290 788 3340 illud
820 3288 1061 3342 Zonarae,
1086 3286 1137 3335 in
1162 3284 1270 3332 Vit.
1294 3282 1430 3345 Imp.

360 3368 611 3422 Mauricii
631 3364 955 3425 referentig‘
976 3358 1219 3426 quosdam
1235 3359 1429 3408 Turcss

361 3446 558 3497 milites
597 3442 815 3507 gessisse
854 3435 1135 3501 supercilia
1173 3434 1223 3482 in
1263 3434 1429 3484 crucis

363 3522 578 3575 modum
617 3526 946 3582 compuncta.
981 3514 1254 3576 infusoque
1292 3518 1432 3560 atra·

364 3609 576 3660 meum
612 3612 673 3648 ea
697 3597 761 3646 de
784 3607 988 3653 caussa,
1007 3590 1143 3657 quod
1177 3588 1431 3653 superiori

365 3688 607 3741 tempore
628 3688 748 3724 cum
771 3670 909 3720 fame
933 3669 1432 3732 periclitarentur,a

364 3754 664 3809 Christiano
696 3749 917 3813 quodam
948 3744 1128 3796 moniti
1161 3744 1258 3791 boc
1293 3738 1432 3790 fece-

365 3835 495 3890 rint,
528 3845 627 3882 nec
658 3829 793 3879 ullus
825 3840 891 3875 ex
925 3823 1020 3886 eis,
1055 3822 1144 3886 qui
1180 3817 1430 3884 paruerit,

365 3914 508 3965 farus
532 3905 788 3975 perierit.'
834 3905 992 3955 Beris·

432 3985 755 4040 unitati-u
793 3977 1069 4043 campestri]
1123 3974 1269 4026 Infra
1312 3989 1430 4025 mox

359 4067 382 4097 ⁴
414 4055 862 4115 exercitationes'
918 4054 1168 4119 appellat.
1243 4052 1432 4114 virgil.

363 4141 717 4192 ‘Silvestrem
750 4131 897 4184 tenui
925 4144 1121 4181 musam
1158 4127 1431 4179 meditaris

366 4217 570 4273 asena?
594 4213 786 4267 Livin-

431 4292 759 4349 uam-e
777 4284 1056 4353 campestri]
1088 4250 1357 4337 Exercitio
1378 4283 1432 4334 iu

2433 376 2565 438 487

1500 548 1706 595 campo,
1726 531 1923 598 μελᾶηι.
1967 534 2052 582 De
2077 533 2196 594 ists,
2219 530 2437 593 ejusque
2461 545 2564 579 uio-

1500 609 1601 665 dis,
1635 610 1821 673 scripsi
1856 608 2073 683 affatim,
2095 609 2161 659 de
2185 608 2375 658 Militia
2401 607 2486 657 lib.
2509 621 2563 657 v.

1499 683 1639 748 Lips.

1566 759 1850 824 Differam.-
1894 759 2061 824 quum]
2110 759 2208 810 Hae
2252 758 2369 808 dua·-
2413 773 2594 812 voces.

1498 836 1554 886 in
1596 838 1759 886 tribus
1796 837 2067 888 codicibus
2105 837 2236 886 Mss.
2268 835 2564 888 desideran-

1501 920 1623 975 tur-3
1658 914 1710 963 in
1748 921 1935 979 quarto
1970 922 2165 972 autem,
2192 926 2379 974 nempe
2403 910 2566 961 Guel-

1500 989 1849 1054 pherbytano,
1883 991 2111 1051 itemque
2145 990 2196 1036 in
2231 988 2363 1039 libro
2387 987 2567 1036 Vossi-

1502 1080 1620 1128 ano,
1649 1075 1703 1115 et
1733 1069 1902 1116 altero
1937 1065 2200 1123 (ludium,
2235 1063 2412 1112 harum
2447 1063 2565 1112 loco

1499 1145 1751 1206 scriptum
1771 1151 1851 1194 est
1872 1144 2055 1206 dispar.
2091 1142 2450 1205 cuspinianus,
2470 1155 2566 1203 pro
2592 1197 2595 1201 ,

1502 1222 1781 1284 participio
1840 1221 2091 1286 differens,
2139 1219 2302 1267 edidit
2355 1219 2565 1268 verbum

1499 1298 1738 1363 differres.
1771 1302 1925 1352 Quod
1952 1314 2054 1348 non
2076 1297 2402 1348 reticendum
2424 1297 2567 1348 duxi.

1503 1379 1711 1443 Reliqui
1751 1393 1874 1428 vero
1920 1378 2037 1427 libri
2084 1378 2320 1440 impressi
2369 1390 2567 1439 omnes,

1501 1469 1633 1517 qnos
1657 1455 1848 1515 evolvi,
1881 1452 2121 1502 referunt
2156 1453 2432 1502 lectionem
2458 1452 2564 1500 vul·

1501 1536 1694 1591 gatam.
1741 1528 1984 1578 Schmun-z.

1566 1604 1742 1654 Libero
1776 1602 1966 1664 Marce]
2000 1603 2123 1653 Sine
2148 1603 2222 1653 tui
2254 1603 2567 1661 reverentia.

1501 1693 1620 1729 cum
1664 1681 1809 1745 qussi
1853 1681 1999 1728 miles
2052 1680 2104 1728 in
2159 1680 2372 1729 militent
2428 1693 2567 1729 esses

1498 1756 1838 1819 compositus.
1886 1756 2025 1818 Lips.

1571 1833 1684 1884 Tela
1701 1831 1923 1895 librar-es]
1956 1833 2115 1881 Forte
2134 1831 2365 1880 vibi-ares.
2401 1829 2567 1879 Livin.

1502 1909 1686 1961 Recte.
1744 1909 1982 1959 Ritterslt.

1571 1987 1684 2036 Tela
1717 1985 1942 2049 libr-ares]
1975 1986 2065 2036 Sic
2104 1986 2321 2047 legimns
2356 1984 2409 2033 in
2443 1999 2569 2049 qua·

1502 2068 1620 2112 tuor
1655 2062 1924 2114 codicibus
1964 2063 2089 2110 Μαι.
2129 2062 2471 2126 omnibusque
2508 2062 2567 2110 li·

1502 2139 1610 2189 bris
1644 2138 2038 2204 antiquioribus.
2104 2138 2310 2201 Lipsius
2344 2138 2464 2186 ltine
2488 2152 2569 2188 se-

1500 2217 1710 2282 quentia
1733 2216 1893 2266 verba
1924 2216 1998 2265 ita
2030 2215 2393 2265 concinnanda
2418 2223 2569 2277 puta-

1502 2294 1599 2354 vit,
1635 2307 1761 2341 nune
1797 2293 2009 2341 cominus
2045 2293 2140 2341 tela
2177 2292 2409 2349 librans,-
2448 2307 2569 2342 nunc

1501 2368 1680 2417 librata
1712 2367 1997 2430 susciperes:
2031 2381 2133 2414 non
2156 2368 2322 2427 male;
2359 2375 2571 2429 poterat

1503 2444 1643 2494 enim
1684 2444 1901 2492 alterum
1943 2441 2246 2492 vocabulum
2284 2441 2471 2492 vibrata
2503 2458 2569 2495 ex

1505 2519 1943 2584 interpretatione
1966 2527 2019 2567 et
2046 2519 2215 2581 glossa
2242 2517 2568 2572 librariorum

1504 2605 1788 2647 assumtum
1809 2596 1998 2656 videri3
2032 2594 2168 2643 liand
2195 2609 2346 2644 secus
2370 2609 2432 2645 ac
2457 2597 2570 2658 qui-

1504 2674 1623 2722 dam
1649 2672 1744 2721 viri
1771 2669 1963 2720 eruditi
2001 2677 2211 2718 monent
2249 2669 2385 2732 apud
2414 2669 2571 2721 ovid.

1505 2750 1677 2812 Epist.
1703 2746 1917 2797 Heroid.
1946 2759 2032 2795 ιιι.
2059 2750 2172 2794 126.
2198 2746 2248 2793 in
2277 2746 2572 2794 vetustiori-

1504 2826 1598 2876 bus
1630 2824 1896 2874 codicibus
1932 2823 2060 2870 Mss-
2089 2829 2290 2883 extare,
2322 2822 2564 2871 ‘valido-

1501 2918 1620 2966 que.
1646 2915 1848 2964 precor,
1865 2900 2055 2949 librata
2073 2898 2285 2959 lacerto,
2308 2897 2568 2949 Transeat

1506 2980 1829 3030 Hectoreum
1867 2977 2039 3025 Pelias
2071 2975 2223 3023 hasta
2262 2976 2395 3022 latus
2412 2975 2446 3034 ς’
2483 2977 2567 3030 ubi,

1505 3057 1657 3120 vulgo
1682 3069 1927 3105 excusum
1951 3059 2031 3100 est
2068 3053 2082 3079 ⁸
2110 3051 2310 3101 vibratu
2338 3053 2570 3101 lacerto.'

1505 3132 1739 3183 Verbum
1776 3131 1875 3182 boc
1916 3130 1930 3156 ⁴
1958 3128 2176 3177 librare’
2218 3128 2341 3177 satis
2389 3136 2568 3193 aptum

1505 3210 1674 3260 estad
1703 3224 1810 3258 rem
1843 3204 2265 3269 exprimendam;
2297 3219 2414 3254 nam
2449 3220 2569 3269 pro·

1507 3289 1622 3349 prie
1645 3293 1811 3344 notat,
1836 3290 1849 3312 ‘
1870 3283 2005 3333 libra
2028 3282 2315 3346 ponderare
2333 3282 2346 3301 ’
2370 3290 2426 3331 et
2448 3282 2463 3308 ‘
2485 3298 2571 3330 ex·

1508 3363 1739 3425 pendere
1754 3360 1788 3421 ς’
1812 3360 2021 3422 deinde,
2044 3363 2259 3418 lacerto,
2288 3362 2368 3409 vel
2391 3360 2569 3423 funda,

1506 3441 1587 3489 vel
1614 3445 1894 3498 tormento,
1917 3437 2113 3499 aliquid
2130 3439 2373 3499 jaculari,
2397 3445 2453 3487 et
2480 3453 2569 3485 ex·

1506 3524 1713 3575 cutere;
1750 3529 1796 3562 v.
1822 3528 1873 3577 g.
1908 3512 2093 3575 Virgil-
2111 3512 2325 3561 *AEneid.
2350 3527 2430 3562 lx.
2457 3518 2572 3563 417.

1506 3592 1699 3653 ‘Ecce‚
1735 3589 1873 3639 aliud
1914 3602 2112 3638 summa
2149 3587 2308 3637 telum
2349 3590 2574 3641 librabat

1507 3669 1571 3717 ab
1596 3665 1758 3717 aure.'
1804 3666 1961 3714 Ovid.
1991 3666 2122 3714 Met.
2151 3679 2214 3714 ιι.
2235 3670 2351 3716 322.
2387 3669 2403 3696 ⁸
2430 3667 2572 3717 Into·

1508 3753 1616 3799 nat,
1657 3751 1711 3791 et
1756 3743 1944 3791 (lextra
1981 3742 2225 3791 libratum
2269 3741 2462 3792 fulmen
2506 3744 2570 3792 ab

1508 3835 1633 3870 aure
1672 3820 1820 3868 Misit
1855 3820 1907 3866 in
1943 3816 2209 3881 aurigam!
2279 3818 2464 3883 Neque
2492 3834 2575 3868 se·

1507 3898 1621 3947 cius
1660 3895 2046 3947 Quinctilianus
2089 3892 2327 3942 Decium.
2370 3906 2447 3943 tv.
2491 3900 2571 3945 13.

1503 3973 1519 4001 ⁸
1541 3972 1755 4031 Nescio,
1787 3985 1901 4034 quae
1940 3983 2021 4017 me
2061 3968 2359 4031 prodigiosa
2393 3967 2572 4019 feritas

1507 4049 1562 4099 in
1583 4055 1800 4113 patrem,
1820 4046 1963 4095 velut
1988 4046 2145 4094 telum
2170 4046 2397 4110 aliquod,
2421 4061 2572 4098 casu.

1507 4139 1725 4190 rumque
1778 4124 2002 4188 pondus,
2055 4122 2231 4183 librat,
2289 4123 2571 4186 impingit!

1505 4203 1610 4255 Ubi
1628 4203 1803 4264 miror,
1818 4200 2159 4251 celeberrimo
2176 4201 2574 4252 commentatori

1504 4282 1807 4333 Burmauuo
1845 4292 1946 4330 uon
1985 4273 2394 4329 animadversum
2438 4290 2574 4339 esse,
