3060 4902
548 320 678 390 984

551 484 705 533 aiensi
729 498 808 534 an.
833 489 976 536 1643.
1007 485 1365 549 subjiciuntur,
1399 485 1603 549 putavit

547 559 820 622 legendum
857 577 988 618 esse,
1025 564 1107 611 sed
1133 565 1197 623 ,de
1235 576 1321 610 sua
1355 562 1605 610 existimo·

548 632 674 685 tione
714 638 888 687 soliciti
901 654 919 696 ,·
964 638 1031 686 ob
1067 639 1117 685 id
1158 638 1294 701 quod
1352 640 1603 702 sequitur,

545 713 562 738 ⁸
581 726 733 775 quam
756 715 877 777 quid
901 716 967 763 de
985 717 1205 763 moribus
1221 715 1450 764 sentias.'
1493 718 1601 765 Ad·

545 788 685 837 misit
746 790 877 839 lianc
932 791 1205 841 lectionem
1264 793 1603 855 Boxhornius,

542 869 947 928 Kirchmaierus‚
967 881 1021 920 et
1044 873 1375 922 Minellianus
1397 872 1600 933 editor;

545 956 700 1010 atque
725 948 797 995 ita
819 950 977 997 etiam
1004 949 1176 1012 legere
1202 949 1404 1011 optavit
1425 949 1598 998 Chris·

542 1026 687 1087 toph.
710 1026 948 1075 Bebrius.
1015 1028 1131 1079 Jam
1156 1027 1363 1091 quidem
1387 1034 1401 1056 ⁴
1421 1028 1599 1077 existi-

542 1103 733 1151 matio’
750 1106 931 1153 activae
954 1113 1006 1153 et
1033 1107 1242 1167 passivae
1266 1103 1599 1167 significatio·-

542 1181 623 1228 nis
647 1188 747 1242 est,
781 1183 854 1229 uti
897 1181 1112 1244 plurima
1139 1182 1342 1231 nomina
1374 1182 1599 1230 verbalia

541 1271 658 1319 qnae
692 1258 740 1304 in
773 1257 818 1305 io
845 1265 1054 1307 exeunt.
1124 1257 1308 1306 Active
1335 1258 1597 1321 significat

541 1335 555 1359 ⁸
582 1332 908 1394 opinionem’
960 1341 1015 1381 et
1061 1332 1421 1396 ‘judicium3’
1468 1334 1596 1395 sive,

542 1409 678 1470 quod
726 1410 838 1472 quis
879 1409 947 1458 de
995 1411 1094 1459 alio
1141 1411 1340 1459 homine
1398 1419 1487 1460 aut
1540 1425 1595 1459 re

541 1485 700 1533 sentit
724 1494 777 1534 et
804 1485 1028 1547 judicat.
1095 1487 1181 1535 Sic
1216 1489 1422 1550 ponitur
1454 1488 1593 1551 apud

539 1565 750 1613 Terent.
775 1567 985 1629 Prolog.
1019 1566 1211 1615 Heaut.
1250 1581 1321 1615 vs.
1345 1571 1426 1616 25.
1459 1571 1474 1596 ‘
1496 1567 1595 1616 Ar·

539 1640 746 1689 bitrium
782 1651 1027 1703 vestrum,
1060 1652 1228 1690 vestra
1264 1644 1594 1705 existimatio,

538 1717 771 1766 valebit!
836 1719 1034 1768 Plinius
1077 1720 1263 1783 Major,
1293 1721 1431 1769 Hist.
1466 1722 1591 1771 Nat.

537 1806 615 1840 xi.
643 1798 721 1841 16.
760 1794 845 1842 ubi
885 1795 1014 1844 duas
1052 1797 1319 1858 opiniones
1357 1804 1594 1846 recenset

534 1870 601 1918 de
643 1873 1073 1934 progeneratione
1110 1888 1282 1936 apum,
1330 1876 1345 1901 ⁶
1372 1875 1592 1936 Propior

534 1949 695 2004 vero,'
731 1950 917 2012 inquit,
951 1951 966 1977 ‘
989 1952 1132 2012 prior
1164 1951 1476 2000 existimatio
1499 1952 1590 2001 tie-

531 2030 629 2079 ret,
661 2025 711 2073 ni
750 2038 917 2072 rursus
940 2026 1035 2073 alia
1060 2024 1328 2075 difficultas
1351 2041 1588 2076 occurre·

532 2098 646 2149 ret.’
739 2101 938 2150 Plinius
981 2110 1176 2164 noster,
1221 2105 1390 2166 Epist.
1433 2118 1496 2153 ιι.
1539 2111 1588 2155 5.

531 2176 546 2202 ‘
575 2175 635 2224 In
669 2177 858 2226 ceteris
891 2180 1183 2229 actionibus
1220 2182 1587 2232 existimationi

532 2253 793 2301 hominum
834 2254 1105 2315 diligentia
1138 2265 1335 2305 tantum
1374 2267 1426 2306 et
1457 2258 1587 2306 fides

530 2337 702 2377 nostra
727 2346 741 2388 ;
777 2332 825 2378 in
853 2334 944 2378 hac
968 2333 1121 2379 etiam
1149 2334 1333 2393 pictas,
1352 2335 1589 2397 subjicie-

529 2405 650 2454 tur.'
721 2408 933 2456 Passive
967 2409 1032 2456 ad
1068 2408 1319 2460 ‘faniam'
1352 2421 1404 2461 et
1439 2416 1455 2440 ‘
1477 2413 1588 2477 dig·

529 2484 777 2532 nitatem’
812 2486 1056 2547 pertinet,
1082 2494 1137 2534 et
1172 2488 1436 2537 Gallorum
1475 2491 1585 2539 voci

451 2551 454 2556 ’
526 2560 1325 2623 νεηοηι,νέριιὲαἱίοηηεεροιιάεῐ.
1374 2566 1589 2613 Sueton-

530 2638 665 2684 Caes.
703 2649 819 2697 cap.
841 2640 924 2682 75.
969 2636 1327 2685 ‘Carminibus
1375 2640 1586 2688 maledi·

527 2712 835 2760 centissimis
861 2713 1134 2761 laceratam
1155 2715 1584 2766 existimationem

527 2803 669 2838 suain
694 2790 830 2838 civili
859 2790 1026 2837 auimo
1050 2790 1205 2839 tulit.'
1259 2793 1395 2840 Pliu.
1418 2794 1586 2854 Epist.

526 2880 591 2916 ιι.
614 2871 662 2915 9.
695 2871 710 2896 ⁶
736 2867 861 2916 Mea
900 2868 1233 2927 existimatio,
1266 2884 1380 2918 mea
1416 2870 1582 2933 digui-

526 2952 623 2998 tas,
647 2945 698 2992 in
721 2944 994 2993 discrimen
1022 2945 1331 2994 adducitur)
1400 2947 1503 2995 Pro
1532 2964 1586 2995 re

524 3031 647 3069 nata
689 3023 851 3085 possit
891 3023 1138 3072 utralibet
1175 3024 1480 3085 significatio
1517 3026 1581 3073 ad

525 3101 660 3149 hunc
706 3099 871 3150 locum
919 3101 1184 3162 applicari.
1276 3102 1497 3165 Nempe,
1541 3105 1582 3152 si

523 3192 636 3225 cum
667 3178 857 3237 Fabro,
891 3178 1206 3232 Boxltornio,
1229 3185 1282 3225 et
1307 3178 1421 3226 aliis
1442 3179 1583 3241 legas

522 3256 580 3303 de
633 3270 720 3302 sua
769 3254 1119 3304 existimatione
1170 3255 1384 3312 soliciti‚·
1438 3264 1583 3318 tuuc,

523 3336 539 3360 ‘
565 3332 908 3382 existimatio'
946 3340 1150 3383 notaret
1180 3336 1382 3390 samam,
1415 3344 1488 3397 et,
1526 3344 1584 3386 ut

522 3408 598 3456 ita
631 3407 830 3469 loquar,
872 3413 1267 3471 reputationem.
1334 3412 1437 3460 Sed
1472 3413 1581 3460 nul-

520 3483 601 3529 lus
625 3481 789 3530 codex
815 3485 916 3531 Ms.
937 3499 1104 3545 neque
1132 3488 1449 3551 antiquiores
1473 3489 1581 3537 edi·

522 3562 686 3609 tiones
738 3560 928 3609 liabent
971 3562 1094 3610 illud
1140 3579 1437 3624 pronomen,
1476 3582 1580 3615 sua.

523 3637 651 3686 Cum
678 3649 798 3684 vero
824 3637 999 3699 utique
1024 3642 1075 3685 in
1105 3640 1334 3700 plurimis
1369 3644 1580 3706 scriptis

520 3713 889 3776 impressisque
945 3713 1091 3762 libris
1135 3716 1362 3778 legamus
1400 3721 1457 3767 de
1495 3727 1580 3770 tua

518 3791 891 3846 existimatione,
936 3789 1027 3839 hic·
1060 3792 1221 3839 multo
1267 3796 1578 3845 commodio-

520 3884 626 3916 rem
677 3868 843 3915 locum
890 3867 1045 3915 habet
1093 3870 1235 3917 notio
1281 3872 1473 3933 activa,
1520 3882 1579 3924 ut

520 3946 838 4007 significetur
863 3945 1034 4009 opinio
1069 3952 1123 3995 et
1147 3945 1435 4008 judicium3
1469 3950 1578 4001 sive

517 4022 588 4077 id,
632 4020 766 4086 quod
809 4019 1060 4083 'l'rajanus
1110 4021 1318 4083 judicet
1362 4026 1577 4075 sentiat·

518 4113 637 4162 que,
664 4098 729 4146 de
753 4098 857 4145 vita
894 4112 955 4146 ac
994 4097 1217 4148 moribus
1244 4100 1580 4163 litigatorum.

520 4175 639 4224 Hoc
680 4175 893 4236 Trajani
920 4175 1174 4237 judicium
1218 4180 1379 4228 multo
1416 4180 1580 4243 tnagis

522 4249 832 4299 verebantur
853 4251 1139 4315 litigatores
1163 4252 1265 4317 isti,
1292 4270 1445 4320 quam
1470 4270 1580 4305 om-

1244 341 1458 390 No'rAE
1507 342 1549 386 V
1566 340 1913 390 amotum
1968 342 2046 389 m

1684 498 1796 534 nem
1820 485 1969 534 aliam
1993 487 2072 534 sui
2094 485 2542 535 existimationem.
2595 486 2737 536 Inde

1681 563 1819 611 Plin.
1843 563 2008 625 Epist.
2036 576 2092 611 x.
2113 567 2163 612 8.
2189 563 2342 621 dixit,
2373 562 2390 589 ‘
2414 562 2478 611 ad
2502 562 2734 612 testimo·

1680 641 1817 689 nium
1842 639 2147 705 laudemque
2172 654 2368 688 morum
2388 654 2593 687 suornm
2614 654 2733 701 per-

1682 717 1868 777 tinere,
1910 724 2015 765 tam
2062 717 2181 765 boni
2244 717 2492 779 principis
2531 716 2732 779 jndicio

1678 792 1741 855 (i.
1762 807 1810 842 e.
1829 793 2237 858 existimatione)
2258 793 2538 842 exornari!
2597 792 2735 842 Hinc

1679 869 1695 897 ‘
1719 869 2149 919 existimationes’
2189 878 2244 918 et
2291 870 2308 896 ‘
2332 869 2566 932 judicia'
2609 885 2736 918 con-

1670 946 1846 1009 jungit
1885 947 1995 995 Cic.
2036 948 2099 995 ad
2139 948 2205 997 Q.
2243 948 2387 996 Frat.
2409 960 2449 995 ι.
2480 950 2531 995 ,1.
2564 948 2580 972 ‘
2609 948 2733 996 Non

1678 1031 1756 1070 est
1796 1022 1888 1070 tibi
1920 1023 1997 1071 his
2029 1024 2148 1072 solis
2189 1024 2434 1073 utendum
2470 1023 2734 1073 existina-

1677 1098 1898 1148 tionibus
1932 1114 1994 1150 ac
2019 1100 2248 1162 judiciis,
2285 1099 2372 1164 qui
2412 1112 2551 1148 nunc
2590 1107 2730 1160 sunt,

1674 1177 1952 1233 hominum.
1997 1179 2088 1226 sed
2132 1177 2194 1226 iis
2231 1179 2388 1226 etiam
2422 1179 2510 1241 qni
2564 1177 2731 1226 futuri

1676 1253 1827 1303 sunt.'
1893 1256 2189 1319 Saepissime
2228 1263 2402 1304 antem
2438 1268 2470 1302 a
2506 1254 2727 1304 librariis

1674 1333 1921 1383 confundi
1947 1335 2149 1383 nomina
2181 1335 2196 1361 ‘
2215 1334 2618 1382 existimationis
2637 1332 2650 1352 ’
2671 1341 2729 1382 et

1673 1411 1689 1438 ‘
1711 1408 2106 1465 aestimationis,'
2136 1411 2360 1473 itemque
2404 1408 2565 1457 verba
2598 1411 2615 1436 ⁸
2637 1423 2721 1458 ex·

1674 1488 1904 1536 istimare
1925 1486 1940 1508 '
1969 1496 2024 1536 et
2062 1488 2079 1513 ‘
2108 1485 2405 1541 oestimare‚’
2428 1486 2544 1549 jans
2568 1499 2729 1534 anno-

1673 1570 1845 1613 tarunt
1870 1563 2199 1613 casaubonus
2220 1570 2275 1611 et
2301 1562 2628 1610 Burmannus
2659 1561 2727 1609 ad

1671 1641 1885 1688 Sueton.
1923 1638 2057 1699 Aug.
2100 1654 2215 1699 cap.
2238 1642 2286 1686 3.
2323 1645 2379 1685 et
2412 1632 2727 1687 Ar‘nttenius

1672 1716 1735 1763 ad
1763 1714 1888 1764 Aur.
1909 1715 2104 1763 Victor.
2131 1715 2264 1763 Caes.
2284 1728 2403 1777 cap.
2422 1718 2507 1763 28.
2542 1715 2694 1763 Iden.

1740 1792 2126 1855 Existimatione]
2181 1794 2517 1842 AEstinsetiosie
2563 1794 2725 1845 usin.

1670 1871 1719 1920 in
1757 1880 1939 1932 textu3
1973 1872 2064 1920 sed
2103 1872 2155 1920 in
2190 1872 2440 1934 margine,
2480 1872 2728 1920 existina-

1671 1950 1795 1998 tione
1813 1950 1874 1999 C.

1733 2024 2121 2088 Existimatione]
2155 2025 2285 2073 Tam
2323 2030 2377 2072 te
2409 2023 2615 2073 scilicet
2643 2038 2723 2072 re-

1667 2114 1931 2162 verentur,
1965 2114 2210 2167 tuamque
2233 2103 2499 2160 virtutem,
2525 2112 2584 2153 ut
2615 2119 2721 2152 ina·

1664 2184 1757 2231 lint
1813 2198 1966 2244 opum
2014 2183 2292 2244 jacturam,
2341 2195 2494 2244 quain
2549 2179 2722 2234 fame,

1664 2259 1796 2322 apud
1825 2269 1875 2307 te
1898 2258 2087 2307 facere.
2124 2258 2257 2319 Lips-

1729 2338 1806 2385 De
1840 2342 1923 2384 tua
1955 2332 2324 2396 existimatione]
2358 2334 2436 2383 De
2475 2339 2559 2383 tim
2594 2335 2723 2382 esti·

1662 2414 1865 2463 macione
1898 2413 2023 2461 edit.
2058 2412 2219 2460 Rhen-
2255 2413 2346 2461 sed
2380 2413 2440 2460 de
2471 2426 2559 2460 m
2591 2413 2721 2460 esti·

1661 2492 1882 2546 mantione.
1905 2491 1972 2539 ob
1997 2490 2045 2538 id
2070 2488 2206 2555 qnod
2237 2491 2495 2552 sequitur,
2528 2493 2545 2517 ⁸
2564 2504 2718 2554 quam

1661 2568 1780 2631 quid
1806 2568 1870 2615 de
1896 2567 2118 2616 moribus
2141 2565 2368 2614 sentias.'
2402 2566 2572 2615 Faber.

1727 2645 1804 2692 De
1825 2643 2028 2692 moribus
2049 2641 2251 2703 sentias]
2285 2642 2479 2691 Nescio
2503 2656 2606 2705 qua
2641 2642 2714 2690 in·

1662 2720 1913 2780 temperie
1960 2721 2062 2765 aeti
2106 2718 2301 2767 librarii
2348 2719 2401 2765 in
2446 2718 2713 2766 codicibus

1664 2796 1946 2849 Vaticanis,
1984 2795 2283 2854 Parmensi,
2307 2795 2512 2843 Veneto
2535 2797 2583 2842 1.
2615 2795 2718 2843 Pa·

1662 2872 1856 2926 tavino,
1878 2881 1932 2919 et
1957 2871 2089 2920 libro
2109 2871 2377 2924 vossiano,
2401 2885 2496 2933 pro
2516 2871 2717 2932 sentias,

1661 2949 1980 3010 reposuerint
2007 2947 2275 2995 sententies.
2325 2953 2340 2973 “
2357 2946 2685 2995 Sententisre
2704 2946 2718 2967 '

1660 3032 1741 3072 est
1765 3025 1975 3073 verbum
1999 3025 2151 3071 medii
2176 3024 2293 3082 aevi,
2316 3030 2373 3071 et
2409 3023 2716 3085 plurmum

1658 3099 1845 3149 ferrea
1866 3100 2181 3161 Latinitatis3
2206 3098 2339 3164 qnod
2356 3099 2628 3149 Gerar-dos
2651 3101 2717 3147 de

1659 3179 1939 3236 Schueren‚
1964 3177 2314 3226 Cancellarius
2343 3176 2639 3230 Cliviensis,
2663 3177 2716 3224 in

1656 3256 1869 3319 antiquo
1894 3253 2161 3304 Glossario
2180 3268 2263 3303 an.
2291 3256 2438 3304 1477.
2482 3253 2718 3301 Colonia

1657 3332 1925 3392 impresso,
1963 3332 2332 3392 interpretatus
2366 3337 2465 3386 est,
2498 3331 2588 3377 snit
2626 3332 2718 3378 den

1655 3408 1821 3457 cirinen
1850 3412 1944 3457 wat
1978 3409 2186 3457 orddex·
2247 3407 2465 3456 Carolus
2486 3407 2715 3469 cangius
2766 3423 2773 3432 ·

1656 3487 1707 3535 in
1745 3486 2004 3535 Glossario
2042 3486 2214 3534 Latin.
2248 3484 2474 3547 explicat
2505 3482 2561 3532 id
2598 3497 2717 3532 ver-

1656 3563 1795 3626 bum,
1820 3566 1836 3592 ‘
1859 3560 2214 3617 sententiare.’
2251 3575 2347 3625 per
2365 3563 2381 3590 ‘
2398 3562 2715 3611 sententiam

1656 3638 1924 3705 proferre?
1989 3643 2005 3668 ‘
2052 3639 2342 3699 opinionem
2415 3638 2715 3701 promere;'

1654 3719 1868 3782 ejusque
1899 3716 2046 3766 verbi
2078 3712 2231 3764 affert
2267 3715 2510 3778 exempta
2532 3729 2596 3763 ex
2625 3715 2716 3765 At-

1653 3795 1803 3845 berto
1822 3792 2062 3842 stadensi
2090 3806 2173 3840 sn.
2197 3795 2347 3841 1179.
2381 3806 2447 3840 ex
2477 3791 2712 3852 Rigordo

1654 3887 1735 3921 an.
1762 3874 1904 3919 1209.
1934 3878 1990 3918 et
2028 3869 2139 3917 aliis
2162 3868 2435 3918 similibus.
2500 3867 2610 3917 Sed
2635 3883 2715 3917 ro·

1654 3948 1916 3998 tinendum
1935 3957 2016 3996 est
2034 3947 2256 3996 melioris
2277 3947 2578 3996 Latinitatis
2599 3960 2710 3996 ver-

1653 4022 1772 4072 bum
1793 4024 1990 4085 sextias,
2010 4024 2043 4072 i.
2067 4038 2117 4071 e.
2151 4022 2490 4085 ‘existimes,’
2524 4033 2540 4054 ⁸
2562 4021 2706 4086 jndi-

1651 4100 1773 4149 ces.'
1840 4098 2054 4149 Interim
2085 4113 2150 4147 ex
2181 4097 2473 4161 hujusmodi
2496 4112 2706 4160 eorrup-

1655 4177 1771 4226 telis
1809 4177 2114 4240 colligimus,
2152 4176 2338 4239 quibus
2374 4174 2579 4223 seculis
2616 4173 2707 4222 isti

1651 4252 1856 4304 codices
1896 4253 2001 4301 sint
2042 4250 2243 4315 scripti,
2277 4258 2332 4299 et
2374 4250 2705 4314 quemadmo-
