3060 4902
760 420 828 465 Ο.
877 417 1117 466 ΡΙΛΝΙΙ
1166 416 1500 466 sssoUNnt
1552 419 1830 467 PANEG.

320 562 439 611 istas
465 574 618 611 voees
644 573 800 625 ηερε
829 561 1098 625 confundi,
1123 562 1391 613 Draekeu·

322 638 523 699 bergina
559 638 627 687 ad
664 638 761 687 Sil.
801 652 899 687 xv.
933 643 1047 688 229.
1083 640 1394 689 observavit.

318 715 388 765 At
404 717 693 774 enimvero,
708 716 760 762 in
779 716 1017 764 omnibns
1038 725 1208 763 tamen
1229 718 1392 778 aerip-

322 792 384 841 tit
442 792 815 854 impressisque
871 792 1021 853 liujus
1078 792 1392 854 panegyrici

319 869 726 931 exemplaribus,
760 868 890 915 mira
934 871 1222 917 constantia
1267 870 1391 929 legi·

320 960 432 993 mus
455 947 675 1005 αϊενιιὶι,
698 944 858 1007 idque
893 946 1192 994 rectissime.
1262 945 1392 993 Haec

321 1022 458 1070 euim
502 1032 626 1069 tune
665 1022 874 1084 publica
906 1022 1112 1070 videtur
1146 1021 1393 1084 loquendi

322 1096 546 1147 formula
587 1096 778 1157 fuisse3
826 1098 891 1146 de
930 1113 1029 1160 qua
1063 1099 1175 1160 jam
1218 1112 1394 1159 supra,

321 1176 386 1224 ad
434 1188 603 1224 xxix.
647 1180 694 1222 1.
734 1189 836 1224 nou
879 1175 1004 1223 nibil
1049 1174 1178 1222 dixi.
1261 1173 1392 1223 lude

322 1253 463 1300 enim
499 1255 552 1300 iu
588 1253 808 1301 nummis
842 1251 1134 1310 dicebatur,
1160 1264 1393 1299 annona

320 1341 605 1390 amanam,
656 1342 1025 1378 Aavrtuaarta
1081 1340 1393 1386 reare-rvi,

322 1418 566 1453 ausona
610 1418 920 1455 eaaemva.
1005 1406 1076 1453 Et
1120 1406 1196 1454 sic
1239 1405 1392 1451 etiam

323 1482 472 1543 alibi,
517 1482 655 1545 quod
714 1482 1036 1537 continuum,
1083 1489 1138 1530 et
1197 1481 1391 1529 uberri-

323 1574 462 1608 mum
501 1568 606 1621 eat,
646 1573 743 1607 nee
780 1556 939 1607 facile
970 1567 1162 1613 cessat,
1201 1557 1395 1604 dicitur

324 1644 605 1697 tter-uum,
640 1634 1031 1696 sempiternum,
1064 1642 1392 1697 perpetuum.

324 1712 483 1773 Apud
528 1711 707 1760 Plaut.
751 1712 910 1760 Most.
954 1725 990 1759 t.
1035 1715 1086 1759 3.
1121 1714 1203 1758 67.
1238 1717 1250 1737 ·
1280 1710 1395 1758 Erit

319 1790 495 1838 victua
520 1788 617 1837 tibi
645 1787 1028 1851 sempiternus!
1078 1788 1236 1847 Item,
1258 1788 1394 1849 Cap·

322 1867 416 1916 tiv.
449 1880 533 1915 lv.
569 1871 617 1918 l.
650 1869 729 1915 18.
769 1868 784 1894 ⁸
806 1867 990 1928 Spero,
1028 1878 1109 1913 me
1151 1865 1216 1912 ob
1260 1864 1395 1911 bunc

318 1945 563 1993 nuntium
585 1952 833 1993 eternum
859 1943 1166 2004 adepturum
1190 1940 1397 1989 cibum.’

324 2020 408 2071 Ad
446 2034 604 2083 quem
646 2020 815 2068 locum
859 2020 972 2068 haee
1017 2025 1395 2067 commentatus

318 2106 405 2148 eat
443 2097 804 2147 Boxborniua:
841 2096 1087 2145 ‘AEterna
1126 2093 1392 2157 dicuntur,

319 2181 413 2224 aut
434 2189 553 2239 qun
580 2188 760 2223 revera
785 2175 926 2229 talia,
951 2181 1006 2221 ut
1032 2172 1139 2228 Dii,
1162 2178 1250 2220 aut
1275 2185 1393 2234 quoe

321 2262 446 2302 voto
483 2252 612 2300 talia
642 2249 883 2307 facimus,
906 2257 962 2299 nt
1000 2250 1281 2313 principes,
1306 2255 1394 2297 aut

322 2344 440 2392 quae
465 2325 816 2388 effertisaima‚
835 2326 1114 2380 uberrima,
1142 2339 1202 2372 ac
1231 2339 1392 2387 prope

321 2406 642 2456 inexhausta
676 2411 818 2465 aaut,
840 2411 900 2454 ut
933 2403 1098 2465 cibus,
1123 2404 1216 2450 boc
1242 2400 1395 2450 loco.'

319 2483 389 2533 Et
414 2485 551 2533 bene
574 2483 676 2532 bue
696 2480 825 2531 facit
851 2483 992 2530 locus
1019 2480 1200 2531 Rutilii
1224 2493 1260 2529 t.
1279 2483 1392 2529 145.

320 2561 391 2611 ab
427 2559 715 2610 Arutzeuio
750 2565 1053 2607 annotatus:
1089 2558 1104 2584 ⁸
1127 2555 1390 2604 AEteruum

320 2638 414 2686 tibi
441 2637 656 2686 Rbeuua
679 2640 810 2691 aret.
837 2635 930 2684 tibi
958 2635 1109 2683 Nilus
1139 2631 1392 2681 inundet.'

317 2713 408 2762 sie
428 2714 531 2763 boe
550 2713 666 2761 loco
681 2712 837 2762 etiam
860 2714 1210 2760 ‘commeatus
1239 2716 1392 2757 aeter-

317 2789 401 2842 ni’
424 2789 696 2839 dicuntur.
766 2789 866 2837 Ubi
890 2789 906 2815 ⁸
926 2791 1273 2837 commeatus'
1302 2800 1390 2847 ge-

318 2866 546 2916 neratim
581 2872 663 2914 eat
701 2879 922 2927 annona,
944 2872 997 2912 et
1033 2864 1183 2925 copia
1207 2861 1393 2910 cibari·

320 2958 490 3005 urum,
511 2942 580 2992 ad
617 2942 912 2992 alimoniam
949 2941 1277 3004 reipublice,
1302 2947 1393 2987 aut

320 3022 607 3077 exercitus,
631 3026 721 3068 aut
755 3020 914 3068 etiam
950 3018 1269 3082 privatorum
1305 3016 1392 3063 Ιιο-

320 3098 541 3157 minum,
581 3094 975 3159 pertinentium,
1011 3110 1129 3158 quae
1173 3094 1254 3143 vel
1303 3106 1392 3156 pe·

319 3173 488 3224 deutri
524 3173 736 3236 itinere,
761 3172 845 3221 vel
878 3171 1114 3227 navibus,
1150 3170 1285 3218 ultro
1319 3169 1392 3216 ci—

320 3257 512 3316 troque
544 3256 868 3308 commeaut;
906 3256 962 3297 ut
992 3247 1161 3311 Hegio
1192 3244 1391 3293 Plauti·

318 3341 420 3380 uua
460 3325 708 3390 loquitur,
744 3324 901 3387 Capt.
937 3336 975 3372 1.
1009 3328 1058 3371 2.
1079 3325 1162 3371 82.
1200 3325 1214 3350 ⁸
1238 3321 1391 3369 Meua

320 3417 626 3468 scruposam
683 3402 852 3450 victua
906 3406 1161 3449 commeat
1207 3397 1393 3447 viam.’

319 3481 411 3531 δὶα
445 3479 654 3529 Hirtius
685 3476 753 3526 de
787 3477 848 3525 Β.
874 3476 1021 3525 Alex.
1047 3491 1093 3524 c.
1114 3479 1195 3524 85.
1220 3477 1235 3503 ⁸
1256 3476 1391 3537 Cap·

322 3556 567 3623 padocia,
599 3554 677 3604 bia
698 3554 844 3617 jugia
875 3553 1130 3615 aubjecta,
1154 3566 1388 3612 magnam

319 3642 646 3686 commeatus
668 3631 873 3694 copiam
897 3635 1009 3677 erat
1032 3628 1390 3676 subministra·

320 3712 479 3764 tura}
526 3712 717 3774 Neque
740 3721 865 3758 vero
890 3708 1051 3756 tolum
1073 3703 1387 3754 frumentum

319 3802 501 3853 notan
534 3789 629 3840 aed
649 3796 704 3838 et
729 3787 1074 3852 quodcunque
1108 3784 1172 3833 ad
1196 3784 1387 3833 victum

319 3878 374 3920 et
406 3865 831 3919 commoditatem
871 3863 989 3912 vitae
1023 3860 1171 3910 facit.
1239 3859 1390 3909 Unde

321 3946 499 3997 Cesar
523 3945 587 3994 Β.
610 3942 724 3993 Civ-
743 3953 834 3990 ιιι.
859 3942 941 3988 50.
964 3939 980 3965 ⁸
1001 3936 1221 3988 Caesaris
1242 3949 1389 3984 exer·

321 4025 460 4074 citu·
495 4021 696 4086 optima
734 4016 1057 4074 valetudiue,
1088 4028 1388 4079 summaque

321 4114 471 4165 aqna
494 4099 665 4162 eopia,
686 4094 968 4152 utebatur3
1004 4099 1111 4140 tum
1133 4104 1389 4140 commea·

326 4188 406 4228 tua
429 4177 564 4227 omui
589 4185 808 4239 genere.
834 4179 1024 4233 praeter
1055 4167 1389 4228 frumentum,

325 4250 667 4305 abundaban'
758 4249 832 4297 Et
887 4245 1090 4305 Justin.
1139 4256 1294 4293 xxiv.
1339 4246 1390 4292 7.

322 4332 457 4382 ‘Ubi
489 4330 712 4396 primum
749 4325 893 4378 vino,
929 4321 1217 4387 ceterisque
1253 4333 1390 4372 coru·

1907 420 1958 468 1.
1989 401 2097 469 32.
2402 404 2534 471 613

1467 562 1743 623 meatibus,
1764 562 1960 612 referta
1984 576 2106 612 rura
2127 563 2360 613 invenit.'
2426 565 2533 615 Sed

1467 642 1481 667 ⁸
1500 639 1840 688 commeatua’
1862 642 2015 688 etiam
2041 640 2350 692 dicebantur
2373 657 2534 691 navet

1469 717 1665 777 plures,
1688 718 1794 761 aive
1817 719 2025 773 cta-see,
2052 733 2166 778 quoe
2201 720 2535 766 commercio·

1470 808 1579 839 rum
1620 808 1799 839 caussa
1832 796 1968 840 ultro
2004 798 2240 854 citroque
2278 810 2534 842 commea-

1469 869 1614 931 bant,
1650 879 1703 915 et
1742 885 1854 916 cum
1894 872 2143 923 immines,
2169 883 2273 917 tum
2308 871 2534 918 sunnen-

1470 952 1599 1004 tttm,
1641 946 1869 1002 aliasque
1911 959 1992 990 rea
2038 956 2089 991 et
2134 960 2331 993 merces
2380 948 2532 994 velte·

1470 1022 1611 1068 bant.
1679 1021 1762 1069 Ita
1797 1023 1974 1069 Cam-ar
2008 1022 2071 1069 B.
2108 1021 2174 1068 G.
2215 1037 2264 1070 v.
2292 1026 2407 1070 23.‘
2433 1026 2537 1072 Ex·

1466 1100 1685 1145 ercitum
1724 1097 1928 1145 reducit
1964 1098 2027 1145 ad
2068 1112 2242 1157 mare;
2278 1112 2437 1146 naves
2461 1102 2534 1148 in·

1468 1176 1609 1221 venit
1646 1173 1889 1222 refectas.
1919 1209 1931 1222 .
1960 1206 1971 1221 .
1999 1175 2198 1223 duobus
2233 1179 2537 1224 commeati-

1468 1248 1562 1297 bus
1600 1251 1885 1298 exercitum
1926 1257 2192 1313 reportare
2227 1252 2537 1302 constitnit!

1468 1327 1554 1375 Ita
1592 1329 1812 1377 celebria
1846 1337 1960 1378 erat
1994 1337 2348 1379 ‘commeatus
2378 1332 2535 1379 Alex-

1467 1403 1752 1465 andrinus,’
1791 1408 1899 1454 aive
1938 1408 2116 1455 elassis
2159 1407 2536 1457 Alexandrina.

1469 1481 1800 1542 Navigabam
1856 1483 1990 1530 enim
2050 1498 2114 1532 ex
2171 1483 2539 1535 florentissimo

1468 1557 1722 1617 emporio,
1782 1556 2102 1606 Alexandria
2156 1559 2540 1621 AEgyptiorum,

1468 1634 1517 1680 in
1546 1633 1774 1693 Italiam,
1801 1633 1999 1694 ingenti
2026 1647 2259 1694 numero,
2278 1649 2380 1698 qua
2406 1648 2538 1682 mer-

1469 1713 1631 1769 cibus,
1676 1727 1775 1776 qua
1832 1725 2055 1772 annona,
2102 1720 2306 1761 onustae
2364 1725 2538 1761 naves.

1471 1792 1687 1839 Sueton.
1725 1791 1852 1839 Ner.
1883 1803 2003 1850 cap.
2025 1794 2107 1837 20.
2140 1791 2155 1817 ⁸
2175 1789 2537 1849 Alexandrini,

1469 1867 1555 1930 qui
1608 1866 1675 1913 «le
1728 1879 1861 1913 novo
1917 1873 2210 1913 commeatu
2257 1865 2538 1927 Neapolim

1469 1940 1872 1994 coufluxeraut.'
1942 1941 2272 1990 Casaubonus
2308 1941 2372 1989 ad
2409 1942 2537 1991 Sue·

1469 2030 1577 2071 tou.
1604 2020 1739 2083 Aug.
1776 2035 1891 2083 cap.
1919 2023 2001 2068 98.
2035 2020 2209 2075 docet,
2243 2019 2539 2082 hujusmodi

1470 2107 1813 2150 commeatum
1873 2097 2060 2147 Graece
2119 2098 2317 2148 dictum
2372 2095 2537 2146 fuisse

1467 2175 1740 2236 τορευτικὸν
1792 2172 1992 2238 στόλον,
2049 2174 2173 2223 item
2242 2172 2535 2222 κατάπλουν.

1470 2253 1716 2301 Schwarz.

1548 2331 1793 2376 Orientem
1847 2327 2222 2388 occidentemque
2275 2324 2537 2388 connectit]

1469 2406 1656 2469 Supra.
1691 2404 2167 2467 ‘Disjunctissimas
2215 2409 2379 2450 terras
2427 2417 2539 2450 mu-

1468 2483 1750 2533 nificeutiae
1798 2482 2007 2544 ingenio
2052 2482 2195 2530 velut
2241 2481 2536 2544 admovere,

1470 2561 1823 2624 immensaque
1862 2558 2033 2622 spatia
2068 2558 2381 2607 iiberalitate
2415 2571 2538 2605 con-

1470 2638 1696 2687 trahere.
1721 2636 1735 2657 ’
1805 2638 2044 2696 Rursum,
2076 2641 2089 2662 ⁸
2112 2636 2454 2700 Rhenumque
2483 2642 2539 2684 et

1471 2715 1787 2778 Euphratem
1830 2713 2190 2762 admirationis
2226 2721 2329 2762 tuae
2371 2714 2537 2762 socie-

1469 2797 1581 2839 tate
1636 2789 2026 2854 conjungeret)
2099 2791 2167 2839 Et
2229 2790 2295 2837 ab
2351 2789 2537 2837 eadem

1469 2873 1646 2916 mente
1700 2867 1907 2921 iterum,
1940 2867 2111 2913 ‘Cum
2154 2865 2427 2913 Danubius
2470 2866 2538 2913 ri-

1469 2959 1561 3008 pas
1597 2945 1712 3005 gelu
1740 2942 1957 3006 jungit?
2027 2942 2258 2990 Achilles
2295 2957 2379 3003 ap.
2403 2942 2541 2990 Stat.

1469 3019 1656 3069 Achill.
1699 3021 1788 3068 lib.
1826 3021 1923 3066 ιμ’
1947 3019 2101 3066 Nunc
2142 3019 2298 3066 docet
2337 3019 2538 3078 ingenti

1467 3099 1605 3145 aaltu
1648 3113 1727 3145 me
1759 3097 1983 3158 jungere
2019 3093 2222 3143 fossas!
2287 3095 2379 3142 Sil.
2417 3094 2539 3142 Ital.

1468 3174 1558 3223 lib.
1585 3188 1677 3223 xv.
1701 3176 1716 3202 ‘
1739 3173 2079 3236 demersaque
2117 3173 2166 3218 in
2199 3170 2384 3220 undam
2409 3170 2539 3222 Jun-

1468 3261 1653 3300 xerunt
1699 3252 1905 3300 cumulo
1960 3256 2229 3298 crescente
2273 3248 2538 3298 cadavera

1469 3324 1647 3389 ripas)
1700 3326 1927 3373 Pacatus
1950 3325 2000 3372 in
2020 3325 2276 3373 Tbeodos.
2298 3332 2312 3353 ⁸
2333 3338 2535 3373 amnem

1467 3402 1640 3452 nando
1673 3399 2056 3464 conjungeret!
2126 3401 2320 3448 Lucan.
2345 3401 2436 3449 lib.
2461 3413 2538 3451 vt.

1466 3481 1481 3507 ‘
1503 3481 1606 3527 Tot
1637 3486 1855 3543 potuere
1891 3489 2069 3524 manus
2104 3476 2396 3537 adjungere
2420 3477 2537 3526 Set·

1468 3564 1557 3605 ton
1582 3553 1805 3618 Abydo!
1870 3552 2019 3609 Mox,
2051 3567 2143 3614 qua
2176 3551 2346 3614 ubique
2365 3552 2539 3612 seran.

1466 3639 1566 3693 tur,
1607 3646 1801 3695 queque
1851 3635 2156 3694 expetuntur,
2205 3631 2535 3693 probaverim

1464 3709 1607 3772 legi3
1639 3717 1797 3772 atque
1834 3709 1910 3757 ita
1944 3715 2024 3756 est
2058 3716 2113 3756 et
2150 3708 2201 3754 iu
2239 3708 2308 3757 G.
2336 3707 2398 3755 R.
2432 3722 2536 3757 non

1451 3785 1626 3845 serunt
1658 3791 1706 3834 et
1738 3790 1983 3846 expetunt,
2010 3785 2142 3847 quod
2166 3786 2229 3832 V.
2257 3786 2317 3832 C.
2343 3800 2538 3849 repra!-

1466 3869 1695 3911 aeutant.
1763 3862 1951 3924 Neque
2004 3861 2217 3909 dubium
2268 3869 2366 3916 est,
2411 3861 2535 3925 quin

1465 3939 1554 3987 illo
1579 3938 1899 4001 singulorum
1929 3938 2078 3999 priva
2103 3945 2155 3983 et
2181 3937 2422 3999 indigena
2450 3938 2539 3986 bo·

1465 4029 1550 4071 na,
1583 4016 1683 4063 hoc
1716 4015 2018 4076 importata,
2050 4018 2102 4059 et
2128 4011 2312 4075 quibus
2348 4012 2538 4073 singuli

1464 4090 2074 4154 careant,desiguentur.
2117 4087 2437 4150 Quamquam
2452 4089 2538 4148 (ut

1464 4170 1563 4216 hoc
1608 4168 1798 4216 iterum
1852 4161 2132 4225 inculcem)
2173 4161 2539 4226 ποιητικώτερον

1466 4245 1663 4294 dictum
1711 4242 1963 4303 seruntur,
2018 4254 2114 4303 pro
2166 4239 2538 4302 ‘gignuntnr,'

1467 4329 1559 4376 aut
1583 4328 1596 4350 ⁸
1611 4317 1899 4372 habentur?
1949 4316 2074 4368 Vidi
2094 4319 2271 4382 etiam,
2289 4318 2375 4383 qui
2401 4331 2535 4381 prae.
