3060 4902
816 347 879 396 c.
929 344 1164 393 ΡωΝιι
1215 344 1544 394 snctmnr
1598 339 1870 421 pauno.
1947 348 1996 393 1.
2039 328 2145 395 80.

379 488 533 554 piunt
556 488 667 536 ha’c
692 487 894 549 Virgilii
916 503 930 537 ε
967 494 980 516 ‘
999 489 1126 537 Cum
1143 489 1352 550 Jupiter
1371 502 1440 536 se·

379 566 526 616 tbere
564 579 764 614 summo
788 565 1092 629 Despiciens
1131 580 1274 615 mare
1317 565 1438 614 veli-

378 645 572 705 volum,
598 650 864 704 terrasque
875 642 1150 703 jacentes.’
1177 644 1324 692 Beru-

383 749 388 752 ’
447 719 576 767 Fata
611 716 905 778 mortalium]
940 717 1202 767 Beneficio
1246 718 1439 782 aliquot

378 795 616 846 codicum
642 794 769 843 Mss.
807 809 992 858 nempe
1017 794 1258 843 Vaticani
1292 799 1437 843 3461.

377 872 569 921 Veneti
610 875 659 919 2.
695 870 1119 933 salisburgensis,
1156 872 1439 932 Guelplter·

377 948 581 1013 bytani,
602 947 860 1010 Patavini,
884 948 1001 1011 mei,
1034 956 1090 997 et
1123 949 1239 996 libri
1263 949 1439 997 Vossi-

378 1024 484 1086 ani,
518 1024 647 1072 banc
686 1023 958 1072 lectionem
996 1023 1207 1079 adscivi,
1230 1038 1345 1072 cunt
1385 1027 1437 1072 in

378 1104 570 1153 ceteris
595 1103 757 1163 libris,
795 1118 886 1168 pro
914 1118 1038 1152 voce
1053 1104 1187 1166 sala,
1211 1104 1439 1167 legamus

365 1179 524 1241 sacta.
594 1179 778 1228 Utrum
815 1194 931 1228 vero
952 1181 1235 1229 etiamtres
1261 1181 1438 1245 reliqui

378 1255 585 1306 codices
611 1257 851 1306 Vaticani
863 1257 1018 1319 sacta,
1043 1273 1106 1306 an
1126 1258 1260 1318 sala,
1282 1259 1435 1307 babe-

379 1343 487 1394 ant,
508 1332 723 1383 definire
761 1349 862 1383 nou
900 1350 1124 1398 possum,
1163 1351 1277 1384 cum
1313 1336 1435 1385 nibil

378 1410 446 1459 ad
481 1411 613 1460 hunc
638 1411 804 1459 locum
824 1419 1122 1461 annotatum
1149 1410 1433 1474 depreben-

377 1487 561 1537 derim.
630 1488 688 1536 In
713 1501 826 1535 meo
847 1488 1026 1537 codice
1048 1489 1228 1537 saltem
1254 1504 1433 1550 super·

378 1572 501 1614 sunt
525 1566 743 1627 vestigia
777 1565 988 1613 verioris
1013 1565 1269 1620 lectionis,
1293 1564 1432 1629 quod

375 1640 449 1690 ibi
474 1642 608 1704 lego,
625 1641 809 1700 satalia
831 1643 1116 1691 mortalium.
1173 1644 1431 1708 Frequen-

377 1717 574 1767 tissimo
591 1732 765 1767 errore
781 1720 1103 1770 librariorum
1120 1736 1273 1770 voces
1291 1723 1434 1782 istas,

374 1795 390 1820 ‘
406 1792 583 1850 facta,'
609 1804 664 1844 et
683 1797 700 1823 ‘
719 1795 862 1852 fata,’
884 1797 1019 1845 inter
1041 1814 1095 1846 se
1120 1799 1436 1861 permisceri,

378 1881 572 1934 praeter
597 1872 854 1935 alios,jam
871 1875 1142 1923 annotavit
1166 1874 1433 1923 Dracken-

376 1948 536 1998 borel·
561 1950 624 1997 ad
664 1950 758 1999 Sil.
780 1963 818 1998 ι.
841 1953 955 1999 277.
990 1961 1042 1998 et
1080 1964 1161 1999 xr.
1195 1957 1244 2002 9.
1313 1952 1434 2000 Νοιι

376 2023 694 2074 admisissem
733 2026 864 2075 hanc
904 2041 1088 2075 novam
1144 2027 1437 2089 lectionem,

372 2102 474 2152 nisi
496 2101 726 2151 eamdem
744 2109 819 2152 tot
834 2103 1038 2153 codices
1067 2104 1192 2153 Mss.
1219 2103 1435 2152 indicas-

374 2187 513 2239 sent,
547 2188 600 2229 et
641 2180 736 2229 nisi
763 2182 872 2244 ipsa
895 2181 1053 2230 Plinii
1078 2181 1235 2230 verba
1260 2183 1434 2244 vulga-

375 2263 443 2305 tae
469 2256 680 2305 lectioni
705 2255 966 2306 adversari
992 2256 1304 2305 viderentur.
1346 2258 1436 2306 Et·

374 2335 533 2395 enim,
568 2333 745 2383 ‘cura'
768 2335 976 2399 quidem
1002 2333 1279 2384 ‘factorum
1307 2350 1435 2384 mor-

377 2412 602 2468 talium:
644 2413 869 2478 itemque
916 2421 929 2441 ⁸
955 2412 1063 2462 fata
1106 2412 1436 2476 mortalium,'

375 2503 478 2539 non
506 2504 634 2539 vero
658 2492 770 2554 ipsa
794 2495 808 2518 ⁴
825 2490 967 2541 facta
990 2491 1320 2555 mortalium,’
1343 2508 1434 2541 nu·

375 2570 568 2616 merari
616 2575 830 2631 possunt
877 2571 892 2596 ⁶
919 2569 1054 2617 inter
1107 2583 1267 2632 opera
1303 2569 1433 2618 divi-

371 2642 477 2692 na.'
514 2643 706 2693 Adltaec
730 2645 955 2710 loquitur
976 2645 1177 2695 Plinius
1200 2647 1266 2695 de
1282 2647 1432 2703 Jove,

373 2719 521 2783 cnjus
554 2721 1286 2787 existimabatur,dispensare
1325 2722 1432 2774 fata

371 2796 647 2847 hominum.
713 2799 801 2848 Sic
837 2799 1083 2849 Arrianus
1119 2802 1182 2849 ad
1223 2802 1433 2865 Epicte-

375 2883 506 2937 tum,
531 2887 571 2923 1.
599 2879 677 2924 12.
701 2874 952 2939 ‘Indigne
975 2875 1110 2926 feres
1139 2885 1193 2927 et
1228 2880 1431 2943 impati-

371 2960 526 3002 enter
537 2967 617 3014 ea,
636 2968 749 3017 quae
769 2954 1052 3003 constituta
1075 2964 1194 3004 sunt
1218 2973 1246 3004 a
1268 2957 1434 3007 Jove?

373 3044 526 3092 quam
565 3029 675 3091 ipse
706 3044 820 3079 cum
846 3030 1028 3080 Parcis
1067 3034 1433 3097 praesentibus,

372 3120 435 3156 ac
460 3105 678 3155 definito
716 3108 974 3157 curriculo
1019 3110 1338 3158 volventibus
1371 3125 1432 3160 ac

373 3183 763 3248 definientibus,
796 3186 1082 3235 nativitatis
1115 3197 1216 3235 tuae
1242 3194 1432 3237 sortem

370 3261 681 3326 descripsit!
748 3262 959 3311 Latinus
983 3264 1229 3323 Pacatus,
1264 3265 1431 3313 Pane-

370 3353 484 3403 ηπ.
508 3339 570 3387 ad
595 3339 793 3387 Theod.
817 3339 950 3402 Aug.
970 3354 1084 3403 cap.
1112 3344 1190 3389 18.
1214 3347 1227 3368 ·
1249 3340 1349 3402 An,
1374 3349 1433 3391 ut

369 3416 446 3464 illi
469 3416 750 3480 majestatis
775 3423 876 3464 tuae
895 3417 1137 3478 participi
1163 3418 1431 3482 Deo,(Jo·

369 3493 470 3556 νὴ)
497 3490 737 3541 feruntur
772 3495 1014 3543 assistere
1054 3495 1180 3543 Fata
1204 3511 1320 3544 cum
1354 3504 1431 3544 ta-

370 3568 533 3630 bulis;
569 3570 641 3619 sic
683 3570 778 3619 tibi
804 3572 979 3634 aliqua
1003 3572 1078 3620 vis
1106 3572 1284 3621 divina
1309 3574 1430 3622 sub-

370 3649 551 3704 servit,
575 3662 712 3712 quae,
735 3648 870 3712 quod
899 3648 1110 3709 dixeris,
1131 3651 1344 3709 scribat,
1379 3659 1431 3700 et

370 3724 652 3785 suggerat?
676 3722 691 3744 '
725 3723 1040 3774 Claudianus
1065 3726 1126 3776 de
1152 3726 1300 3775 Bello
1321 3727 1430 3776 Gil-

369 3800 496 3850 don.
533 3815 607 3850 vs.
641 3804 759 3849 202.
795 3802 810 3827 ⁶
835 3800 946 3849 Iret
982 3802 1147 3850 adhuc
1185 3802 1234 3849 in
1272 3803 1431 3851 verba

370 3875 542 3938 dolor,
562 3876 660 3923 nisi
681 3877 894 3938 Jupiter
933 3877 1038 3926 alto
1062 3878 1315 3940 Coepisset
1351 3893 1429 3928 so·

369 3951 477 4000 lio:
516 3966 668 4000 voces
711 3952 979 4001 adamante
1022 3955 1234 4002 notabat
1277 3956 1430 4005 Atro·

370 4043 479 4091 pos,
494 4037 547 4077 et
566 4029 802 4078 Lachesis
812 4030 1068 4093 jungebat
1085 4032 1302 4081 stamina
1322 4032 1428 4082 dic-

371 4104 477 4154 tis.'
513 4104 596 4154 Ad
619 4121 769 4170 quem
795 4107 961 4156 locum
985 4109 1261 4158 Bartbius:
1299 4109 1429 4157 Par·

370 4196 477 4237 eas,
510 4183 698 4247 inquit,
719 4183 836 4234 Jovi
874 4200 1209 4235 amanuenses
1240 4194 1293 4236 et
1323 4185 1429 4236 dic-

372 4270 544 4314 torum
586 4263 697 4327 ejus
727 4265 1103 4329 exscriptrices'
1134 4265 1263 4318 facit
1297 4267 1430 4317 anti·

2439 331 2570 398 989

1512 488 1704 552 quitas,
1745 497 1803 537 ut
1841 489 2043 539 scilicet
2080 491 2131 538 in
2168 487 2391 539 fatorum
2431 493 2568 543 illico

1512 578 1779 613 numerum
1817 568 2071 631 venirent,
2095 582 2210 632 quse
2236 569 2466 618 elocutus
2489 585 2570 620 es·

1514 650 1594 690 set
1617 657 1840 692 summus
1861 646 2107 694 Deorum.
2144 646 2316 710 Atque
2339 647 2412 695 ita
2428 648 2571 697 Mar·

1517 720 1657 768 tiano
1681 720 1912 783 Capellae
1934 722 1998 769 de
2022 723 2189 785 Nupt.
2209 724 2510 786 Philol.‚lib.
2527 738 2567 776 ι.

1516 811 1635 859 pag.
1688 799 1764 844 17.
1798 797 2014 846 ‘Parcae
2057 798 2298 848 dicuntur
2343 800 2565 852 librariae

1514 887 1776 936 superum,
1800 874 2092 939 archivique
2116 874 2394 924 custodes.’
2438 879 2568 927 Cum

1515 952 1734 1014 primunt
1792 951 1922 1003 banc
1966 953 2274 1001 varietatem
2332 954 2569 1006 lectionis

1514 1027 1808 1091 proderem,
1833 1043 1944 1077 eam
1967 1029 2059 1077 viri
2084 1029 2224 1077 docti
2243 1029 2380 1077 haud
2405 1032 2566 1080 duxe-

1515 1113 1633 1152 runt
1660 1105 2026 1166 recipiendam.
2082 1105 2368 1166 Gesnerus,
2414 1107 2566 1156 ‘Fae-

1514 1185 1579 1237 ια,
1598 1181 1902 1236 mortalium,'
1939 1182 2120 1245 inquit,
2158 1186 2172 1209 ⁴
2193 1184 2425 1244 retineo;
2460 1198 2569 1233 ser·

1512 1271 1597 1305 mo
1632 1265 1711 1306 est
1752 1257 1816 1306 de
1842 1258 2116 1320 judicante
2146 1259 2393 1322 Trajan03
2429 1262 2566 1324 quod

1512 1348 1613 1382 non
1655 1335 1884 1397 pertinet
1918 1336 1980 1383 ad
2009 1334 2137 1396 fala,
2175 1336 2263 1384 sed
2301 1337 2364 1385 ad
2387 1337 2565 1395 sacta-⁹

1511 1411 1612 1459 Sed
1631 1426 1797 1459 sermo
1815 1412 2019 1460 omnino
2034 1411 2215 1472 ἀμέσως
2237 1425 2315 1462 est
2336 1417 2400 1463 de
2413 1415 2565 1472 Jove,

1511 1496 1725 1549 parente
1769 1488 1977 1547 mundi3
2027 1489 2091 1537 ad
2119 1504 2267 1551 quem
2312 1491 2566 1554 quomodo

1510 1564 1789 1627 tnytltologi
1833 1565 2106 1614 retulerint
2126 1565 2259 1625 sata,
2286 1568 2396 1629 jam
2435 1568 2566 1616 indi-

1508 1641 1640 1689 cavi.
1693 1642 2001 1690 Arntzenius
2023 1651 2194 1690 autem
2218 1643 2282 1691 de
2308 1645 2384 1691 bis
2408 1644 2567 1693 Plinii

1510 1719 1702 1778 verbis,
1735 1719 1962 1768 ‘Sensus
1999 1718 2118 1775 est‚’
2168 1721 2354 1783 inquit,
2391 1722 2567 1769 ‘inter

1509 1795 1686 1843 divina
1709 1809 1867 1857 opera
1909 1795 2137 1858 posuisse
2170 1796 2373 1857 Jovem,
2399 1805 2454 1845 ut
2479 1812 2567 1844 cn·

1511 1880 1650 1920 raret
1677 1871 1726 1919 id
1752 1873 1885 1934 quod
1911 1872 1961 1919 in
1985 1872 2135 1921 terris
2167 1883 2380 1934 agerent
2404 1874 2565 1925 bomi-

1509 1945 1641 1998 nes.'
1708 1949 1886 2004 Certe,
1910 1950 1950 1997 si
1977 1950 2049 1998 ita
2072 1950 2271 1999 locutus
2295 1961 2431 2000 esset
2457 1953 2567 2001 Pli-

1510 2028 1642 2087 nius,
1679 2042 1760 2075 res
1796 2037 1945 2076 extra
1982 2030 2380 2078 controversiam
2414 2027 2569 2079 foret.

1511 2101 1585 2150 At
1611 2117 1676 2151 ex
1718 2104 1912 2165 vulgari
1950 2105 2190 2160 lectione,
2220 2107 2430 2168 Jupiter
2464 2122 2563 2156 non

1511 2178 1701 2229 dicitur
1721 2195 1881 2229 caram
1899 2181 2144 2239 sactorum
2165 2185 2451 2242 mortalium,
2472 2185 2564 2232 sed

1513 2256 1625 2318 ipsa
1648 2255 1788 2315 sacla
1810 2258 2097 2319 mortalium,
2119 2259 2255 2306 inter
2276 2273 2414 2320 opera
2445 2260 2567 2308 divi·

1508 2347 1572 2381 na
1596 2346 1910 2381 numerasse.
1978 2334 2116 2382 Num
2136 2334 2567 2392 sactamorlaliam

1510 2417 1632 2459 sunt
1651 2424 1791 2472 opera
1812 2410 2015 2460 divina?
2051 2411 2244 2473 Potuit,
2259 2409 2447 2474 fateor,
2468 2412 2563 2464 Ju-

1510 2488 1647 2551 piter
1666 2487 1767 2535 dici
1791 2489 1805 2513 ⁸
1824 2503 1851 2534 e
1868 2487 1999 2535 coelo
2022 2488 2299 2536 demittere
2322 2489 2495 2537 oculos
2512 2491 2563 2537 in

1508 2564 1716 2625 terras,’
1738 2574 1794 2613 ut
1813 2565 2160 2614 consideraret
2180 2564 2316 2614 facta
2333 2573 2387 2616 et
2412 2575 2562 2616 actus

1508 2643 1832 2704 mortalium3
1879 2642 1968 2690 sed
2007 2642 2176 2705 potuit
2243 2645 2398 2691 etiam
2447 2643 2563 2693 ideo

1507 2718 1802 2781 despexisse
1822 2719 1872 2767 in
1887 2727 2138 2778 terras,ut
2149 2719 2264 2779 sala
2279 2721 2566 2784 mortalium,

1508 2810 1605 2859 pro
1624 2796 1849 2859 ipsorum
1869 2796 2469 2858 meritis,moderaretur.
2493 2798 2565 2847 Et

1507 2873 1582 2921 sic
1615 2872 1734 2930 sata
1762 2873 2027 2922 mortalium
2070 2882 2210 2922 recte
2235 2888 2565 2924 numeraren-

1509 2957 1594 2998 tur
1617 2950 1753 2997 inter
1773 2963 1929 3010 opera
1948 2949 2137 2999 divina.
2204 2951 2304 2999 Illa
2327 2949 2565 3007 formula,

1505 3031 1520 3053 ⁴
1540 3024 1814 3073 demittere
1840 3027 2014 3074 oculos
2040 3026 2089 3074 in
2118 3026 2316 3086 terras,’
2343 3028 2449 3090 jam
2474 3043 2565 3076 no·

1510 3109 1589 3152 tat
1619 3101 1742 3149 illud
1771 3102 1959 3164 ipsum,
1990 3116 2103 3151 cum
2126 3103 2336 3165 Jupiter
2370 3104 2565 3154 dicitur

1508 3190 1801 3243 spectasse,
1834 3189 1891 3229 ut
1923 3182 2023 3230 alia
2063 3182 2112 3230 in
2152 3183 2321 3237 terris,
2358 3183 2433 3231 sic
2451 3183 2564 3241 sac-

1508 3265 1561 3307 la
1597 3258 1901 3313 mortaliam3
1935 3272 2100 3321 neque
2133 3273 2261 3321 opus
2297 3258 2477 3308 fuisset
2506 3267 2566 3309 ut

1507 3335 1603 3383 boc
1631 3335 1892 3396 sigillatim
1916 3335 2324 3396 exprimeretur:
2359 3344 2434 3395 at,
2456 3337 2470 3362 ⁸
2488 3334 2564 3384 fa·

1510 3419 1563 3461 ta
1608 3412 1898 3460 mortalium
1943 3412 2080 3461 iuter
2129 3426 2287 3475 opera
2332 3427 2427 3461 sua
2471 3428 2564 3462 nn-

1506 3486 1739 3537 merare’
1776 3487 1968 3551 aliquid
1995 3488 2355 3551 plusinvolvit.
2408 3490 2564 3555 Equi·

1507 3564 1623 3614 dem
1659 3564 1972 3614 Arntzenius
2005 3566 2216 3628 ingerit,
2245 3566 2361 3624 sala
2394 3567 2561 3617 locum

1507 3642 1590 3691 bic
1627 3642 1817 3690 habere
1855 3643 1939 3690 vix
1994 3655 2163 3704 posse,
2215 3644 2333 3705 quia
2379 3644 2439 3692 iis
2482 3645 2561 3694 vel

1508 3720 1620 3783 ipse
1652 3720 1862 3784 Jupiter
1897 3722 2056 3772 fuerit
2084 3721 2365 3785 subjectus.
2414 3724 2566 3773 Fate-

1505 3812 1583 3858 or,
1621 3797 1785 3860 ipsum
1821 3814 2023 3864 quoque
2064 3799 2249 3850 Jovem
2287 3800 2565 3864 aliquando

1507 3892 1539 3926 a
1563 3876 1873 3939 pbilosophis
1908 3879 2122 3941 paganis
2157 3878 2258 3926 dici
2293 3876 2411 3925 fatis
2445 3878 2564 3927 sub·

1498 3954 1699 4016 jectum
1724 3955 2125 4019 alligatumque3
2164 3964 2218 4003 at
2243 3969 2346 4003 non
2366 3953 2432 4003 ab
2456 3970 2562 4004 orn-

1506 4032 1687 4091 nibus3
1730 4045 1824 4079 uec
1868 4045 1982 4079 raro
2030 4040 2261 4080 oratores
2297 4040 2350 4080 et
2394 4031 2562 4094 poeta

1506 4107 1672 4154 laxius
1706 4106 2002 4170 loquuntur,
2041 4114 2095 4155 et
2139 4107 2236 4168 ipsi
2278 4107 2565 4173 philosophi

1505 4195 1645 4244 saepe
1680 4182 1729 4230 iu
1763 4182 1839 4230 his
1864 4183 1958 4229 sibi
1983 4183 2363 4241 contradicunt,
2383 4184 2566 4234 admit-

1508 4264 1727 4324 tuntque
1763 4260 1926 4323 ipsum
1966 4259 2136 4310 Deum
2173 4273 2273 4309 non
2308 4273 2563 4328 nunquam
