3060 4902
757 388 819 432 c.
869 384 1109 432 PLINu
1160 383 1487 433 sncunnt
1539 384 1809 434 Panno.
1885 387 1936 435 1.
1980 371 2090 436 65.

320 546 418 582 non
434 527 788 586 adscenditur,
808 543 974 594 neque
988 528 1257 580 adscensus
1275 535 1378 590 est3

321 607 520 659 etiamsi
543 607 670 655 alibi
695 604 709 632 ‘
732 606 872 656 locus
893 605 1223 654 inadscensus
1239 604 1253 624 '
1276 605 1380 656 dici

319 693 495 750 queat,
517 683 603 747 qui
640 697 744 732 non
784 681 1028 732 adscendi
1068 688 1260 746 potest,
1293 696 1381 731 ne·

320 777 423 827 que
448 762 621 810 debet.
689 761 753 809 Et
780 745 920 824 quid,
946 759 987 807 si
1011 759 1179 808 locum
1201 773 1378 821 super-

323 840 450 890 bias·
481 837 775 902 principum
833 837 1159 885 inodscensum
1220 834 1379 891 dicas,

319 932 474 982 quem
491 915 857 965 insolentiores
883 914 1145 978 principes
1167 927 1272 976 pras
1299 927 1381 962 su·

320 992 501 1057 perbia
525 1001 578 1041 et
602 989 737 1040 fastu
762 989 1083 1039 adscendere
1107 1004 1206 1039 non
1229 999 1377 1054 potu·

320 1069 496 1120 erint?
560 1067 807 1120 Quamvis
833 1081 958 1131 ergo
995 1081 1089 1116 nec
1126 1067 1248 1115 mibi
1275 1066 1375 1117 dis·

322 1148 541 1211 pliceret
563 1147 842 1206 inaccessus,
861 1146 997 1193 nolui
1040 1153 1213 1194 tamen
1251 1149 1378 1194 inos-

317 1238 504 1279 census,
532 1231 774 1285 tanquam
801 1223 1106 1271 vocabulum
1140 1220 1261 1284 ἅπαξ
1293 1231 1375 1273 λε-

317 1297 539 1361 γόμενον,
566 1298 738 1347 statim
763 1298 998 1362 rejicere.
1030 1299 1269 1350 Schmun-2.

384 1377 564 1427 Locum
586 1375 759 1438 terere]
793 1376 842 1425 1.
863 1391 910 1425 e.
936 1377 1102 1425 locum
1137 1376 1379 1439 frequen-

320 1461 456 1516 tare,
500 1451 801 1515 frequenter
844 1452 1026 1512 adire;
1065 1453 1198 1502 sicut
1243 1453 1378 1504 Plin.

318 1531 491 1594 Epist.
528 1545 567 1581 1.
602 1534 685 1579 24.
717 1530 808 1586 ait,
843 1529 1114 1578 ‘semitam
1161 1529 1378 1579 terere.'

317 1608 409 1658 Sic
443 1608 544 1657 ‘hoc
575 1605 788 1656 verbnm
828 1606 983 1655 etiam
1018 1606 1083 1655 de
1118 1604 1377 1670 frequenti

319 1683 734 1733 obambulatione
781 1689 995 1746 usurpat
1039 1682 1273 1733 Martial.
1318 1696 1379 1733 ιι.

321 1765 401 1811 11.
426 1760 610 1812 ‘Quod
646 1759 935 1809 ambulator
971 1760 1220 1822 porticum
1255 1760 1377 1809 terit

316 1837 503 1887 serus.’
569 1836 712 1887 Idem
738 1841 950 1886 ιιι.20.·
972 1836 1224 1899 porticum
1253 1836 1378 1886 terit

318 1914 547 1979 templi.’
604 1914 688 1966 ef.
708 1931 864 1979 supra
885 1914 948 1963 ad
975 1930 1023 1978 p.
1036 1918 1151 1966 740.
1208 1913 1378 1965 Credo

317 2007 467 2056 vero,
504 2006 618 2042 esse
659 2007 883 2043 errorem
920 1991 1133 2047 librarii,
1159 1992 1246 2054 qui
1283 2005 1378 2054 pro

319 2069 484 2121 verbo
513 2076 682 2133 terere,
705 2070 756 2119 in
790 2070 968 2118 codice
993 2070 1193 2118 Veneto
1227 2083 1377 2132 repo·

317 2148 424 2197 suit
459 2153 652 2205 tenere,-
686 2155 742 2197 et
778 2147 1015 2197 mendum
1046 2146 1377 2208 typographi,

316 2226 405 2289 qni
430 2239 528 2290 pro
550 2224 729 2275 eodem
753 2224 912 2274 verbo
936 2224 987 2271 in
1024 2221 1251 2272 editione
1274 2223 1376 2274 Be·

317 2303 482 2353 roaldi
509 2302 654 2352 dedit
676 2306 820 2352 ter-re.
856 2301 1024 2350 Idem.

386 2378 631 2441 Quamne
656 2378 892 2427 diversam·
924 2372 1275 2437 cometudt'ne]
1312 2372 1375 2424 In

318 2457 502 2508 codice
552 2456 934 2520 salisburgensi
988 2464 1045 2506 et
1098 2470 1232 2517 meo,
1282 2468 1376 2519 pro

316 2535 670 2591 mma-dine.
693 2536 940 2598 scriptum
976 2540 1056 2583 est
1082 2532 1374 2582 consuetudi·

316 2611 407 2669 ni,-
461 2612 760 2674 neutiquam
807 2624 1082 2675 perverse3
1138 2624 1254 2659 nam
1301 2609 1375 2659 sic

318 2689 477 2737 etiam
533 2687 811 2752 loquuntur
865 2688 1067 2749 probati
1118 2695 1375 2736 auctores.

319 2764 430 2815 cic.
464 2764 617 2815 Orat.
638 2764 829 2829 Agrar.
864 2778 925 2814 n.
950 2770 1032 2814 ³2.
1062 2766 1078 2793 ‘
1098 2764 1377 2814 Corinthus

318 2841 423 2892 duo
446 2842 609 2892 maria
632 2843 853 2892 maxime
876 2842 1185 2905 navigationi
1210 2842 1379 2890 diver.

318 2933 376 2970 sa
400 2934 552 2985 pene
575 2918 875 2983 conjungit.’
928 2920 1178 2970 Quinctil.
1201 2919 1378 2970 Instit-

318 2995 418 3045 Or.
449 3009 531 3047 tx.
570 3000 621 3047 2.
656 2997 785 3046 ‘Cui
829 2998 1088 3046 diversum
1121 3005 1225 3055 est,
1262 3012 1376 3047 cum

317 3073 474 3123 alium
516 3074 799 3136 rogaveris,
835 3089 934 3122 non
973 3082 1252 3135 expectare
1297 3089 1377 3124 re·

317 3150 601 3214 sponsum!
668 3151 816 3200 Idem
845 3150 968 3200 ibid.
993 3149 1236 3202 inferius:
1271 3158 1287 3182 ⁸
1305 3152 1379 3201 Ut

317 3227 426 3278 illic
466 3228 628 3278 verba
664 3228 770 3278 sint
806 3227 973 3279 verbis
1010 3228 1248 3291 diversa;
1292 3228 1378 3279 hic

318 3305 543 3355 sermoni
590 3303 812 3354 sensus.’
879 3306 997 3356 Non
1045 3314 1218 3356 tamen
1261 3306 1378 3357 ideo

320 3381 502 3444 rejicio
536 3380 812 3430 lectionem
851 3381 916 3430 ab
952 3381 1185 3431 omnibus
1230 3382 1377 3432 libris

318 3458 584 3522 impressis
619 3466 903 3522 receptam,
928 3468 981 3508 et
1015 3474 1044 3508 a
1073 3461 1265 3509 ceteris
1289 3474 1376 3509 co-

318 3534 522 3585 dicibus
565 3534 694 3586 Mas.
732 3534 1104 3585 confirmatam.
1171 3536 1376 3587 Nomen

318 3612 456 3662 enim
504 3611 813 3676 adjectivum
859 3612 1163 3663 ‘diversus’
1219 3615 1375 3664 etiam

317 3701 435 3739 cnm
456 3701 577 3738 casn
613 3695 762 3739 sexto
799 3688 1148 3751 conjungitur,
1174 3691 1256 3739 vel
1290 3689 1377 3739 ab·

317 3766 504 3822 solute,
542 3765 625 3815 vel
664 3765 1045 3815 interveniente
1091 3766 1378 3830 prepositi·

317 3855 416 3891 one
456 3858 487 3890 o
523 3841 604 3890 vel
640 3842 719 3892 ab.
787 3840 896 3891 Cic.
931 3840 994 3890 ad
1032 3842 1098 3893 Q.
1131 3842 1213 3891 Fr.
1253 3856 1293 3892 1.
1330 3846 1406 3891 1.»

321 3923 398 3970 12.
425 3927 442 3948 ‘
460 3908 694 3970 D'lfficile
717 3926 820 3980 est,
840 3933 903 3968 ea
927 3934 1043 3984 quae
1077 3919 1378 3976 commodis,

316 3995 566 4061 utilitate,
608 4002 664 4047 et
713 4010 879 4059 prope
922 4003 1128 4053 natura,
1170 3996 1379 4046 diversa

315 4080 454 4132 sunt.
490 4074 756 4125 voluntate
799 4072 1161 4137 conjungere.'
1228 4075 1376 4125 Idem

315 4150 486 4202 Acad.
527 4152 731 4204 Qnaest.
770 4163 845 4201 tv.
878 4154 960 4200 32.
989 4151 1183 4200 ‘Certa
1220 4150 1379 4214 igitur

314 4242 429 4280 cnm
449 4230 699 4292 Epicuro,
723 4228 810 4293 qui
842 4243 873 4278 a
905 4235 959 4277 te
982 4235 1123 4278 totus
1147 4227 1380 4277 diversus

315 4306 431 4361 est:
498 4306 639 4359 Illud
674 4320 801 4357 vero
834 4319 930 4371 pro
967 4305 1156 4356 mendo
1195 4304 1382 4366 babeo,

2379 372 2535 438 875·

1456 544 1571 579 cum
1614 530 1666 579 in
1710 543 1823 579 meo
1866 529 2043 580 codice
2089 542 2184 592 pro
2226 543 2363 592 quarn
2402 532 2513 592 dig-

1456 621 1568 655 num
1603 611 1668 666 te,
1698 608 1950 670 scriptum
1984 615 2062 655 est
2097 619 2236 667 quent
2257 605 2513 668 dignitate.

1457 681 1622 731 Idem.

1524 757 1868 807 consuetudine
1891 758 2098 826 morum]
2132 759 2261 811 Julii
2296 761 2512 812 Sueten.

1457 849 1574 897 cap.
1593 839 1677 884 76.
1709 835 1847 898 Aug.
1878 850 1996 897 cap.
2020 840 2105 885 26.
2138 837 2256 886 Tib.
2291 853 2406 901 cap.
2432 844 2510 890 17.

1457 911 1624 974 Calig.
1647 925 1763 974 cap.
1791 916 1870 960 17.
1894 911 2087 961 Domit.
2111 925 2225 975 cap.
2253 917 2331 962 13.
2356 915 2510 967 Bm.

1530 986 1753 1050 luorum]
1810 989 1977 1040 Malos
2024 989 2280 1052 principes
2331 992 2512 1048 innuit.

1455 1065 1811 1118 Domitianum
1867 1065 2177 1127 praesertirm
2223 1067 2328 1130 qui,
2374 1076 2511 1120 teste

1456 1141 1674 1190 Sueton.
1710 1156 1826 1204 cap.
1857 1145 1936 1191 18.
1974 1144 2181 1191 ‘omnes
2217 1145 2510 1195 consulatus

1456 1233 1604 1281 paene
1642 1219 1795 1268 titulo
1830 1226 1980 1268 tenus
2018 1221 2199 1282 gessit,
2234 1235 2329 1269 nec
2353 1238 2512 1286 quen·

1455 1310 1604 1361 quam
1630 1296 1770 1345 ultra
1793 1297 1903 1346 Cal.
1927 1297 2076 1358 Maii,
2103 1300 2276 1361 plures
2300 1299 2363 1347 ad
2390 1300 2511 1351 Idus

1455 1389 1616 1437 usque
1637 1374 1963 1436 Januarias3'
1999 1385 2055 1426 ut
2080 1384 2135 1426 et
2165 1393 2324 1442 supra
2356 1379 2513 1431 adno-

1454 1452 1676 1501 tavimus
1702 1452 1767 1501 ad
1790 1467 1906 1517 cap.
1931 1457 2013 1504 58.
2050 1455 2267 1505 Patarol.

1519 1529 1746 1577 Pauculis
1778 1527 1964 1591 diebus]
2022 1530 2088 1580 In
2133 1531 2509 1594 Domitianum3

1453 1604 1520 1654 de
1544 1619 1645 1668 quo
1665 1606 2028 1670 Tranquillus:
2064 1614 2078 1636 ‘
2099 1608 2294 1658 Omnes
2328 1624 2513 1661 eonsu-

1451 1682 1590 1733 latns
1624 1697 1773 1747 paene
1814 1684 1965 1733 titulo
2004 1691 2152 1734 tenus
2197 1688 2376 1748 gessit.
2414 1702 2512 1740 nec

1454 1774 1757 1823 quemquam
1784 1760 1917 1808 ultra
1942 1760 2203 1810 Kalendas
2224 1763 2371 1823 Maii,
2400 1764 2511 1825 plu·

1453 1850 1538 1886 res
1562 1837 1625 1885 ad
1652 1836 1777 1886 ldus
1801 1853 1963 1901 usque
1986 1837 2296 1889 summias:
2363 1840 2418 1890 Si
2442 1839 2509 1889 ad

1455 1912 1602 1973 Idus,
1625 1927 1751 1964 ecce
1777 1917 1854 1965 12.
1880 1922 1969 1965 aut
1994 1918 2074 1964 13.
2094 1914 2225 1963 dies.
2254 1914 2390 1978 Lips-

1522 1990 1635 2040 Non
1673 1991 1886 2058 gestam]
1945 1991 2088 2042 Nihil
2127 1990 2263 2041 enim
2302 1991 2510 2054 publice

1451 2064 1705 2130 fecerant,
1733 2068 1872 2117 nulla
1904 2067 2017 2131 ejus
2049 2069 2224 2117 munia
2258 2069 2510 2121 obierant.

1456 2144 1612 2195 Idem.

1521 2220 1770 2284 Edictum]
1835 2220 1953 2273 Quo
2004 2220 2211 2284 publice
2254 2221 2511 2286 significa·

1452 2299 1601 2360 baut,
1635 2315 1690 2349 se
1731 2299 1875 2348 abire
1918 2312 1981 2349 eo
2017 2299 2341 2362 magistratu,
2380 2301 2509 2353 alios

1453 2376 1706 2435 sufficere,
1732 2376 1863 2424 tales
1886 2382 1941 2424 et
1966 2376 2113 2425 tales.
2146 2376 2297 2426 Idem.

1515 2454 1818 2516 Abjieiebont
1835 2468 1923 2517 per
1942 2450 2169 2516 edictum]
2206 2454 2268 2504 In
2295 2468 2407 2504 meo
2423 2469 2511 2506 co·

1452 2531 1570 2583 dice
1612 2547 1705 2596 pro
1746 2530 2047 2592 objiciebant,
2088 2532 2333 2583 mendose
2378 2533 2512 2596 posl·

1452 2616 1560 2660 tum
1595 2618 1674 2662 est
1704 2609 1793 2659 alii
1822 2609 2021 2660 ciebant.
2090 2608 2231 2660 Alias
2272 2610 2511 2660 consules

1449 2686 1777 2749 dicebantur,
1833 2688 1848 2714 ‘
1878 2700 2068 2750 ponere
2131 2687 2513 2749 consulatum,'

1449 2766 1465 2794 ⁸
1486 2765 1630 2816 abire
1655 2764 1965 2822 consulatu,’
1986 2767 2085 2815 dcc.
2107 2773 2162 2816 at
2195 2765 2395 2815 Plinius
2425 2754 2521 2816 bic*

1451 2842 1615 2890 utitur
1640 2842 1798 2891 verbo
1827 2844 1842 2871 ‘
1871 2841 2139 2905 abjicere,'
2166 2842 2271 2891 κατ’
2292 2841 2511 2904 ἔμφασιν.

1452 2920 1530 2971 Ea
1554 2919 1688 2969 enim
1719 2921 1926 2984 proprie
1958 2920 2174 2968 dicimur
2207 2920 2223 2948 ⁸
2247 2918 2512 2981 abjicere,’

1451 3012 1563 3060 qua
1590 3006 1829 3061 tanquam
1857 2997 1999 3057 vilia,
2021 3003 2077 3046 et
2111 2995 2257 3045 nobis
2295 2997 2515 3059 ingrata,

1452 3087 1546 3134 per
1567 3081 1888 3123 contemtum
1909 3071 2234 3132 dimittimus,
2252 3080 2411 3136 atque
2434 3073 2512 3122 in·

1450 3149 1533 3199 fra
1550 3150 1856 3211 dignitatem
1875 3163 1986 3199 esse
2005 3148 2372 3198 existimamus.
2403 3146 2512 3198 Ab·

1440 3226 1697 3291 jiciebaut
1722 3234 1895 3274 autem
1926 3240 2012 3289 per
2039 3226 2271 3282 edictum3
2304 3238 2511 3290 nempe,

1449 3303 1658 3365 superbi
1703 3302 1965 3366 principes
2018 3316 2118 3351 non
2165 3301 2513 3363 dignabantur

1449 3386 1685 3432 senatum
1705 3379 2050 3442 populumque
2070 3380 2367 3441 Romanum,
2385 3394 2515 3443 prae·

1449 3464 1621 3507 sentes
1660 3456 1909 3505 interesse
1948 3454 2188 3510 comitiis,
2222 3465 2281 3507 ut
2323 3456 2391 3507 ibi
2434 3472 2514 3507 so·

1449 3533 1586 3585 lenni
1621 3533 1895 3597 patrioque
1929 3533 2030 3583 ritu
2067 3542 2159 3583 aut
2188 3534 2512 3598 susciperent

1451 3610 1768 3660 consulatum
1806 3617 1895 3660 aut
1928 3608 2270 3673 deponerent.
2303 3612 2513 3662 concio·

1449 3701 1668 3752 nemque
1712 3686 1966 3737 haberent
2000 3694 2057 3736 et
2092 3687 2370 3751 jurarent3
2417 3688 2510 3740 sed

1450 3765 1576 3814 satis
1612 3763 1889 3820 habebant,
1917 3764 2155 3815 absentes
2189 3780 2274 3828 per
2306 3765 2513 3816 edietum

1451 3841 1717 3892 declarare
1762 3841 2079 3891 voluntatem
2123 3856 2283 3897 suam,
2322 3842 2363 3891 si
2405 3841 2511 3891 vel·

1451 3918 1562 3967 lent
1591 3917 1674 3966 vel
1708 3918 1962 3981 recipere,
1988 3917 2065 3965 vel
2090 3916 2351 3979 deponere
2386 3931 2512 3967 con·

1452 3996 1695 4050 sulatum,
1718 3995 1799 4044 vel
1823 4009 1940 4044 eum
1973 3994 2023 4042 in
2060 3994 2214 4043 alium
2251 3992 2507 4046 conferre.

1453 4070 1538 4122 Cf.
1584 4085 1741 4135 supra
1786 4084 1951 4121 um.
1984 4073 2033 4119 4.
2073 4078 2130 4120 et
2169 4076 2219 4120 7.
2283 4072 2512 4123 Edictum

1452 4156 1624 4200 antem
1660 4147 1948 4212 generatim
1984 4154 2063 4196 est
2087 4146 2284 4210 jussum
2331 4155 2386 4198 et
2419 4147 2511 4199 de·

1453 4231 1673 4280 cretum,
1712 4224 1825 4272 sive
1868 4235 1975 4278 ore,
2011 4222 2121 4272 sive
2159 4226 2379 4289 scripto,
2416 4240 2510 4277 sen

1450 4301 1651 4365 libello,
1684 4299 2039 4363 declaratnm;
2075 4299 2345 4365 speciatim
2383 4301 2509 4353 alias
