3060 4902
528 361 663 434 ⁷98.

531 520 845 575 affluentiam
875 520 1196 584 procuravit,
1218 527 1275 570 nt
1309 536 1471 570 annius
1499 536 1590 573 ex-

531 598 798 657 uberarit;
846 590 1111 661 'AEgyptm
1157 613 1271 659 quoe
1324 599 1592 661 inopinata

530 675 764 725 siccitate
791 688 949 737 usque
980 673 1043 721 ad
1085 674 1320 736 injuriam
1344 676 1593 724 sterilita-

528 751 596 801 tis
637 757 930 810 exaruerat,
970 765 1141 813 opem,
1173 751 1326 800 misso
1362 752 1429 800 ab
1465 753 1590 800 urbe

529 824 810 882 frumento.
854 829 1005 887 tulit3
1039 828 1342 891 spectacula
1387 827 1589 888 edidit;

528 904 774 966 plurimas
797 904 937 967 leges
962 903 1028 953 de
1053 904 1336 964 aerario,de
1360 904 1506 968 fisco,
1526 907 1590 955 de

517 979 880 1030 hereditatum
909 981 1180 1038 vicesimis,
1205 981 1270 1031 de
1298 983 1592 1044 maiestate,

530 1056 596 1106 de
623 1058 965 1118 testamentis,
1001 1061 1198 1118 sanxit3
1234 1059 1445 1108 comitia
1470 1074 1591 1107 con·

531 1133 697 1186 sulum
737 1132 934 1190 babuit,
974 1135 1162 1198 quibus
1201 1135 1310 1198 ipse
1352 1135 1593 1186 interfuit

531 1212 856 1273 candidatus,
880 1213 1189 1276 tertiumque
1228 1215 1432 1274 recepit
1469 1228 1594 1263 con-

531 1287 772 1345 sulatum,
797 1294 851 1335 et
876 1287 1100 1350 collegas
1124 1289 1303 1351 elegit,
1324 1292 1425 1337 διο.
1466 1289 1591 1339 vid.

531 1363 729 1427 Paneg.
746 1377 860 1426 cap.
876 1376 1117 1413 ιιι-αι.
1137 1378 1419 1415 Lx.-1.xvt.
1451 1365 1592 1416 Hac·

531 1446 682 1490 tenus
706 1440 1016 1489 Massonius.
1053 1441 1203 1490 Idem.

600 1518 674 1567 De
695 1514 907 1577 biennio]
929 1517 1151 1580 Tempus
1178 1519 1256 1566 vel
1283 1518 1402 1568 liinc
1428 1518 1593 1582 liquet

533 1595 829 1647 consulatus
855 1593 1103 1657 Pliniani,
1134 1602 1186 1643 et
1209 1594 1364 1645 dictae
1398 1595 1592 1644 oratio·

531 1672 631 1722 nis.
667 1671 803 1734 Σίρι.

596 1748 676 1798 De
713 1745 1050 1809 moderatione]
1093 1748 1219 1796 Scil.
1261 1748 1310 1797 in
1350 1749 1591 1811 optandis

531 1826 946 1891 accipiendisque
970 1826 1266 1889 bonoribus,
1287 1841 1400 1892 cap.
1424 1842 1596 1892 super.

536 1903 753 1951 Potarol.

606 1979 673 2026 Ue
693 1977 832 2040 mad]
871 1978 1167 2027 Pronomeu
1187 1978 1306 2027 illud
1329 1978 1592 2029 desidera·

534 2058 619 2101 tur
658 2053 711 2102 iu
750 2052 1020 2102 codicibus
1053 2054 1323 2103 Vaticanis
1358 2060 1501 2104 1776.
1536 2065 1592 2105 et

531 2132 678 2182 stol.
716 2137 770 2178 at
806 2129 856 2177 in
899 2130 1091 2179 ceteris
1131 2131 1365 2180 omnibus
1402 2142 1593 2194 praesto

533 2215 630 2256 est.
696 2206 823 2256 Mox
847 2208 1003 2255 etiam
1038 2207 1087 2256 in
1127 2208 1309 2257 codice
1337 2209 1593 2259 salisbur—

534 2282 678 2345 gensi
704 2282 882 2331 vitiose
914 2284 1169 2345 scriptum
1204 2292 1285 2334 est
1321 2285 1594 2351 differebat,

536 2373 632 2421 pro
672 2358 929 2419 deserebat.
999 2360 1205 2423 Nempe
1237 2362 1416 2411 Nerva
1454 2363 1591 2426 priu-

536 2449 681 2499 ceps,
708 2436 842 2485 idern
879 2442 932 2485 et
958 2444 1107 2499 pater
1132 2436 1425 2501 adoptivus,
1449 2439 1496 2487 in
1519 2455 1592 2488 se-

532 2519 658 2561 natu
690 2512 757 2560 de
779 2511 1002 2574 Trojano
1034 2513 1220 2561 iterum
1256 2515 1305 2561 in
1329 2518 1593 2565 consulem

534 2587 777 2651 eligendo
801 2588 1067 2636 retulerat.
1104 2588 1345 2638 Schmun-z.

598 2664 867 2713 Secundum
885 2665 1200 2728 consulatum]
1233 2666 1459 2714 Primum
1479 2668 1592 2731 jam

533 2745 763 2801 gesserat
807 2738 902 2785 sub
951 2739 1265 2794 Domitiano,
1325 2755 1422 2788 una
1475 2758 1592 2792 cum

535 2814 705 2866 Acilio
749 2814 1055 2875 Glabrione,
1110 2829 1242 2862 auno
1300 2817 1438 2864 urbis
1475 2822 1591 2867 844.

534 2892 722 2942 Ctiristi
739 2895 820 2940 91.
841 2890 1122 2939 secundum
1148 2900 1445 2956 computum
1469 2895 1592 2943 Fas·

534 2976 701 3018 torum
726 2966 969 3017 Auctoris
998 2969 1257 3030 anonymi,
1282 2984 1409 3033 quos
1434 2985 1461 3018 e
1488 2972 1591 3019 Μαι.

533 3047 712 3095 codice
738 3045 1072 3094 Bibliothecae
1100 3046 1350 3094 Caesareae
1379 3049 1594 3109 protulit

532 3123 863 3174 Eminentiss.
888 3122 1143 3184 dignitate
1169 3123 1366 3183 pariter
1389 3137 1448 3170 ac
1471 3122 1591 3172 doc·

534 3200 668 3248 trina
704 3198 960 3247 Henricus
1008 3195 1298 3244 Cardinalis
1337 3195 1401 3243 de
1439 3197 1594 3245 Noris

532 3276 582 3324 iu
606 3275 856 3338 praeclaro
871 3287 1028 3335 opere
1048 3271 1112 3320 de
1132 3271 1279 3320 Anno
1299 3280 1348 3321 et
1367 3272 1591 3334 Epor-liis

532 3350 866 3415 Syromaced.
931 3349 1221 3398 Secundum
1269 3351 1591 3400 consulatum

530 3429 690 3493 gessit
728 3442 828 3476 una
872 3442 986 3476 cum
1035 3427 1347 3488 imperatore
1396 3427 1593 3489 Nerva,

529 3519 662 3554 anno
697 3503 922 3553 conditae
962 3502 1100 3550 urbis
1135 3506 1249 3551 851.
1281 3502 1475 3551 Christi
1513 3506 1595 3551 98.

529 3579 806 3629 secundum
841 3586 1137 3639 computum
1179 3578 1396 3633 dictum.
1428 3592 1454 3624 a
1491 3594 1594 3642 quo

531 3658 729 3706 distant
767 3669 900 3703 anno
938 3656 1102 3702 minus
1144 3655 1287 3702 Fasti
1325 3654 1502 3703 Graeci
1540 3665 1594 3705 et

533 3731 830 3796 Capitolini,
857 3746 982 3792 quos
1005 3729 1313 3793 Sylburgius
1339 3730 1592 3780 exhibuit.

531 3805 897 3859 Anuotaudum
939 3821 1158 3870 quoque,
1196 3809 1246 3855 in
1293 3807 1457 3856 Fastis
1492 3809 1592 3857 illis

530 3885 732 3936 Graecis
778 3884 1058 3933 secuudum
1106 3886 1431 3934 consulatum
1478 3885 1591 3935 sine

531 3964 729 4026 collega
774 3962 931 4025 poni,
986 3961 1036 4010 iu
1096 3962 1408 4025 Capitolinis
1467 3978 1590 4013 vero

531 4042 759 4092 Nervam
788 4052 866 4088 tv·
892 4053 991 4088 non
1019 4052 1102 4088 ιιι.
1127 4039 1178 4087 in
1219 4039 1470 4102 collegam
1510 4054 1598 4098 ass

532 4117 742 4179 signari.
768 4115 988 4165 Patami.

595 4192 880 4255 Secundum]
928 4194 1060 4241 Nam
1101 4193 1318 4256 primum
1354 4193 1593 4242 consula«

534 4274 639 4316 turn
667 4271 758 4318 sub
785 4270 1076 4320 Domitiano
1101 4270 1492 4333 gessihcollega
1513 4270 1590 4318 Μ.

1232 379 1449 430 NOTAE
1496 376 1905 428 vammum
1956 378 2035 436 m

1668 522 1841 572 Acilio
1865 521 2167 580 Glabrione,
2192 535 2327 572 anno
2350 521 2494 573 urbis
2528 527 2645 573 813.
2681 530 2739 574 et

1668 600 1802 648 hunc
1827 601 2131 663 secundum,
2163 601 2445 663 adoptatus
2477 616 2509 650 a
2536 603 2735 662 Nerva,

1667 679 1782 723 850.
1849 675 2038 738 Itaque
2071 675 2203 725 bene
2240 677 2417 726 Tacit.
2438 676 2504 725 de
2539 677 2736 728 Morib.

1668 751 1850 801 Germ.
1872 754 1887 779 ‘
1901 752 2226 802 Cimbrorum
2243 769 2382 801 erma
2400 755 2579 803 audita
2598 763 2737 812 sunt,

1670 828 1884 877 Caecilio
1909 829 2129 878 Metello
2163 843 2224 878 ae
2250 829 2464 892 Papirio
2495 832 2735 880 Carbone

1670 903 1817 952 Coss.
1854 905 1930 953 Ex
1949 919 2049 968 quo
2068 905 2110 953 si
2138 905 2200 955 ad
2224 907 2443 954 alterum
2462 907 2587 971 imp.
2610 908 2737 958 Tra·

1658 981 1772 1043 jani
1798 982 2123 1032 consulatum
2141 993 2519 1047 computemus,
2541 987 2737 1035 ducen-

1671 1056 1711 1105 ti
1750 1055 1911 1106 ferme
1938 1066 1993 1106 et
2016 1057 2200 1108 decern
2224 1060 2346 1108 anni
2381 1060 2738 1122 colliguntur?

1671 1132 1808 1181 Nam
1853 1133 1930 1182 illi
1967 1136 2225 1197 consules,
2261 1150 2396 1185 anno
2434 1134 2575 1185 urbis
2615 1140 2736 1187 640.

1668 1205 1807 1271 Lips.

1735 1286 1827 1334 Tui
1843 1285 2148 1350 potestatem]
2184 1286 2286 1339 Qui
2319 1287 2430 1350 jam
2462 1286 2560 1337 sub
2585 1294 2737 1352 patre

1670 1369 1723 1410 et
1752 1363 1986 1425 principe
2016 1364 2188 1413 Nerva
2212 1379 2313 1413 non
2338 1379 2497 1414 esses.
2518 1365 2672 1414 Idem.

1739 1440 1834 1488 Tui
1852 1443 2156 1506 potestatem]
2171 1442 2298 1491 Cum
2312 1442 2535 1504 scilicet,
2556 1443 2740 1515 Neu-a.

1660 1515 1766 1578 jam
1790 1525 2013 1574 mortuo.
2039 1516 2242 1579 legibus
2260 1518 2393 1566 haud
2414 1517 2740 1580 subjaceres.

1670 1605 1731 1642 ac
1774 1608 1836 1641 ne
1879 1609 1909 1642 a
1945 1594 2107 1657 patris
2141 1593 2353 1658 quidem
2392 1593 2649 1658 adoptivi,
2682 1603 2742 1647 et

1670 1666 1917 1731 Augusti,
1936 1671 2202 1718 voluntate
2225 1670 2444 1732 amplius
2469 1670 2743 1736 dependef.

1671 1758 1771 1792 res.
1808 1745 1983 1794 Nerva
2009 1760 2130 1793 vero
2155 1745 2207 1793 d.
2231 1749 2311 1794 27.
2329 1746 2565 1798 Jauuarii
2593 1746 2658 1796 A.
2677 1748 2740 1797 C.

1668 1825 1749 1871 98.
1791 1832 2016 1879 mortuo,
2050 1822 2305 1886 Trajanus
2347 1822 2622 1884 imperium
2669 1839 2740 1873 ex

1670 1899 1803 1948 omni
1830 1906 1980 1961 parte
2003 1899 2248 1961 suscepit.
2272 1898 2516 1948 Schwarz.

1740 1976 2132 2039 Transtulerunt]
2174 1976 2526 2024 Transtulen'nt
2565 1975 2741 2030 Livin.

1672 2055 1722 2103 iu
1765 2060 1947 2116 textu;
1997 2053 2088 2104 sed
2125 2055 2176 2104 iu
2208 2054 2442 2119 margine
2479 2058 2743 2107 transtule-

1668 2136 1783 2178 runt
1810 2131 1870 2180 R.
2276 2184 2279 2187 ,

1737 2205 1949 2260 Tertium
1967 2208 2257 2256 consulatum
2280 2208 2538 2273 recusasti]
2570 2207 2740 2261 Anto·

1671 2282 1783 2330 nius
1808 2283 1956 2345 Pagi,
1975 2283 2025 2331 in
2045 2284 2267 2332 Dissert.
2284 2284 2575 2349 Hypatio,
2593 2288 2658 2336 P.
2677 2302 2745 2350 ιι.

1670 2372 1716 2408 c.
1738 2364 1784 2407 1.
1813 2369 1955 2409 recte
1972 2359 2148 2417 docet,
2164 2376 2250 2409 eos
2266 2362 2551 2426 principes,
2572 2365 2660 2427 qui
2685 2366 2737 2415 in

1669 2437 1980 2486 consortium
2011 2436 2211 2501 imperii
2237 2451 2265 2485 a
2291 2437 2526 2502 patribus
2564 2440 2744 2493 vocati

1672 2511 1893 2572 fuerant,
1933 2528 2033 2562 non
2076 2520 2274 2563 tanturn
2307 2527 2443 2563 anuo
2479 2525 2740 2580 sequente

1670 2588 1906 2635 consules
1928 2587 2215 2636 ordinarios
2243 2590 2550 2651 processisse
2572 2607 2589 2650 ;
2624 2592 2742 2654 scd,

1673 2664 1902 2724 patribus
1919 2664 2077 2712 etiam
2101 2678 2129 2712 e
2150 2664 2252 2712 vita
2272 2666 2603 2730 abeuntibuS,
2615 2683 2737 2733 qua·

1670 2739 1710 2786 si
1737 2753 1920 2787 novum
1948 2739 2218 2802 imperium
2244 2739 2555 2797 inchoarint,
2581 2757 2745 2806 prox·¹

1671 2817 1770 2864 imo
1797 2823 1912 2878 post
1937 2830 2111 2865 eorum
2138 2826 2354 2865 mortem
2382 2832 2518 2867 anno
2552 2833 2739 2870 consu·

1668 2892 1827 2940 latinu
1863 2894 2032 2941 denuo
2077 2896 2394 2956 suscepisse,
2431 2893 2571 2958 quod
2614 2896 2741 2945 Fas·

1672 2977 1838 3015 torum
1874 2968 2142 3031 dispositio
2184 2968 2520 3030 manifestum
2556 2968 2740 3021 faciat.

1670 3045 1798 3093 Cum
1825 3058 1951 3106 ergo
1974 3045 2231 3106 Trajauns
2257 3046 2307 3093 d.
2334 3048 2411 3093 18.
2435 3046 2739 3110 Septembr.

1669 3121 1745 3170 uti
1770 3121 1890 3169 alibi
1916 3120 2266 3183 ostendemus,
2289 3134 2426 3170 auno
2443 3122 2638 3172 Christi
2656 3129 2741 3174 97.

1669 3211 1697 3243 a
1729 3197 1900 3244 Nerva
1926 3196 2225 3260 adoptatus,
2249 3195 2535 3262 Caesarque>
2558 3198 2739 3249 decla-

1670 3281 1809 3321 ratus
1833 3281 1991 3329 esset,
2011 3281 2086 3332 et,
2110 3272 2391 3322 secundum
2408 3274 2560 3323 istam
2588 3290 2739 3340 regu-

1669 3351 1792 3411 lam,
1813 3366 1927 3399 mox
1954 3351 2198 3400 Calendis
2219 3351 2481 3402 Januariis
2505 3354 2628 3402 anni
2658 3369 2739 3404 se·

1668 3426 1873 3491 quentis
1907 3431 1989 3475 98.
2023 3427 2345 3476 consulatum
2380 3430 2671 3479 secundum
2708 3445 2741 3480 a

1671 3513 1818 3569 patre
1844 3511 1897 3553 et
1924 3504 2156 3568 principe
2179 3504 2359 3553 Nerva
2373 3505 2471 3553 sibi
2499 3506 2738 3558 delatum

1672 3582 1888 3641 iniisset,
1906 3582 2253 3646 gessissetque
2276 3597 2291 3643 3
2328 3591 2488 3647 atque
2506 3583 2738 3643 interim.

1670 3659 1845 3708 Nerva
1870 3658 1920 3706 d.
1942 3661 2024 3707 27.
2045 3657 2283 3709 Januarii
2304 3658 2437 3707 illius
2458 3660 2621 3723 ipsius
2647 3677 2739 3711 an·

1670 3734 1719 3781 ni
1742 3738 1826 3783 98.
1851 3744 2073 3790 mortno,
2095 3735 2230 3783 solus
2253 3743 2305 3784 et
2330 3749 2396 3784 ex
2421 3739 2557 3786 oinni
2584 3749 2738 3802 parte

1666 3825 1912 3860 summam
1961 3811 2163 3874 imperii
2198 3819 2515 3876 potestatem
2562 3831 2741 3867 susce-

1669 3887 1848 3949 pisset,
1897 3885 2154 3950 adeoque,
2190 3889 2472 3938 secundum
2518 3892 2737 3943 eandem

1668 3964 1918 4026 regulam,
1942 3962 2186 4012 Calendis
2212 3964 2476 4015 Jannariis
2497 3965 2558 4015 A.
2577 3968 2639 4017 C.
2653 3961 2740 4018 99.

1665 4038 1856 4103 denuo,
1881 4055 1941 4089 ac
1977 4041 2187 4089 tertium
2224 4041 2455 4106 quidem,
2496 4035 2749 4099 cousulass=

1665 4121 1772 4166 turn
1791 4117 1934 4166 adire
1960 4117 2252 4181 potuisset;
2287 4117 2425 4167 hutrc
2449 4127 2643 4187 tamen,
2670 4127 2747 4174 ἐκ

1664 4194 1909 4256 singulari
1937 4193 2314 4251 moderatione,
2338 4202 2391 4245 et
2413 4205 2601 4247 contra
2628 4214 2741 4250 rno—

1664 4284 1771 4320 rem
1807 4270 2024 4323 aliorutu
2064 4270 2485 4323 antecedentium
2520 4274 2757 4340 impera„
