3060 4902
530 374 704 442 1006

531 536 614 584 vel
657 541 844 597 sponte
889 531 952 583 ad
993 531 1342 596 expiationem
1384 544 1439 580 se
1469 529 1597 580 offe·

534 611 737 672 rebant,
758 612 910 660 sicuti
934 609 1158 673 Codrus,
1193 624 1281 658 rex
1313 609 1599 658 Athenien-

531 689 678 743 sium,
697 695 748 737 et
766 687 904 736 inter
920 687 1196 745 Romanos,
1219 686 1433 746 Decius,
1448 691 1601 748 pater

532 773 585 813 et
620 763 774 827 filius,
803 765 880 814 Μ.
904 764 1135 825 Curtius,
1172 770 1228 812 et
1265 762 1380 820 alii3
1415 761 1495 809 vel
1536 759 1600 808 ab

530 840 759 896 oraculo,
784 848 871 888 aut
897 854 923 888 a
949 841 1161 903 populo,
1188 836 1599 890 destinabantur,

531 929 748 980 quorum
766 913 943 977 capite
963 913 1134 961 omnia
1150 912 1378 961 civitatis
1402 910 1598 958 scelera

534 991 824 1051 lucrentur,
864 997 917 1038 et
955 989 1032 1036 ira
1070 988 1296 1037 Deorum
1339 995 1599 1034 avertere-

537 1075 656 1125 tur;
692 1065 981 1130 cujusmodi
1016 1065 1269 1126 exemplis
1293 1063 1600 1110 Graecorum

535 1144 987 1206 Romanorumque
1060 1141 1278 1189 historia
1349 1138 1601 1188 abundat.

535 1220 792 1270 Quoniam
819 1231 940 1266 vero
966 1216 1095 1265 tales
1121 1216 1407 1278 piaculares
1439 1213 1603 1262 homi-

535 1309 644 1352 nes,
668 1294 902 1357 inprimis
923 1293 1160 1341 scelerati
1185 1293 1255 1341 illi
1281 1291 1603 1341 habebantur

536 1371 553 1399 ‘
573 1369 743 1433 sacri‚’
778 1370 810 1418 i.
833 1384 880 1418 e.
916 1368 1263 1417 exsecrabiles
1287 1378 1337 1416 et
1365 1367 1489 1415 diris
1513 1366 1603 1415 de-

538 1450 683 1508 voti3
731 1447 910 1495 borum
959 1453 1177 1504 tactum,
1221 1444 1603 1507 adspectusque

536 1523 913 1586 contagionem,
941 1523 1026 1571 alii
1063 1521 1347 1584 fugiebant,
1380 1535 1443 1568 ne
1480 1520 1604 1568 inde

541 1600 914 1663 polluerentur.
968 1600 1096 1647 Cum
1121 1612 1247 1660 ergo
1264 1596 1462 1646 Plinius
1487 1609 1603 1644 nar-

539 1683 640 1731 rat,
668 1676 1017 1725 Domitianum
1038 1676 1260 1723 voluisse
1285 1675 1334 1720 in
1360 1680 1606 1735 separato

539 1752 761 1817 quodam
796 1752 999 1815 navigio
1037 1752 1198 1811 trabi;
1236 1749 1453 1812 indicat,
1489 1764 1606 1798 eum

540 1831 705 1878 visum
739 1842 850 1877 esse
887 1835 1129 1891 tauquam
1169 1827 1323 1875 talem
1349 1825 1607 1873 hominem

540 1905 872 1969 piacularem,
916 1905 1066 1964 cujus
1116 1902 1472 1964 contagionem
1518 1901 1608 1949 alii

540 1978 938 2028 reformidarint.
973 1978 1216 2026 Schwurz.

606 2055 755 2103 Foedu
787 2054 972 2117 suc-ies]
1027 2053 1072 2102 1.
1115 2069 1162 2101 e.
1209 2053 1506 2102 indecorum
1553 2061 1609 2101 et

541 2131 765 2195 principi
789 2138 941 2193 turpe
967 2132 1342 2192 spectaculum.
1413 2131 1497 2178 De
1525 2144 1610 2178 vo·

539 2209 728 2258 cabulo
753 2214 767 2236 ‘
788 2206 949 2257 facies
970 2205 982 2226 '
1003 2208 1106 2255 dixi
1125 2208 1188 2256 ad
1208 2222 1254 2256 c.
1272 2220 1455 2256 xxxv.
1521 2207 1613 2254 Se·

545 2291 765 2348 quentes
792 2297 964 2344 voces,
993 2284 1155 2347 populi
1178 2283 1387 2331 Romam·
1410 2284 1612 2345 impera·

543 2365 638 2416 tor,
677 2375 793 2410 cum
834 2361 884 2408 in
926 2360 1186 2423 plerisque
1221 2358 1487 2408 codicibus
1520 2371 1620 2426 per·

544 2435 905 2501 compendium
929 2437 1138 2499 scriptae
1163 2435 1287 2498 sint,
1308 2435 1369 2484 P.
1399 2434 1465 2481 R.
1490 2433 1615 2497 Imp.

544 2513 665 2561 binc
685 2512 996 2561 variationes
1020 2518 1073 2559 et
1097 2512 1284 2560 menda
1311 2513 1360 2559 in
1386 2511 1500 2559 aliis
1525 2525 1615 2558 ex-

546 2587 857 2649 emplaribus
883 2588 1127 2633 extitere.
1195 2586 1255 2634 1n
1293 2585 1476 2633 codice
1512 2585 1613 2632 Ve-

545 2668 667 2713 neto
691 2667 739 2709 2.
764 2662 900 2722 lego,
922 2675 1026 2708 cum
1062 2675 1111 2722 p.
1144 2675 1186 2707 r.
1222 2675 1370 2723 nuper
1391 2661 1616 2722 alienum,

544 2741 626 2801 &a
662 2738 712 2785 in
749 2737 1146 2799 Salisburgeusi,
1177 2752 1281 2784 cum
1315 2738 1476 2799 populi
1515 2737 1618 2784 Ro-

543 2814 675 2862 mani
706 2828 857 2876 nuper
886 2815 1109 2863 alienum.
1178 2816 1241 2862 Iu
1266 2815 1450 2877 quibus
1473 2815 1617 2864 vides

545 2902 731 2938 nomen
768 2890 935 2950 imper.
960 2890 1068 2937 sive
1103 2890 1383 2952 imperator,
1418 2900 1615 2940 temere

547 2981 850 3017 conversum
887 2981 1003 3016 esse
1039 2967 1091 3015 in
1127 2982 1287 3030 nuper.
1356 2968 1525 3017 Etiam
1564 2968 1614 3016 in

548 3046 862 3096 Londinensi
892 3046 1122 3095 editione
1160 3061 1242 3094 an.
1265 3050 1408 3094 1716.
1436 3047 1615 3094 vitiose

548 3122 745 3174 editum
778 3130 878 3185 est,
913 3138 1015 3171 cum
1050 3123 1211 3185 populi
1235 3123 1440 3170 Romani
1462 3122 1614 3183 Impe-

546 3201 632 3249 rii.
698 3201 763 3250 In
809 3200 990 3249 codice
1038 3199 1318 3257 Patavino,
1373 3205 1427 3246 et
1485 3197 1617 3246 libro

547 3276 819 3330 vossiano,
853 3290 956 3323 cum
993 3275 1212 3337 princeps
1246 3274 1466 3336 imperii,·
1503 3288 1617 3335 quse

548 3355 707 3403 lectio
727 3354 845 3401 milii
873 3367 971 3401 non
994 3351 1315 3413 displiceret,
1332 3351 1375 3399 si
1395 3351 1479 3400 alii
1501 3351 1617 3400 libri

549 3429 1003 3490 adstipularentur.
1042 3427 1194 3475 Idem.

563 3534 570 3541 .
618 3504 835 3551 Alienum
876 3505 1084 3568 cursum]
1139 3503 1187 3552 Ι.
1229 3518 1278 3552 e.
1323 3504 1470 3565 alius,
1516 3517 1619 3552 non

550 3593 676 3634 suat,
723 3580 869 3626 navis
915 3596 1140 3642 cursum,
1185 3582 1417 3644 aliusque
1475 3581 1620 3629 navis

549 3655 971 3719 gubernatorem.
1038 3659 1258 3707 Alienum
1289 3660 1423 3706 enirn
1457 3672 1621 3720 oppo-

547 3732 691 3782 nitur
713 3746 834 3786 stt0,·
872 3738 926 3778 ut
965 3733 1102 3794 apud
1143 3733 1415 3795 Nostrum,
1450 3734 1619 3795 Epist.

550 3825 606 3861 v.
640 3814 720 3859 1⁴.
749 3811 764 3837 ‘
788 3807 1017 3870 Oportet
1054 3811 1226 3858 omnia
1268 3819 1354 3858 aut
1394 3810 1457 3857 ad
1495 3811 1619 3858 alie-

549 3902 671 3937 num
695 3884 984 3949 arbitrium,
1008 3891 1099 3934 aut
1122 3886 1183 3933 ad
1217 3900 1384 3946 suum,
1408 3884 1621 3935 tacerel

550 3965 701 4014 Idem.

566 4069 575 4075 ·
624 4042 756 4090 Velut
778 4045 915 4104 capta
937 4039 1081 4103 uoce]
1115 4041 1244 4089 Cnm
1277 4039 1421 4087 navis
1456 4039 1614 4103 impe·

551 4122 745 4169 ratoria
771 4121 1033 4168 videretur
1068 4122 1215 4168 navis
1239 4118 1475 4181 quaedatn
1506 4120 1619 4168 bos-

552 4195 863 4258 tilis‚-eaqne
894 4194 1029 4243 bello
1063 4202 1240 4257 capta,
1263 4209 1378 4259 quae
1401 4210 1431 4244 a
1458 4195 1619 4244 victo·

553 4270 694 4320 ribus
742 4273 878 4321 tralii
930 4273 1152 4337 solebat,
1197 4280 1257 4323 ut
1300 4272 1482 4322 videre
1537 4278 1619 4323 est

1223 388 1441 436 NOTAE
1496 385 1904 435 vammum
1955 384 2040 433 nt

1674 529 1814 593 apud
1843 529 1956 579 Liv.
1977 525 2073 576 lib.
2094 538 2239 576 xxtt.
2273 526 2496 576 Patare&

1746 606 1882 656 Velat
1902 610 2040 667 cepta
2061 605 2204 669 aare]
2237 604 2280 653 1.
2306 618 2355 652 e.
2379 611 2749 667 tanqua-‘na-

1677 682 1754 732 vis
1799 680 2129 744 imperatoris
2173 687 2331 744 capta
2373 686 2534 738 esset,
2574 685 2630 727 et
2673 676 2744 725 ab

1675 758 1777 805 alia
1801 771 1930 806 nave
1955 755 2263 804 traheretur.
2333 754 2452 805 Jam
2475 753 2565 802 alii
2588 766 2747 800 anuo·

1677 834 2074 897 tat-unt,respici
2094 848 2307 889 morem,
2323 846 2424 897 quo
2447 845 2610 881 naves
2631 831 2748 880 bos·

1678 914 1989 973 tiumcaptae
2006 911 2259 960 victorum
2281 908 2497 958 navibus
2520 907 2754 970 alligari,

1678 997 1732 1038 et
1754 993 1826 1038 sic
1849 989 1913 1038 ab
1938 989 2015 1036 liis
2039 987 2170 1037 trabi
2195 986 2363 1034 solite
2388 984 2509 1033 sint.
2572 984 2751 1033 Livius

1677 1066 1832 1127 enim,
1870 1078 2018 1113 xxtt.
2050 1069 2136 1115 2⁰.
2170 1062 2238 1110 de
2270 1060 2440 1123 captis
2463 1060 2749 1109 Poenornn

1676 1141 1894 1191 navibus
1922 1158 1933 1187 ε
1981 1147 1997 1171 ⁸
2020 1138 2237 1188 Romani
2276 1171 2290 1186 .
2317 1171 2332 1186 .
2362 1169 2376 1185 .
2410 1135 2548 1184 lsaud
2593 1149 2752 1185 cunc·

1678 1225 1852 1267 tanter
1908 1216 2129 1266 insecuti
2193 1212 2452 1278 trepidam
2521 1211 2750 1261 bostium

1678 1295 1913 1357 classem,
1944 1306 2099 1341 naves
2134 1305 2333 1345 omnes,
2367 1302 2484 1353 qut
2515 1301 2622 1335 non
2655 1294 2749 1337 aut

1681 1369 2045 1434 perfregerant
2106 1381 2287 1431 proras
2343 1365 2523 1415 littore
2568 1364 2749 1426 illisas,

1679 1455 1768 1496 aut
1809 1447 2011 1496 carinas
2047 1443 2271 1493 fixerant
2295 1441 2464 1495 vadis,
2499 1440 2751 1503 religatas

1682 1525 1789 1571 suis
1829 1521 2093 1586 puppibus
2140 1522 2191 1569 in
2237 1520 2396 1568 altum
2435 1524 2749 1566 extraxere:

1683 1601 1746 1648 ad
1771 1600 1998 1663 quinque
2038 1604 2092 1646 et
2118 1594 2297 1659 viginti
2333 1607 2491 1642 naves
2525 1606 2595 1641 ex
2629 1607 2752 1656 qua·

1682 1677 1918 1739 draginta
1941 1673 2166 1737 cepere-⁹
2228 1669 2522 1721 Sobefferus
2548 1670 2618 1718 de
2653 1670 2752 1718 Mi-

1683 1754 1798 1802 litia
1835 1753 2042 1815 Navali,
2066 1765 2145 1800 tv.
2176 1754 2228 1800 2.
2264 1749 2352 1797 nbi
2388 1747 2458 1797 de
2491 1746 2751 1810 triumpho

1683 1830 1854 1879 navali
1881 1829 2005 1890 agit,
2029 1827 2202 1881 docet,
2226 1826 2382 1874 etiam
2409 1823 2754 1886 triumphato·

1685 1922 1792 1956 rem
1822 1919 1995 1954 secum
2024 1918 2126 1953 uon
2158 1916 2276 1951 suas
2298 1902 2556 1950 duntaxat
2579 1911 2754 1953 naves,

1686 1983 1776 2033 sed
1810 1989 1864 2031 et
1898 1981 2133 2036 hostiles,
2159 1978 2418 2043 puppibus
2441 1989 2652 2025 suarum
2676 1988 2754 2023 re·

1687 2061 1888 2122 ligatas,
1913 2058 2141 2118 diixisse,
2169 2070 2360 2119 easque
2391 2054 2575 2118 plenas
2611 2052 2756 2101 tabu-

1688 2138 1749 2185 lis
1773 2147 1825 2185 et
1850 2135 2046 2198 spoliis.
2118 2134 2184 2181 Et
2205 2132 2280 2180 sic
2304 2129 2561 2181 Germani
2595 2129 2755 2178 etiam

1689 2225 1870 2260 navem
1912 2208 2208 2272 praetoriam
2250 2207 2603 2255 Romanorum
2636 2217 2759 2266 cap·

1688 2293 1791 2336 tam
1819 2285 2041 2334 traxisse
2066 2284 2328 2341 videntur,
2359 2281 2427 2330 de
2452 2281 2643 2345 quibas
2662 2280 2758 2328 Ta·

1689 2364 1779 2412 cit.
1819 2362 1956 2424 Hist.
1980 2374 2035 2410 ν.
2057 2364 2139 2409 22.
2173 2365 2187 2387 ³
2207 2359 2377 2407 Multa
2406 2357 2524 2406 loee
2555 2355 2760 2405 revecti

1687 2441 1884 2501 hostes,
1928 2437 2152 2502 captivis
2187 2433 2423 2490 navibus.
2462 2433 2761 2496 pretoriani

1690 2519 1970 2571 triremem,
2020 2511 2230 2562 flumine
2289 2509 2513 2573 Luppia,
2567 2508 2762 2558 donum

1690 2591 1922 2641 Velledoe
1961 2585 2211 2639 traxere.'
2276 2585 2426 2635 Idem
2461 2585 2530 2634 dc.
2568 2586 2764 2636 Deme·

1694 2670 1814 2730 trio,
1854 2667 1941 2732 qui
1984 2666 2330 2714 Ptolemaeum
2373 2662 2546 2711 navali
2588 2676 2762 2726 pugna

1691 2747 1908 2804 vicerat,
1929 2748 2108 2791 narrat
2144 2740 2408 2790 Diodorus
2437 2737 2650 2787 Siculus
2671 2737 2763 2786 lib.

1691 2835 1788 2871 xx.
1814 2837 1864 2884 p.
1891 2822 2005 2868 760.
2052 2816 2319 2882 Δημήτριος
2344 2814 2656 2878 ναυμαχήσας
2675 2814 2764 2863 φὰς

1691 2897 1807 2947 ἰδίας
1849 2897 1960 2946 ναῦς
1998 2893 2243 2954 κοσμήσω
2278 2894 2381 2942 τοῖς
2415 2890 2763 2954 ἀκροστολίοις.

1692 2975 1768 3023 καὶ
1789 2973 1877 3023 τὰς
1906 2971 2118 3022 ἁλούσας
2146 2968 2462 3033 ἐφελκόμενος
2491 2968 2580 3018 τὸν
2613 2970 2767 3018 na&

1692 3053 1893 3101 ἐποιεῖτο
1914 3048 2030 3113 πρὸς
2048 3049 2137 3097 τὸν
2158 3047 2329 3097 οἰκεῖον
2349 3044 2538 3107 λιμένα.
2591 3048 2766 3097 Dene-

1692 3129 1818 3177 trius
1862 3127 2015 3175 victor
2058 3125 2222 3174 natali
2259 3124 2430 3186 pretio
2472 3138 2619 3173 nem
2659 3139 2768 3173 suas

1692 3203 1959 3252 acrostoliis
1980 3206 2182 3250 exornat
2195 3216 2216 3259 ,-
2247 3205 2412 3264 coptos
2440 3215 2550 3249 vero
2573 3201 2769 3250 trabeas

1691 3281 1951 3329 revertitur
1972 3280 2022 3327 in
2041 3282 2235 3341 portum
2252 3290 2404 3325 naas.
2440 3276 2563 3326 Non
2590 3284 2768 3326 tamen

1692 3358 1824 3405 solas
1849 3363 2034 3419 captas
2060 3368 2238 3416 naves,
2262 3353 2356 3404 sed
2389 3362 2446 3404 et
2479 3354 2612 3403 alias
2647 3367 2771 3403 one-

1695 3434 1872 3490 rarias,
1896 3431 2177 3495 aliquando
2198 3430 2381 3479 eodem
2407 3429 2561 3479 modo
2594 3439 2772 3480 traxe·

1695 3524 1768 3559 re.
1836 3507 1950 3557 Liv.
1987 3520 2124 3556 xxv.
2162 3511 2243 3557 80.
2277 3507 2588 3556 ‘Marcellus
2613 3515 2772 3558 nocte

1694 3586 1864 3635 navim
1890 3584 2179 3634 onerariam
2204 3597 2320 3632 cum
2341 3583 2557 3632 armatis
2578 3585 2773 3633 remul-

1697 3673 1757 3710 co
1780 3660 2124 3724 quadriremis
2161 3658 2293 3707 trabi
2326 3658 2390 3706 ad
2417 3658 2771 3709 Achradinam

1688 3739 1884 3802 jussit,’
1915 3738 1952 3786 i.
1974 3750 2024 3786 e.
2044 3736 2340 3799 explicante
2363 3733 2659 3791 Sebeffero.
2682 3750 2768 3786 na-

1698 3816 1773 3864 vis
1798 3813 2035 3864 oneraria
2061 3826 2163 3861 non
2196 3812 2410 3861 incessit
2436 3827 2529 3876 pro
2554 3828 2612 3863 se
2637 3813 2770 3878 ipsa,

1696 3891 1785 3940 sed
1811 3888 2124 3954 quadriremi
2151 3888 2363 3950 alligata
2383 3885 2530 3950 sune,
2551 3890 2692 3938 molli
2715 3899 2770 3940 et

1696 3967 1799 4016 leni
1824 3972 1995 4015 tractu
2018 3963 2081 4012 ad
2104 3972 2524 4028 progressummt
2547 3965 2622 4014 ait
2645 3965 2772 4016 Fes-

1697 4050 1800 4102 tus,
1832 4040 2175 4091 mulcebatur.
2240 4039 2303 4088 ld
2346 4040 2483 4104 qnod
2525 4039 2590 4090 ad
2628 4040 2767 4091 lianc

1697 4120 1854 4167 Plinii
1894 4119 2059 4167 locum
2103 4116 2465 4166 illustrandum
2509 4116 2643 4167 bene
2684 4132 2770 4168 ac·

1694 4193 2009 4243 commodari
2047 4198 2242 4256 potest.
2309 4192 2499 4243 Isidor.
2554 4206 2677 4243 xta.
2715 4201 2769 4245 4.

1696 4279 1711 4301 ·
1731 4271 2052 4333 Remulcum,
2068 4267 2224 4332 funis,
2242 4282 2347 4334 quo
2365 4269 2596 4335 deligata
2619 4273 2767 4322 navis
