3060 4902
530 387 663 453 738

530 548 547 575 ⁸
565 544 872 612 participem
889 534 1071 589 sunm!
1088 536 1104 564 ⁸
1123 534 1239 585 Nec
1263 531 1345 581 fas
1370 526 1489 587 est‚'
1522 527 1601 575 in·

535 625 666 687 quit,
698 619 829 668 ‘ulla
851 631 932 666 me
953 614 1224 675 voluptate
1246 608 1330 656 hic
1355 604 1480 664 frui,
1504 602 1600 652 nisi

533 698 622 747 ubi
647 696 733 746 ille
757 696 858 743 huc
879 691 1051 740 salvus
1075 686 1291 736 redierit
1316 695 1460 731 meus
1481 693 1597 743 par·

532 770 739 835 ticeps!
805 770 956 817 More
1001 766 1136 814 enim
1177 763 1424 818 Romano,
1465 755 1599 804 filius

532 850 549 877 ‘
587 847 851 911 particeps
892 840 1085 906 patris'
1120 838 1411 896 dicebatur,
1458 832 1599 896 quia,

534 933 687 990 patre
724 925 859 984 vivo,
882 915 1278 968 existimabatur
1302 911 1491 959 habere
1508 908 1599 970 jus

537 1004 783 1051 bonorum
805 1015 821 1058 3
866 996 977 1056 sed,
1019 1008 1081 1041 eo
1125 996 1342 1041 mortuo,
1392 984 1598 1032 demum

536 1075 930 1140 possessionem.
998 1071 1113 1120 Quo
1144 1064 1377 1126 respexit
1412 1068 1463 1107 et
1488 1059 1602 1108 Cic.

536 1156 693 1204 Verr.
737 1167 776 1201 ι.
809 1152 892 1198 44.
940 1148 955 1174 ‘
984 1142 1185 1195 Quibus
1220 1153 1337 1187 cum
1376 1131 1601 1199 (liberis)

534 1233 638 1281 vivi
666 1232 801 1279 bona
823 1233 1000 1275 nostra
1020 1219 1291 1284 partimur,
1315 1213 1374 1262 iis
1408 1219 1602 1275 praetor

536 1309 783 1366 adimere,
820 1302 966 1352 uobis
1001 1295 1234 1354 mortuis,
1267 1292 1399 1339 bona
1438 1288 1601 1337 fortu-

537 1397 733 1446 nasque
760 1378 954 1443 poterit
972 1374 1006 1423 ?'
1045 1373 1329 1424 Justinian.
1347 1366 1519 1416 Instit.
1536 1365 1601 1412 de

539 1461 808 1512 Heredum
833 1455 984 1509 Qual.
1004 1460 1059 1501 et
1087 1448 1208 1500 Diff.
1230 1451 1256 1513 ς
1282 1452 1331 1495 2.
1367 1447 1381 1472 ‘
1404 1445 1492 1493 Sui
1515 1444 1600 1491 he·

537 1540 710 1595 redes,
726 1538 811 1602 qui
828 1537 943 1584 vivo
963 1542 1165 1595 quoque
1191 1533 1341 1589 patre
1355 1522 1602 1587 quodam-

538 1619 692 1667 modo
727 1614 918 1665 domini
952 1604 1341 1659 existimantur!
1390 1601 1475 1653 Cf.
1499 1602 1604 1651 Ex·

541 1710 676 1745 curs.
703 1706 841 1741 xmr.
876 1689 1120 1737 Schwarz.

608 1772 765 1826 Quam
808 1765 1026 1831 propria]
1075 1762 1137 1810 In
1174 1758 1306 1808 libro
1351 1754 1605 1805 Vossiano

540 1855 846 1899 annotatum
889 1849 991 1901 est,
1035 1837 1169 1901 qnasi
1214 1833 1425 1897 propria,
1470 1831 1607 1894 quasi

537 1928 702 1974 nostra
724 1926 851 1970 sunt.
915 1915 1018 1965 Sed
1042 1915 1154 1960 lia’c
1180 1911 1345 1958 inanis
1372 1913 1451 1955 est
1473 1906 1606 1954 vari·

542 2000 649 2049 atio
671 2015 685 2060 ;
709 2010 805 2045 nec
830 1994 993 2058 pluris
1020 1988 1158 2039 facio
1184 1986 1493 2047 scripturam
1520 1997 1606 2030 co-

541 2076 673 2125 dicis
717 2065 1181 2134 Guelpherbytani,
1221 2076 1358 2125 quam
1392 2059 1605 2123 propria,

544 2159 643 2203 tam
659 2156 823 2199 nostro
846 2152 974 2196 suut.
1009 2144 1175 2193 Idem.

611 2232 764 2279 Omne
786 2222 1035 2286 stagnum]
1074 2217 1329 2282 Loquitur
1369 2214 1434 2263 de
1476 2212 1607 2262 villis

543 2308 774 2371 priorum
800 2299 1111 2367 principum,
1130 2296 1217 2359 qui
1243 2308 1304 2341 ea
1323 2291 1498 2354 specie
1516 2292 1607 2338 im·

542 2396 774 2431 mensum
835 2389 1071 2442 agrorum
1120 2378 1344 2421 tractum
1387 2381 1608 2431 occupa·

542 2462 691 2511 bant.
738 2459 877 2520 Lips.

615 2538 847 2585 Immensa
872 2526 1184 2594 possessione]
1208 2525 1337 2575 Noti
1364 2524 1413 2571 in
1440 2523 1610 2571 Nero-

541 2630 661 2664 nem
681 2625 879 2668 versus,
901 2617 916 2637 ‘
939 2610 1098 2656 Roma
1121 2604 1300 2651 domus
1319 2599 1430 2658 fiet,
1449 2598 1610 2645 Veios

543 2691 766 2752 migrate
790 2685 1039 2741 Quirites,
1062 2680 1113 2728 Si
1135 2693 1235 2726 non
1262 2683 1317 2725 et
1342 2673 1500 2721 Veios
1524 2686 1609 2721 oc·

545 2771 707 2828 cupat
726 2765 826 2810 ista
850 2757 1063 2808 domus-⁹
1096 2754 1265 2803 Livin.

612 2841 845 2890 Immensa
896 2829 1203 2898 possessione]
1255 2827 1487 2875 Allusum
1546 2824 1610 2872 ad

544 2932 650 2972 eoS,
675 2916 761 2980 qni
784 2913 882 2962 sibi
908 2910 1076 2958 omnia
1104 2904 1364 2962 volebant,
1383 2909 1436 2950 et
1456 2915 1614 2962 super

544 2995 733 3046 civium
775 2989 949 3038 ruinas
990 2980 1266 3046 magnifica
1312 2978 1406 3026 sibi
1454 2990 1613 3038 opera

546 3067 919 3120 construebant
942 3079 957 3123 ;
980 3070 1033 3111 et
1056 3060 1274 3109 maxime
1295 3054 1357 3104 ad
1386 3053 1613 3103 Neronis

546 3157 805 3210 tempora,
825 3142 891 3190 de
924 3154 1025 3202 quo
1062 3137 1270 3195 vulgata
1305 3132 1395 3180 illa
1429 3130 1612 3178 carmi·

547 3238 634 3285 na,
654 3219 789 3285 apud
818 3219 1032 3266 Sueton.
1056 3226 1173 3272 cap.
1197 3212 1277 3258 29.
1299 3214 1312 3235 ⁸
1335 3206 1499 3253 Roma
1524 3203 1612 3252 do·

546 3314 661 3348 nnis
701 3296 824 3345 fiet:
879 3292 1030 3341 Veios
1070 3289 1303 3350 migrate,
1350 3282 1613 3341 Quirites3

547 3377 603 3425 Si
629 3388 730 3423 non
755 3380 811 3422 et
836 3370 991 3418 Veios
1016 3368 1240 3427 occupat
1274 3361 1374 3409 ista
1397 3356 1613 3407 doinus!

550 3450 800 3503 Quamvis
840 3445 1047 3507 Lipsius
1082 3441 1208 3488 nolit
1248 3438 1322 3486 eis
1358 3434 1614 3489 assentiri,

549 3529 637 3591 qui
662 3529 776 3574 haec
800 3523 864 3571 de
891 3518 1110 3570 Neronis
1126 3515 1278 3563 domo
1296 3512 1440 3561 dicta
1463 3510 1615 3559 intel·

549 3606 736 3667 ligunt.
773 3597 991 3647 Patorol.

616 3672 919 3726 Possessione
961 3664 1293 3727 circumvenis]
1338 3661 1383 3710 1.
1428 3675 1476 3710 e.
1519 3660 1614 3709 im-

548 3767 727 3803 mensa
751 3747 1068 3814 possessione
1094 3740 1385 3792 circumdas
1410 3744 1463 3786 et
1495 3750 1615 3785 con·

550 3829 748 3890 cludis;
793 3823 1100 3885 metaphora
1140 3818 1223 3867 vel
1262 3816 1327 3865 ab
1369 3814 1616 3876 indagine

550 3904 871 3956 venantium,
884 3905 939 3949 et
953 3898 1106 3946 silvas
1124 3894 1268 3958 quasi
1286 3891 1582 3940 vallantium
1599 3903 1616 3949 ς

550 3983 632 4032 vel
658 3980 722 4030 ab
746 3975 980 4028 exercitu
1012 3973 1185 4021 hostes
1208 3966 1616 4018 circumcluden-

552 4066 609 4108 te
632 4065 685 4107 et
711 4059 952 4116 urgente,
980 4048 1235 4096 desumta.
1303 4044 1441 4092 Pliu.
1476 4041 1614 4090 Hist.

553 4136 684 4185 Nat.
736 4143 861 4180 vin.
905 4130 954 4176 8.
1008 4123 1097 4173 ubi
1140 4123 1206 4171 de
1252 4116 1616 4182 elephantibus

551 4211 681 4273 agit,
738 4210 754 4237 ⁸
787 4200 1146 4257 Circumventi
1190 4213 1221 4247 a
1284 4193 1615 4253 venantibus,

552 4287 748 4350 primos
762 4282 1089 4337 constituunt
1104 4271 1333 4331 minimi-⁹
1353 4274 1485 4326 Quae
1501 4283 1614 4320 ver·

1226 387 1447 439 NOTAE
1497 378 1905 433 VARtORUM
1956 376 2039 426 IN

1679 521 1746 572 ba
1769 520 1842 570 sie
1870 516 2048 568 reddit
2081 513 2291 566 Solinus
2320 525 2437 576 cap.
2457 514 2541 561 25.
2573 509 2591 539 ⁸
2612 510 2748 561 Cum

1675 608 1869 650 venatu
1905 601 2232 661 premuntur,
2273 592 2471 657 pariter
2507 586 2752 652 affligunt

1677 673 1965 739 utrosque.‚’
1988 675 2086 721 διο.
2118 670 2333 720 Sallust.
2354 666 2605 730 Jugurth.
2629 679 2752 728 cap.

1679 759 1760 802 57.
1808 751 2042 801 ‘Moenia
2082 746 2319 796 exercitu
2365 738 2752 792 circumvenit!

1677 828 1824 878 Idem
1850 840 1967 888 cap.
1983 828 2067 872 76.
2091 823 2107 851 ⁸
2126 820 2277 869 Vallo
2299 818 2546 880 fossaque
2563 814 2753 863 moenia

1679 896 2059 951 circumvenit)
2116 896 2295 945 Caesar
2341 893 2405 941 B.
2450 891 2523 941 G.
2564 903 2620 939 ν.
2666 893 2751 938 35.

1676 980 1691 1005 ‘
1727 980 1795 1026 Et
1830 976 1896 1024 ab
1931 976 1991 1023 iis
2029 972 2116 1037 qni
2165 975 2448 1030 cesserant,
2495 971 2550 1013 et
2585 964 2651 1012 ab
2687 965 2752 1011 iis

1681 1054 1766 1117 qui
1808 1050 2030 1115 proximi
2067 1054 2342 1106 steterant,
2379 1042 2755 1093 circumvenie-

1680 1127 1909 1180 bantur!
1965 1126 2077 1175 Cic.
2117 1124 2181 1172 de
2227 1120 2386 1171 offic.
2429 1133 2491 1169 n.
2534 1122 2616 1166 1⁴.
2650 1115 2753 1165 ‘Ei

1681 1205 2034 1263 subveniatur,
2092 1200 2179 1263 qni
2245 1197 2478 1262 potentis
2534 1193 2753 1255 alicujus

1680 1282 1866 1345 opibus
1902 1275 2267 1330 circumveniri
2300 1272 2573 1337 urgerique
2615 1270 2757 1319 vide·

1683 1358 1802 1408 tur.'
1835 1356 2006 1407 Tacit.
2033 1353 2222 1403 Anual.
2246 1365 2284 1401 1.
2305 1355 2387 1400 25.
2411 1352 2426 1378 ‘
2449 1346 2628 1397 Ceteri
2659 1346 2753 1394 tri-

1681 1435 1838 1483 bunal
1869 1432 2071 1496 ingenti
2087 1428 2290 1493 agmine
2306 1419 2758 1476 circumveniunt?

1683 1514 1928 1562 Schwarz.

1750 1585 1998 1649 Flumina]
2034 1580 2173 1635 Quid
2213 1577 2433 1629 mirum?
2474 1589 2592 1625 cum
2626 1582 2754 1623 tunc

1684 1678 1807 1727 opes
1844 1663 2059 1726 privatae
2098 1661 2167 1709 ita
2201 1669 2423 1718 magna‘,
2447 1659 2505 1701 ut
2537 1649 2755 1700 flumina

1682 1741 1935 1789 haberent
1961 1740 2013 1787 in
2048 1751 2139 1786 suo
2166 1734 2392 1784 orientia
2414 1735 2468 1779 et
2489 1727 2756 1779 cadentia.

1683 1819 1882 1867 Seneca
1920 1817 2085 1880 Epist.
2123 1817 2206 1862 89.
2242 1807 2557 1859 ‘Illustrinm
2581 1803 2757 1854 flumi-

1685 1908 1805 1941 num
1833 1907 1926 1956 per
1969 1891 2226 1954 privatum
2263 1886 2528 1939 decursus,
2568 1888 2624 1930 et
2648 1895 2757 1930 am-

1685 1984 1774 2017 nes
1821 1967 2011 2031 magni‚
2068 1973 2470 2026 magnarumque
2514 1957 2755 2022 gentium

1684 2046 1913 2106 termini,
1961 2056 2124 2106 usque
2172 2040 2238 2088 ad
2284 2037 2471 2086 ostium
2511 2049 2542 2083 a
2583 2032 2755 2095 fonte,

1684 2122 1846 2171 vestri
1889 2122 2062 2168 suntz’
2104 2123 2159 2166 et
2206 2116 2357 2178 plura
2393 2110 2510 2160 huic
2548 2110 2624 2159 rei
2665 2110 2757 2158 vix

1685 2197 1962 2247 credendae
2008 2199 2063 2244 et
2105 2189 2444 2249 admirandae,
2476 2202 2593 2251 quae
2628 2185 2756 2236 sub·

1678 2276 1873 2339 jungit.
1941 2270 2176 2334 Ideoque
2222 2275 2277 2318 et
2321 2267 2374 2315 in
2420 2264 2754 2314 Admirandis

1687 2353 1790 2400 dixi
1813 2351 1903 2399 lib.
1930 2363 1992 2399 ιι.
2016 2363 2134 2411 cap.
2161 2346 2254 2395 ult.
2323 2344 2442 2393 Non
2467 2340 2645 2402 audio,
2663 2339 2755 2405 qui

1683 2430 1797 2479 haec
1842 2428 1906 2477 ad
1954 2423 2179 2476 Neronis
2222 2421 2429 2471 domum
2476 2417 2756 2469 referunt:

1684 2505 1983 2569 planissime
2039 2506 2222 2550 contra
2274 2495 2436 2547 Plinii
2491 2495 2653 2545 verba
2698 2501 2758 2544 et

1682 2589 1930 2632 mentem.
1965 2579 2103 2641 Lips-

1752 2657 1955 2720 Fontes]
1980 2655 2157 2703 Fontes
2179 2650 2402 2700 arbitror
2424 2662 2623 2709 verum,
2648 2661 2756 2696 non

1684 2741 1885 2790 montes,
1924 2731 2060 2797 quod
2094 2731 2146 2778 in
2172 2729 2232 2778 C.
2258 2727 2448 2775 editur.
2519 2724 2597 2774 Ac
2629 2724 2756 2774 mihi

1686 2809 2009 2858 commodum
2053 2805 2270 2854 veniunt
2316 2802 2370 2850 iu
2421 2807 2648 2849 mentem
2699 2806 2756 2849 et

1686 2886 1958 2948 Propertii
1999 2882 2099 2932 mei
2145 2892 2348 2937 versus,
2390 2891 2520 2941 quos
2560 2876 2755 2925 adscri-

1688 2963 1824 3022 bam,
1863 2968 1917 3011 et
1950 2974 2053 3009 non
2084 2971 2188 3007 uno
2211 2956 2325 3004 loco
2347 2954 2654 3002 medicinam
2679 2953 2756 3003 eis

1686 3038 1890 3089 faciam.
1925 3037 2041 3087 ‘Ne
2079 3035 2168 3084 tibi
2203 3033 2271 3082 sit
2305 3030 2492 3080 durum
2532 3038 2758 3093 montes,

1687 3124 1741 3166 et
1766 3115 1955 3176 frigida
1992 3126 2139 3171 saxa,
2175 3108 2350 3169 Galle,
2374 3121 2543 3171 neque
2566 3120 2756 3170 exper-

1689 3203 1768 3241 tos
1806 3202 2010 3253 semper
2044 3187 2187 3237 adire
2225 3185 2387 3239 lacus,
2427 3183 2559 3235 Qnae
2597 3185 2759 3233 miser

1687 3265 1912 3331 ignotis,'
1944 3269 2064 3314 &cr
2111 3262 2304 3310 Moneo
2332 3259 2761 3323 primum,sontes

1684 3346 1979 3408 legendum,
2025 3354 2126 3390 non
2171 3342 2393 3386 montes.-
2446 3335 2759 3385 dehortatur

1687 3423 1820 3472 enim
1858 3420 2067 3469 Gallum
2102 3432 2132 3465 a
2166 3414 2396 3464 fontibus
2428 3426 2491 3462 ac
2532 3409 2759 3462 flumini·

1688 3501 1801 3563 bus,
1834 3505 1889 3548 et
1916 3497 2123 3546 omnino
2158 3494 2224 3543 ab
2254 3493 2425 3557 aquis,
2445 3505 2549 3540 non
2572 3491 2761 3540 monti·

1686 3576 1800 3626 bus.
1853 3573 2093 3624 Probaut
2137 3577 2344 3633 aperte.
2389 3581 2506 3630 quae
2555 3579 2760 3629 precs·

1687 3652 1836 3715 dunt,
1881 3652 1990 3697 sive
2026 3649 2171 3709 leges
2211 3644 2503 3693 ‘umbrosa
2542 3638 2759 3691 flumina

1687 3727 1870 3784 silvae,'
1902 3731 2001 3776 &c.
2068 3726 2198 3774 Tum
2218 3725 2233 3751 ‘
2256 3719 2472 3770 durum’
2495 3721 2758 3784 interpre-

1690 3814 1772 3855 tor
1816 3802 2207 3852 ‘calamitosum
2253 3804 2310 3847 et
2355 3795 2575 3851 infelix,’
2619 3795 2759 3859 quod

1688 3879 1906 3944 χαλεπὸν
1922 3878 2096 3929 Graeci
2120 3876 2376 3925 dicerent.
2411 3872 2759 3923 Callimachus

1689 3961 1919 4009 Lavacro
1958 3952 2220 4003 Palladis:
2252 3948 2335 4000 Τίς
2362 3966 2421 3999 σε
2452 3947 2543 3998 τὸν
2576 3946 2758 4011 ὄφθητι-

1688 4037 1794 4096 uois
1821 4032 1975 4082 obice-1³
2007 4026 2325 4087 ἀπωσάμενον
2343 4025 2401 4075 Ὠ
2422 4023 2646 4087 Εὔηρείδα
2665 4041 2758 4085 χιι.

1690 4111 1845 4170 aen-hv
1864 4108 1973 4158 ὁδὸν
1987 4106 2144 4167 ἄγαγε
2160 4102 2366 4164 aalma
2389 4101 2442 4151 id
2467 4109 2568 4157 est,
2584 4108 2643 4151 nt
2663 4115 2757 4151 nos

1691 4191 1810 4240 olim
1848 4184 2199 4244 vertebamus,
2239 4180 2363 4236 Quis
2385 4182 2455 4240 ee,
2482 4192 2576 4227 non
2612 4177 2763 4229 oculis

1688 4266 1817 4319 solve
1852 4262 2041 4315 abitare
2093 4257 2210 4322 esis,
2251 4256 2447 4307 Durum
2488 4254 2604 4311 iter,
2645 4253 2759 4317 hue,
