3060 4902
533 305 668 375 936

536 467 624 518 ais.
694 466 861 518 Quam
888 466 1165 518 lectionem
1189 468 1347 518 etiam
1371 467 1600 532 Gryphi-

535 559 614 606 us,
650 542 930 609 Gruterus,
960 546 1248 602 Puteanus,
1280 552 1337 594 et
1369 546 1602 594 Bannius

536 622 880 686 evulgarunt3
912 638 1203 688 quanquam
1240 623 1379 686 apud
1409 623 1603 672 Grute-

533 714 645 749 rum
670 714 735 748 ex
760 714 936 750 errore
963 700 1294 764 typographi,
1328 714 1421 763 pro
1455 699 1603 747 atris.

1235 323 1453 372 No'rAE
1501 322 1908 374 vARtoszt
1960 316 2041 374 m
2139 358 2163 369 a

1675 468 2028 532 conjecturam
2052 466 2268 518 Gruteri
2303 475 2510 519 secutus
2542 484 2656 519 eam
2683 485 2745 521 o·

1677 544 1906 605 miserit3
1961 543 2181 593 eandem
2236 545 2462 594 nondum
2507 546 2743 611 abjicere

1677 633 1830 667 ausus
1849 634 1981 669 sum.
2018 620 2105 669 Ita
2130 633 2254 669 vero
2277 620 2379 669 ista
2398 621 2556 670 Rtinii
2583 623 2746 673 verba

1676 696 1943 759 explicare
1970 697 2155 746 velim:
2197 699 2377 760 thue,
2408 698 2442 749 i.
2466 713 2515 747 e.
2535 707 2590 747 et
2613 700 2740 750 licet

533 790 641 837 que,
663 788 910 825 excusum
935 785 1016 825 est
1036 777 1287 839 utriusque
1300 791 1319 834 ‚-
1342 775 1453 839 ipse
1478 789 1601 825 vero
1660 772 1769 833 jam
1789 773 1866 837 (in
1890 774 1986 824 isto
2006 775 2350 825 simulationis
2376 774 2545 839 statu)
2578 778 2742 827 adeas

534 850 799 900 Gruterus
815 852 996 902 maluit
1014 853 1210 915 legere,
1226 856 1281 900 nt
1294 867 1434 915 qaam
1445 852 1603 901 maxi·

531 942 609 976 me
646 928 807 978 eadem
839 926 899 977 ab
933 929 1148 992 utrisque
1182 927 1424 988 dicantur,
1457 927 1604 975 aliter

532 1003 773 1053 dicuntur.
842 1002 1182 1068 Adoptassem
1217 1005 1346 1053 hanc
1385 1002 1600 1052 Gruteri

535 1079 930 1142 conjecturam3
963 1081 1086 1144 quia
1112 1079 1235 1128 nihil
1258 1078 1457 1130 facilius
1485 1078 1601 1129 fieri

532 1157 732 1220 potuit,
782 1171 933 1219 qnam
977 1162 1036 1205 ut
1082 1156 1370 1220 particnlae,
1414 1171 1503 1219 que
1539 1170 1601 1205 ac

520 1231 645 1293 jam,
684 1233 734 1282 in
776 1246 926 1280 unam
965 1247 1162 1288 vocem.
1201 1248 1355 1295 quam,
1394 1232 1599 1281 coalue-

533 1309 671 1370 rint;
704 1316 757 1357 et
780 1308 900 1372 quia
923 1309 1112 1357 nemini
1141 1308 1351 1357 dubium
1375 1323 1489 1357 esse
1513 1323 1602 1372 po·

534 1391 662 1447 test,
687 1385 824 1447 apud
851 1385 1076 1447 optimos
1105 1392 1346 1434 auctores
1374 1385 1600 1433 usitatis-

533 1463 661 1514 sime
685 1464 791 1514 dici
822 1481 960 1529 qaam
990 1468 1216 1527 maxime,
1239 1472 1292 1516 et
1314 1481 1421 1515 cam
1442 1466 1600 1515 maxi-

533 1555 629 1597 me.
653 1543 732 1590 vel
768 1557 909 1605 qnam
942 1542 1162 1593 maxime.
1229 1545 1444 1600 Verum,
1475 1556 1601 1606 quo-

533 1617 676 1666 niam
711 1617 917 1667 codices
943 1632 1040 1667 non
1065 1620 1431 1669 contemnendi
1465 1620 1599 1667 lianc

533 1699 765 1743 nostram
792 1696 1068 1744 lectionem
1102 1696 1315 1758 habent,
1337 1696 1488 1760 cujus
1513 1710 1598 1745 ex·

532 1771 750 1833 plicatio
779 1772 938 1821 etiam
971 1774 1139 1821 locum
1178 1773 1366 1823 liabere
1406 1780 1599 1837 potest,

532 1861 712 1910 presse
754 1858 965 1898 secutus
1003 1850 1313 1913 scripturam
1350 1860 1601 1912 veterem,

530 1922 644 1971 haec
665 1924 822 1972 verba
847 1924 1056 1984 retinui,
1089 1929 1231 1987 utque
1251 1927 1358 1986 jam
1391 1926 1599 1975 maxime

531 2000 693 2046 eadem
712 1998 951 2058 dicantur,
981 2000 1124 2048 aliter
1155 2000 1395 2050 dicuntur.
1464 2002 1596 2052 Quae

479 2078 482 2087 '
530 2074 791 2139 scriptura
825 2084 973 2125 extat
1005 2077 1055 2124 in
1092 2076 1357 2126 codicibus
1389 2079 1599 2128 Vatica-

532 2150 636 2211 nis,
673 2151 979 2212 parisiensi,
1017 2161 1239 2216 utroque
1279 2155 1503 2217 Veneto,
1545 2164 1600 2205 et

532 2226 668 2276 libro
692 2226 936 2276 Gudiano
958 2232 1008 2277 2.
1079 2229 1139 2277 In
1166 2230 1545 2292 Salisbnrgensi
1570 2248 1599 2281 a

532 2304 702 2365 prima
727 2304 935 2367 quidem
957 2320 1104 2354 manu
1136 2314 1332 2355 tantum
1355 2308 1466 2356 haec
1486 2322 1601 2356 ver·

533 2378 602 2428 ba
641 2381 835 2443 scripta
875 2387 1044 2441 erant,
1079 2386 1222 2444 utque
1242 2383 1353 2442 jam
1396 2386 1602 2435 maxime

533 2457 695 2504 eadem
713 2457 963 2515 dic-metum
998 2457 1062 2506 ab
1100 2459 1200 2506 alia
1239 2468 1410 2508 tamen
1447 2475 1600 2510 maun

533 2532 735 2593 reliqua
784 2532 964 2593 verba,
1011 2533 1155 2581 aliter
1193 2535 1438 2598 dicuntur,
1478 2546 1600 2588 sunt

531 2606 728 2655 addita.
797 2607 983 2656 Posset
1016 2610 1113 2658 buc
1150 2611 1304 2659 etiam
1333 2611 1515 2662 referri
1543 2615 1599 2663 li·

532 2681 632 2730 ber
655 2683 954 2737 Vossianus,
979 2685 1075 2732 nisi
1104 2699 1196 2748 pro
1234 2702 1323 2748 que
1346 2690 1600 2753 scriptum

533 2757 602 2806 sit
626 2773 747 2820 qua,
772 2765 826 2805 et
850 2760 1070 2808 dicantur
1095 2776 1187 2823 pro
1209 2764 1448 2814 dicuntur.
1512 2767 1600 2815 In·

533 2834 686 2882 terim
727 2834 859 2882 lianc
899 2835 1061 2898 ipsam
1103 2838 1400 2902 lectionem,
1444 2858 1596 2907 quam

531 2910 726 2975 recepi,
758 2911 870 2975 jam
899 2913 1056 2962 etiam
1092 2916 1366 2977 prodidere
1395 2919 1598 2971 Plauti-

532 3003 650 3050 nus,
696 2989 1021 3054 Bernegger,
1068 2992 1324 3056 Haemus,
1363 2996 1599 3062 Patarol,

530 3065 877 3129 Arntzenius;
925 3074 980 3117 et
1021 3067 1099 3117 his
1139 3072 1402 3120 accenseri
1439 3073 1595 3123 etiam

530 3152 714 3208 posset
752 3144 1113 3208 cuspinianus,
1157 3147 1255 3197 nisi
1302 3163 1396 3210 pro
1440 3150 1597 3212 parti·

532 3221 652 3270 cula
700 3234 785 3283 que
828 3220 1080 3271 edidisset
1126 3236 1248 3285 quoe.
1313 3223 1376 3273 1n
1420 3235 1599 3275 nostra

531 3308 660 3343 vero
684 3295 905 3345 lectione
930 3311 1011 3346 rne
1034 3297 1100 3346 ab
1125 3299 1272 3349 initio
1302 3302 1452 3351 unice
1477 3303 1595 3352 soli·

534 3371 694 3420 citum
718 3373 895 3422 habuit
922 3374 1180 3436 particula
1196 3375 1337 3436 jam5
1365 3393 1480 3442 quae
1505 3379 1599 3429 mi·

535 3445 588 3493 hi
616 3447 695 3495 vel
720 3462 931 3510 prorsus
958 3450 1241 3513 abundare,
1263 3452 1496 3518 adeoque
1518 3470 1597 3504 re-

522 3519 621 3582 jici
647 3536 832 3583 posse;
869 3526 948 3572 vel
973 3540 1088 3575 cum
1114 3530 1457 3580 antecedente
1482 3546 1598 3595 par·

535 3595 696 3645 ticuln
735 3613 841 3659 qne,
880 3599 930 3646 in
970 3602 1277 3661 particulam
1314 3621 1454 3668 quam
1489 3623 1597 3656 mu·

532 3673 634 3721 tari
659 3672 873 3734 debere,
899 3673 1190 3734 videbatur,
1215 3693 1330 3728 cum
1366 3683 1600 3746 inprimis

532 3750 585 3799 in
608 3748 831 3811 antiquis
864 3749 1126 3798 codicibus
1164 3754 1450 3816 particulae,
1471 3758 1599 3822 jam,

534 3830 652 3886 tam,
696 3839 825 3888 nant,
868 3840 1025 3888 quom,
1076 3836 1294 3890 propter
1338 3833 1596 3895 quandam

534 3903 936 3965 similitudinem,
954 3903 1087 3952 haud
1115 3919 1231 3955 raro
1255 3907 1390 3956 inter
1407 3926 1462 3959 se
1483 3926 1597 3974 per·

530 3980 879 4030 misceantur:
907 3980 1066 4029 nihilo
1084 3981 1250 4032 minus
1273 3994 1463 4042 tamen.
1479 4002 1598 4038 cum

532 4070 598 4105 ea
621 4058 733 4120 ipsa
757 4057 1145 4122 particulajans,
1164 4060 1215 4108 in
1236 4063 1470 4113 omnibus
1489 4079 1598 4115 otn-

532 4133 656 4183 nino
696 4134 860 4196 libris,
901 4148 1019 4184 cum
1056 4137 1265 4201 scriptis
1302 4146 1409 4190 tum
1443 4156 1597 4192 excu-

532 4208 619 4270 sis,
657 4211 974 4273 reperiatur3
1020 4211 1119 4263 nisi
1157 4215 1292 4279 quod
1332 4216 1597 4269 Gesnerus

1674 850 1898 901 dicantar
1924 850 1983 901 ab
2017 852 2249 915 atrimae,
2270 852 2383 901 scil.
2407 867 2438 900 a
2459 854 2665 903 miseris
2684 862 2741 904 et

1675 924 1944 987 felicibns;
1995 936 2166 976 tamen
2206 929 2368 984 aliter.
2404 928 2454 978 b.
2489 943 2541 977 e.
2577 930 2737 979 inter·

1678 1010 1826 1064 prete
1865 1002 2059 1066 Lipsio‚
2093 1003 2194 1053 alia
2222 1004 2625 1068 asseveratione,
2659 1005 2739 1055 in·

1676 1081 1929 1137 tentione,
1962 1081 2127 1141 vultu,
2161 1095 2308 1144 sono,
2338 1089 2394 1130 et
2425 1082 2632 1144 spiritu,
2662 1082 2738 1130 ds·-

1674 1162 1862 1207 csmlur.
1925 1157 2255 1207 Tralatitium
2292 1163 2467 1207 autem
2502 1167 2600 1220 est,
2622 1173 2741 1222 par-

1677 1232 1883 1282 ticulam
1909 1234 2264 1283 concessivam
2289 1240 2364 1297 at,
2390 1249 2488 1298 pro
2525 1234 2543 1297 ξ
2563 1248 2738 1299 qnam·

1675 1308 1788 1365 vis,’
1823 1309 1936 1359 sive
1968 1309 1983 1336 ‘
2003 1309 2162 1365 licet,'
2192 1310 2326 1359 baud
2360 1324 2476 1360 raro
2499 1310 2641 1373 poni,
2663 1311 2739 1361 ita

1674 1385 1903 1449 quidem,
1928 1393 1988 1435 ut
2011 1386 2059 1435 ei
2084 1387 2237 1436 modo
2268 1387 2525 1449 particula
2554 1386 2759 1437 adver-⁷

1674 1462 1839 1511 sativa
1859 1467 2015 1512 tanuen
2039 1462 2382 1527 subjiciatnr3
2416 1462 2571 1512 modo
2589 1465 2738 1514 ornit-

1676 1544 1837 1595 tatur,
1860 1554 1911 1587 v.
1937 1554 1989 1602 g.
2011 1541 2149 1605 apud
2177 1540 2336 1590 Ovid.
2358 1554 2424 1588 ex
2449 1540 2625 1590 Ponto
2649 1554 2735 1590 ιιι.

1672 1617 1723 1662 Δ.
1758 1616 1772 1642 ⁸
1795 1615 1868 1663 Ut
1904 1614 2077 1665 desint
2108 1615 2263 1678 vires,
2299 1624 2472 1665 tamen
2508 1624 2591 1664 est
2628 1617 2736 1665 lan·

1675 1689 1845 1738 danda
1866 1691 2102 1741 voluntas
2119 1691 2150 1752 3'
2183 1700 2238 1741 et
2271 1692 2408 1756 apud
2435 1692 2547 1741 Cic.
2573 1691 2736 1742 Attic.

1675 1777 1782 1814 xn.
1819 1769 1900 1813 22.
1935 1767 2106 1816 ‘Nam
2144 1766 2267 1830 quid
2304 1766 2371 1815 de
2411 1781 2495 1816 me
2534 1766 2735 1817 dicam?

1678 1839 1773 1889 Cni
1810 1848 1864 1890 ut
1899 1843 2071 1891 omnia
2108 1845 2436 1906 contingant,
2466 1859 2586 1907 quae
2612 1844 2738 1908 solo,

1676 1916 1839 1966 levari
1867 1932 1967 1966 non
1993 1919 2237 1982 possum.’
2284 1919 2737 1981 Heumannus,in-

1673 1990 1890 2054 dulgens
1928 1994 2157 2057 ingenio,
2180 1995 2408 2045 credidit
2432 1997 2545 2046 liaec
2573 1999 2736 2062 scrip-

1673 2068 1802 2117 sisse
1829 2070 2081 2119 Plinium:
2124 2072 2314 2120 Habent
2348 2087 2438 2121 sua
2469 2073 2615 2123 verba
2649 2074 2737 2123 αἱ·

1672 2146 1786 2203 seri,
1819 2162 1901 2195 sno
1926 2148 2064 2195 verba
2089 2147 2260 2207 felices
2274 2165 2293 2206 ‚·
2326 2165 2411 2199 nec
2430 2156 2544 2199 snat
2563 2151 2740 2214 eden,

1673 2238 1775 2286 quoe
1799 2239 1904 2271 cum
1925 2225 2131 2273 maxime
2163 2225 2222 2273 ab
2258 2226 2473 2289 atrisque
2501 2227 2740 2276 dicantar.

1676 2299 1828 2347 Hanc
1867 2314 2039 2348 veram
2076 2314 2190 2349 esse
2224 2302 2538 2350 sententiam
2565 2301 2738 2363 Plinii,

1675 2374 1831 2425 facile
1895 2376 2122 2438 largior:
2181 2386 2351 2427 utrum
2401 2393 2526 2427 vero
2584 2381 2736 2428 etiarn

1675 2453 1787 2501 haec
1823 2453 1984 2502 verba
2021 2454 2147 2502 satis
2180 2469 2296 2503 curn
2331 2454 2559 2518 vestigiis
2598 2465 2737 2504 vete·

1676 2530 1746 2577 ris
1800 2531 2075 2595 scripturae
2144 2531 2482 2597 conveniant,
2536 2532 2734 2583 dubito.

1675 2607 1828 2656 Ideni.

1739 2683 1959 2733 Maxime
1991 2686 2153 2734 eadent
2172 2685 2231 2734 ab
2250 2685 2467 2749 utrisque
2493 2684 2732 2750 dicenter]

1673 2756 1893 2807 Maxime
1924 2759 1985 2807 ab
2014 2762 2226 2824 utrisque
2245 2762 2469 2811 dicantar
2493 2763 2697 2813 Livin.
2685 2778 2733 2812 tn

1676 2841 1857 2897 textn3
1899 2836 1990 2886 sed
2034 2838 2086 2886 in
2131 2839 2379 2902 margine,
2418 2839 2627 2889 maxime
2657 2857 2733 2890 ea·

1674 2913 1779 2960 dem
1812 2912 1873 2961 ab
1908 2914 2120 2977 utrisque
2155 2916 2214 2963 C·
2237 2915 2305 2964 G.
2336 2915 2489 2966 aliter
2517 2917 2737 2967 dieantur

1674 2991 1740 3038 V.
1766 2991 1825 3039 C.
1850 2992 2063 3054 optime.
2101 2992 2342 3041 Ritterslt.

1746 3067 2011 3129 thuejam
2027 3070 2232 3118 maxime
2249 3069 2408 3118 εαάιιιι
2425 3068 2486 3118 ab
2506 3069 2736 3135 utrisque]

1677 3142 1796 3191 Non
1817 3144 2003 3206 sugillo
2025 3144 2332 3207 scripturam
2358 3145 2539 3205 istam;
2560 3148 2759 3210 capior.

1676 3225 1848 3268 tamen
1892 3222 2086 3285 tegere,
2130 3225 2185 3269 at
2220 3235 2360 3284 queas
2397 3222 2623 3278 naxiae.
2658 3224 2738 3285 &e-

1678 3294 1829 3343 Grut.

1738 3370 1902 3421 Aliter
1920 3369 2166 3432 dicantar]
2197 3369 2314 3421 Alia
2336 3376 2735 3433 anseranum,

1673 3446 1984 3509 intentione,
2006 3455 2059 3496 et
2081 3448 2244 3499 vultu.
2279 3447 2412 3511 Lips.

1740 3524 1873 3574 cn.
1896 3536 2101 3573 Lxxut.
2148 3524 2268 3580 Ωιταε
2286 3523 2360 3587 ia]
2396 3525 2545 3577 Bene
2567 3543 2628 3579 se
2647 3529 2736 3581 ha.

1676 3598 1766 3649 bet
1786 3600 1896 3648 baec
1922 3599 2108 3648 lectio:
2136 3607 2191 3648 at
2211 3607 2385 3648 errata
2410 3602 2737 3655 librariorum

1675 3685 1812 3733 sunt,
1841 3677 1930 3726 ubi
1967 3676 2017 3724 in
2043 3676 2305 3726 Vaticano
2335 3680 2485 3726 ³461.
2521 3680 2651 3730 item
2687 3684 2737 3732 in

1672 3753 1878 3802 Veneto
1900 3756 1948 3801 2.
1970 3760 2024 3801 et
2049 3751 2370 3814 Guelplierb.
2407 3752 2606 3818 legitur
2635 3773 2755 3822 εμε-

1672 3843 1797 3886 nom
1831 3836 1989 3893 atque
2021 3827 2072 3876 in
2111 3841 2227 3876 meo
2264 3827 2465 3893 codice,
2500 3846 2595 3894 qao
2626 3849 2734 3886 nen.

1672 3906 1912 3957 Schwarz.

1740 3984 1855 4032 Non
1877 3982 2079 4033 amictas
2093 3980 2333 4046 cuiquam]
2370 3981 2553 4034 Codex
2582 3987 2736 4037 Pata·

1675 4059 1823 4109 vinus
1855 4066 1908 4108 et
1945 4059 2076 4108 liber
2096 4057 2378 4107 Vossianus
2416 4059 2610 4112 habent
2642 4078 2734 4112 m

1670 4142 1823 4187 ’nem
1854 4136 2140 4199 cujusquam.
2195 4133 2388 4183 Verum
2430 4138 2734 4191 vocabulum

1671 4219 1825 4266 metas
1861 4213 1915 4264 in
1942 4211 2079 4262 hunc
2113 4209 2282 4262 locum
2318 4223 2420 4262 non
2453 4217 2734 4277 convenit3
