3060 4902
758 429 821 476 c.
874 427 1118 477 Pul-tu
1170 425 1502 478 SEcuNm
1553 428 1829 478 PANBG.

312 574 400 624 sis.
437 574 584 637 Lips.
841 612 845 615 Α

375 651 701 715 postibusque
729 649 962 714 pra-texi]
1009 649 1175 699 Rudis
1219 649 1378 698 libra·

311 727 419 777 rius
453 728 509 777 in
540 727 725 776 codice
757 726 1136 788 Salisburgensi
1175 725 1382 789 scripsit

307 804 655 868 puerilibusque
693 803 922 865 protegi,·
968 817 1083 867 quae
1124 804 1384 865 scriptura

311 881 463 930 nihili
511 889 610 929 est.
679 880 813 929 Sunt
850 893 972 928 vero
1007 885 1160 942 postes
1195 880 1379 942 latera,

309 957 499 1023 quibus
514 957 697 1021 janne
733 957 979 1021 utrinque
1005 955 1292 1005 fulciuntur
1326 966 1382 1005 et

311 1035 676 1098 injunguntur.
729 1034 885 1083 Alter
909 1035 1042 1083 euim
1064 1034 1223 1096 postis
1243 1033 1380 1084 fores

312 1112 542 1162 sustinet
607 1109 901 1160 cardinibus
962 1107 1175 1169 affixas3
1246 1110 1381 1158 alter

315 1202 512 1237 serram
559 1187 749 1251 recipit
796 1195 850 1236 et
903 1187 1224 1251 repagulum,
1263 1201 1379 1237 cum

311 1264 502 1314 ostium
546 1262 820 1313 clauditur.
887 1263 1090 1313 Graecis
1135 1263 1380 1313 dicuntur

308 1338 623 1404 παραστάδες.
686 1340 793 1388 Pro
839 1347 1103 1390 structura
1143 1347 1198 1389 et
1237 1355 1378 1403 pom·

311 1431 380 1481 pa
420 1417 648 1481 ipsarum
687 1416 875 1466 aedium
919 1417 1172 1473 variabat,
1212 1418 1286 1466 uti
1323 1426 1380 1468 et

307 1491 485 1548 hodie.
534 1493 759 1556 postium
800 1493 1036 1542 materia.
1103 1492 1194 1542 Uti
1239 1493 1377 1543 euim

309 1571 365 1620 in
401 1568 695 1633 vulgaribus
735 1568 976 1618 domibus
1012 1568 1191 1630 lignei,
1223 1568 1293 1618 ita
1324 1569 1376 1618 in

307 1646 534 1710 publicis
556 1652 610 1694 et
645 1645 826 1700 sacris,
860 1643 1249 1709 splendidisque
1274 1648 1377 1710 pri-

309 1729 550 1772 vatorum
593 1720 844 1783 edificiis,
890 1720 1033 1776 aerei,
1071 1729 1127 1770 et
1167 1722 1378 1785 lapidei.

305 1797 641 1862 maximeque
682 1797 973 1860 marmorei,
1007 1795 1173 1852 suere.
1241 1797 1376 1848 Vide

309 1874 470 1938 Casp.
513 1874 850 1938 Sagittarium
889 1872 956 1921 de
993 1873 1178 1924 sannis
1216 1874 1375 1924 Vete-

307 1965 446 2012 rum,
469 1966 587 2015 cap.
620 1955 671 2001 6.
737 1951 841 2000 Hic
867 1956 883 1979 ⁸
909 1959 1083 2014 postes
1107 1948 1121 1972 ’
1154 1952 1375 2000 συνεκδο·

304 2029 456 2089 χικῦς
490 2041 587 2090 pro
615 2026 812 2089 januis,
842 2027 996 2075 immo
1035 2033 1088 2075 et
1124 2040 1218 2089 pro
1250 2028 1373 2088 ipsis

308 2107 541 2169 templis.
573 2105 772 2154 staunae
795 2105 931 2152 enim
952 2103 1155 2165 Trajaui
1178 2104 1193 2130 ‘
1217 2104 1373 2166 posti·

305 2183 407 2234 bus
447 2181 704 2248 pretexi’
738 2182 1063 2244 dicebantur,
1098 2196 1212 2245 quoe
1252 2189 1373 2231 ante

307 2261 532 2324 templa,
571 2258 681 2306 sive
718 2265 837 2306 ante
864 2255 1004 2305 fores
1039 2257 1372 2320 templorum,

307 2336 721 2396 collocabantur.
755 2334 769 2360 ‘
788 2333 1094 2381 Praetexere
1117 2331 1131 2353 ’
1157 2333 1369 2396 proprie

303 2422 388 2465 est
414 2414 678 2464 anteriore
713 2417 858 2475 parte
884 2419 1062 2459 texere
1087 2425 1102 2470 ς
1135 2418 1188 2460 et
1215 2425 1369 2475 gene·

303 2491 485 2553 ratim,
501 2490 809 2553 adjungere,
832 2486 1180 2548 circumdare;
1208 2498 1369 2538 meta·

302 2569 472 2633 phora
498 2584 528 2617 a
564 2566 853 2617 textoribus
888 2566 1066 2626 ducta,
1088 2566 1173 2631 qui
1202 2575 1370 2615 vestes

300 2652 611 2711 pratexnnt
651 2644 831 2704 liml›o;
868 2643 1003 2691 unde
1039 2651 1091 2692 et
1128 2643 1268 2692 dicta
1292 2651 1370 2694 est

300 2726 318 2751 ⁴
346 2730 468 2786 toga
516 2717 812 2785 praetexta,’
852 2718 1001 2782 cujus
1054 2721 1368 2769 exteriorem

300 2813 446 2848 oram
463 2797 627 2848 ambit
645 2795 830 2845 limbus
857 2810 1167 2859 purpureus.
1205 2797 1368 2846 Dein·

300 2874 371 2924 de
414 2874 573 2922 etiam
619 2872 684 2922 ad
731 2872 855 2927 alias
906 2887 988 2921 res
1036 2872 1369 2923 transfertur.

297 2951 516 3000 Tacitus
550 2948 617 2998 de
659 2949 839 2999 Germ.
869 2963 986 3012 cap.
1026 2953 1108 2998 34.
1153 2957 1167 2980 ·
1195 2950 1368 2999 Utrae-

301 3041 404 3090 qne
429 3026 670 3075 nationes
689 3039 851 3089 usque
876 3025 939 3073 ad
965 3039 1213 3073 oceanum
1244 3026 1368 3075 Rhe·

300 3118 370 3153 no
396 3101 798 3167 praetexuntur,'
821 3101 855 3150 i.
878 3116 924 3151 e.
951 3101 1368 3164 praetenduntur.

298 3181 488 3246 virgil.
504 3180 620 3229 AEn.
635 3192 713 3228 vr.
731 3182 779 3226 5.
803 3180 818 3206 ‘
839 3178 1014 3226 Litora
1031 3192 1202 3226 curvae
1224 3180 1369 3228 Prae-

302 3264 491 3308 texunt
516 3253 754 3321 puppem·
807 3253 907 3303 Ubi
933 3255 1101 3304 Cerda
1127 3256 1222 3316 ait,
1257 3262 1271 3283 ⁴
1297 3257 1369 3306 Ut

299 3335 479 3396 vestis,
501 3348 614 3397 quae
637 3332 700 3380 ad
719 3345 834 3381 oras
848 3346 1025 3380 aurum
1047 3331 1224 3395 habet,
1243 3332 1367 3382 dici-

299 3416 387 3460 tur
410 3424 538 3459 auro
565 3414 857 3472 praetexta;
896 3408 969 3456 ita
994 3407 1140 3456 littus
1165 3423 1368 3471 quoque

299 3485 494 3537 dicitur
552 3491 863 3548 praeteatum
911 3483 1215 3548 puppibus.’
1276 3487 1364 3536 Sc·

298 3576 431 3612 neca
455 3562 625 3626 Epist.
646 3565 729 3610 89.
761 3562 775 3589 ⁸
804 3560 1018 3609 Nullum
1044 3559 1254 3620 flumen,
1277 3576 1365 3611 cu·

286 3638 375 3703 jus
413 3653 517 3689 non
560 3639 699 3702 ripas
744 3636 971 3687 aedificia
1011 3648 1192 3688 nostra
1239 3655 1368 3705 prve-

297 3713 520 3765 texant.’
582 3714 748 3764 Sicuti
792 3727 914 3776 ergo
955 3728 1183 3777 purpura
1229 3723 1364 3778 togae

295 3797 559 3856 praetexta
594 3788 693 3840 fuit
731 3791 865 3838 vesti
905 3801 1248 3853 ornameut03
1293 3794 1365 3842 ita

297 3867 502 3917 Plinius
528 3868 743 3916 innuere
764 3865 951 3927 voluit,
975 3867 1130 3915 etiam
1155 3868 1363 3933 Trajani

295 3951 495 3995 statuas
521 3942 756 4006 postibus
778 3950 1085 4007 praetextas,
1107 3943 1157 3991 h.
1173 3959 1220 3993 e.
1241 3955 1364 3997 ante

293 4018 430 4070 fores
468 4020 780 4082 templorum
815 4020 1120 4081 collocatas,
1156 4023 1362 4085 templis

294 4098 440 4161 qnasi
461 4103 771 4145 ornamento
791 4092 969 4144 fuisse.
1001 4094 1242 4146 Schwarz.

355 4172 605 4236 Praeeexi]
640 4171 872 4236 Apponi‚
895 4172 974 4221 vel
1001 4174 1193 4236 opponi
1207 4174 1360 4237 janu·

297 4265 439 4301 mm
480 4249 751 4317 postibus:
796 4248 934 4314 quod
980 4248 1171 4300 decore
1210 4254 1360 4303 solet.

292 4327 426 4393 upa.

1909 429 1956 479 1.
1987 416 2096 480 52.
2396 414 2530 480 ‘757

1521 573 1623 624 Dei
1664 573 1918 637 summum]
1976 573 2247 623 Sententia
2286 579 2400 624 est:
2450 575 2525 624 ita

1457 645 1703 709 efficitur,
1743 660 1800 698 ut
1840 652 1925 700 Dii
1962 650 2217 711 colantur,
2254 657 2312 699 ut
2354 649 2523 706 decet,

1458 725 1523 773 ab
1549 724 1858 787 homiuibus,
1882 741 2235 791 nummumque
2254 726 2349 775 sibi
2367 725 2527 775 hono·

1459 816 1567 850 rem
1605 803 1904 853 vindicent:
1941 804 2061 868 quia
2096 805 2208 866 ipse
2243 818 2344 853 non
2382 811 2434 853 te
2464 804 2525 852 iis

1458 880 1663 942 misces,
1708 889 1764 928 et
1798 894 1969 929 sacros
2004 891 2308 943 sanctosque
2350 879 2524 945 profa-

1458 969 1569 1006 nas.
1637 955 1789 1017 Haec,
1836 958 2063 1018 inquam,
2117 971 2146 1006 e
2191 956 2361 1005 verbis
2410 956 2522 1007 istis

1458 1033 1734 1093 sententia,
1756 1032 1844 1081 sed
1882 1048 1997 1097 quae
2034 1047 2131 1095 ego
2156 1033 2340 1081 leviter
2370 1032 2524 1082 refin-

1458 1125 1595 1172 gam‚
1628 1125 1803 1167 serves,
1827 1126 1931 1159 cum
1965 1111 2177 1159 Deorum
2199 1110 2297 1173 ipse
2321 1125 2412 1158 uon
2437 1112 2522 1159 ud·

1456 1193 1604 1248 optes.
1704 1189 1779 1236 Eo
1826 1188 1958 1251 ipso,
2014 1188 2149 1251 quod
2196 1186 2334 1251 fugis
2380 1186 2522 1236 Deus

1455 1261 1651 1317 haberi,
1675 1278 1770 1326 pro
1796 1265 1914 1312 Deo
1940 1271 1992 1312 te
2016 1263 2280 1320 habemus,
2304 1269 2391 1311 aut
2411 1277 2522 1311 cer-

1456 1344 1529 1400 te,
1554 1338 1691 1387 vices
1716 1340 1827 1402 ejus
1852 1340 1900 1387 in
1927 1340 2080 1388 terris
2105 1346 2337 1401 gerente.
2391 1338 2520 1387 Ter-

1456 1414 1698 1464 tullianus
1723 1430 1814 1478 pro
1849 1416 1945 1465 hac
1980 1416 2260 1479 sententia,
2292 1416 2355 1465 ad
2394 1416 2520 1465 Sca-

1454 1493 1663 1554 pulam:
1698 1495 1713 1520 ‘
1732 1493 1820 1542 Sic
1840 1495 1977 1541 enim
1997 1492 2231 1542 omnibus
2256 1492 2417 1554 major
2437 1499 2523 1541 est

1453 1567 1817 1634 (imperator),
1835 1568 1955 1618 dum
1980 1570 2087 1618 solo
2124 1582 2249 1617 vero
2277 1569 2391 1618 Deo
2426 1568 2520 1617 mi·

1452 1660 1549 1695 nor
1566 1647 1683 1696 est.’
1712 1646 1862 1697 Idem
1883 1649 1933 1697 in
1954 1646 2330 1710 Apologetico:
2357 1654 2370 1674 ⁸
2391 1646 2521 1696 Ideo

1452 1721 1739 1785 imperator
1766 1738 1982 1786 magnus
2005 1730 2100 1783 est,
2124 1722 2243 1785 quia
2270 1724 2402 1772 coelo
2426 1722 2519 1771 mi·

1451 1813 1550 1848 nor
1587 1801 1705 1850 est.’
1773 1802 1999 1851 Pulchre
2036 1800 2193 1850 etiam
2230 1800 2518 1851 Athenien·

1449 1889 1551 1937 ses,
1575 1877 1712 1927 inter
1734 1878 2069 1941 monosticha,
2086 1893 2200 1942 quae
2227 1878 2518 1927 adventan-

1453 1951 1491 1999 ti
1534 1951 1787 2015 Pompeio
1825 1954 2136 2014 gratabundi
2160 1955 2513 2016 scripserant:

1446 2028 1549 2089 Ἐφ’
1570 2027 1684 2077 ὅσον
1709 2029 1773 2076 ὧν
1792 2029 2027 2093 ἄνθρωπος
2050 2028 2194 2088 οἶδας,
2231 2032 2307 2080 ἐπὶ
2328 2032 2502 2082 τοσοῦ·

1455 2122 1547 2153 τον
1582 2103 1626 2154 εἶ
1653 2105 1775 2156 θεός.
1840 2109 2081 2163 Quatenus
2113 2115 2158 2157 te
2181 2124 2341 2159 censes
2368 2111 2515 2160 honri·

1447 2197 1571 2238 nem,
1589 2190 1783 2233 eatenus
1804 2185 1937 2232 uobis
1958 2199 2006 2232 es
2028 2184 2177 2233 Deus.
2215 2185 2381 2235 Idem.

1514 2259 1613 2308 Dei
1656 2259 1907 2320 summum]
1958 2259 2144 2308 Horat.
2187 2259 2289 2309 Od.
2338 2274 2421 2308 nt.
2464 2265 2514 2312 6.

1448 2341 1462 2364 ⁸
1486 2336 1582 2384 Dis
1628 2345 1680 2386 te
1716 2337 1959 2386 minorem
1995 2337 2131 2401 quod
2163 2339 2317 2399 geris,
2353 2337 2514 2401 impe·

1448 2411 1567 2462 ras!
1603 2413 1754 2463 Beris.

1513 2490 1791 2551 Faste'gium
1823 2490 2034 2554 servent]
2070 2488 2299 2538 Verbum
2325 2496 2512 2538 sert-eut

1445 2579 1623 2614 omnes
1651 2566 1771 2614 libri
1806 2580 1958 2614 manu
1988 2567 2228 2630 typisque
2254 2566 2511 2628 exscripti

1444 2642 1658 2704 liabent,
1685 2650 1877 2705 praeter
1893 2643 2151 2693 editiones
2181 2644 2360 2706 Lipsii,
2383 2643 2511 2691 Ber-

1445 2723 1673 2781 neggeri,
1694 2720 1915 2775 Graevii.
1940 2721 2113 2777 Ceva‘,
2139 2720 2188 2768 in
2215 2720 2398 2783 quibus
2422 2734 2512 2768 ex·

1445 2794 1686 2858 primitur
1710 2812 1881 2846 serves.
1956 2796 2158 2860 Lipsius
2195 2805 2367 2845 antem
2404 2797 2510 2859 pri·

1444 2885 1556 2921 mus
1582 2887 1646 2921 ex
1672 2874 1973 2936 conjectura
2006 2874 2138 2922 lianc
2170 2873 2508 2921 variationem

1446 2950 1881 3013 promulgaverat.
1920 2949 2161 2998 Schwarz.

1511 3024 1624 3072 Nou
1657 3026 1725 3072 sis
1758 3026 1980 3087 adeptus]
2020 3024 2065 3072 1.
2089 3038 2133 3072 e.
2168 3037 2258 3071 non
2279 3022 2509 3085 capessie·

1443 3101 1529 3149 ria.
1599 3101 1749 3150 Hauc
1774 3102 2055 3149 lectionem
2082 3101 2285 3148 restitui
2325 3114 2388 3147 ex
2422 3114 2508 3147 co·

1443 3177 1648 3228 dicibns
1676 3179 1799 3226 Μαι.
1833 3177 2121 3238 Vaticanis,
2146 3178 2506 3242 Guelpherby·

1444 3264 1587 3312 tauo,
1622 3265 1678 3305 et
1703 3271 1849 3315 meo;
1884 3256 2008 3304 item
2043 3264 2097 3305 et
2132 3270 2195 3304 ex
2222 3257 2353 3304 libro
2379 3256 2507 3306 Vos·

1443 3333 1607 3383 siano.
1682 3333 1753 3382 At
1779 3334 1987 3382 codices
2013 3334 2345 3397 Parisiensis,
2367 3340 2506 3383 uter-

1443 3425 1543 3472 que
1565 3410 1817 3472 Venetus,
1836 3419 1890 3458 et
1906 3410 2343 3473 Salisburgensis3
2374 3426 2507 3475 prae·

1444 3497 1587 3538 terea
1632 3488 1752 3537 libri
1801 3488 1939 3552 typis
1988 3489 2163 3536 excusi
2208 3488 2505 3553 Puteolani,

1441 3565 1710 3624 Beroaldi,
1739 3564 1877 3621 Aldi.
1900 3565 2154 3627 Catanaei,
2180 3566 2506 3629 cuspiniani,

1437 3641 1639 3702 Juutae,
1672 3642 1930 3704 Rlienani,
1956 3642 2261 3705 Philomusi,
2287 3643 2506 3692 Cratan-

1440 3718 1545 3780 dri,
1569 3719 1631 3769 R.
1659 3718 1727 3767 H.
1759 3724 1811 3767 et
1837 3719 1900 3767 P.
1935 3718 2334 3781 Stephauorum,
2367 3719 2504 3782 Gry-

1441 3795 1567 3857 phii,
1591 3794 1849 3855 Sicliardi,
1893 3795 2066 3855 Navii,
2096 3795 2333 3852 Livineii‚
2357 3796 2502 3845 Elae-

1441 3871 1706 3925 vitiorum,
1745 3870 1981 3930 Gruteri,
2004 3871 2249 3933 Puteani,
2271 3872 2505 3919 Boxhor·

1440 3947 1528 4008 nii,
1560 3947 1749 4003 Rivini,
1790 3947 1996 4009 Baunii,
2033 3948 2290 4004 Pataroli,
2316 3948 2503 3996 omisso

1439 4025 1598 4073 verbo
1622 4026 1946 4074 substantivo
1969 4025 2056 4084 sis,
2081 4024 2392 4087 simpliciter
2413 4037 2499 4074 ex·

1434 4103 1615 4153 hibent
1635 4119 1726 4152 non
1750 4105 1964 4165 adeptus.
2033 4101 2238 4164 Lipsius
2269 4117 2333 4150 ex
2359 4102 2503 4163 inge·

1435 4180 1521 4229 nio
1546 4180 1899 4244 reponendum
1926 4185 2201 4228 censuerat
2229 4193 2321 4225 noa
2354 4180 2501 4241 adop-

1436 4261 1540 4313 tes,·
1612 4271 1765 4320 quam
1834 4256 2107 4304 lectionem
2180 4252 2500 4305 admiserunt

1437 4331 1762 4399 Bernegger‚
1799 4330 2060 4387 Graevius,
2091 4330 2363 4380 Cellarius.
2427 4330 2502 4384 At
