3060 4902
775 341 840 388 0.
892 340 1132 388 Pau-tlt

341 481 493 530 Orat.
532 493 638 530 vrr-
665 486 716 530 4.
761 480 777 509 4
818 483 1139 534 centumviri
1179 485 1411 534 tribuere

341 556 540 606 debent
564 557 804 606 veniam.'
840 560 978 611 Pliu.
1004 561 1172 624 Epist.
1192 576 1314 612 vni.
1336 567 1416 612 14.

339 635 354 660 4
381 633 562 683 Errori
591 635 786 684 tribuas
811 637 1046 686 veniam.'
1080 639 1230 688 Idem.

410 712 517 759 Nos
559 726 726 761 rursus
778 715 984 775 collegas
1038 730 1138 764 esse
1190 716 1411 780 voluisti]

340 785 549 849 Nempe
578 802 671 836 nos
707 789 1041 838 amicissimos
1082 805 1254 839 rursus
1292 806 1415 839 cou-

333 863 560 926 junxisti
583 866 875 927 cousulatu,
893 880 1010 915 cum
1029 867 1194 917 adhuc
1214 869 1265 916 in
1287 882 1416 930 prae·

341 936 545 989 sectura
562 941 733 990 aerarii
753 940 1001 991 fuerimus
1017 945 1250 1004 collegae.
1286 944 1416 992 Pro·

342 1029 530 1065 nomen
583 1031 669 1065 nos
726 1024 925 1067 temere
996 1020 1289 1080 neglectum
1341 1025 1419 1068 est

343 1092 395 1142 in
434 1093 606 1142 Vatic.
654 1097 802 1143 3461.
847 1094 1150 1159 parisiensi,
1194 1102 1250 1144 et
1289 1108 1420 1144 meo·

341 1170 359 1196 4
387 1170 628 1218 Charitas
663 1169 880 1232 mutua,'
921 1173 1121 1222 scilicet
1165 1173 1302 1222 inter
1335 1187 1417 1222 me

340 1251 396 1295 et
421 1247 670 1310 collegam
693 1247 995 1299 Cornutum.
1031 1250 1180 1298 Idem.

413 1322 568 1371 Tener
589 1322 728 1386 eitae]
768 1322 814 1372 1.
852 1338 902 1374 e.
941 1325 1189 1374 continua
1222 1330 1277 1373 et
1317 1324 1417 1374 sibi

345 1399 679 1448 consentiens
726 1400 930 1450 vivendi
978 1401 1132 1450 ratio.
1215 1401 1418 1450 Plinius

342 1473 522 1537 supra,
557 1480 864 1524 mxuma.
900 1476 964 1525 de
991 1477 1214 1539 conjuge
1250 1485 1304 1525 et
1337 1491 1419 1526 so·

343 1564 463 1599 rore
487 1550 718 1612 Trajani,
754 1558 767 1579 ⁴
793 1551 941 1600 Idem
983 1553 1189 1613 utrique
1228 1566 1419 1615 propo·

344 1626 521 1680 situm,
575 1625 710 1675 idem
768 1636 920 1676 tenor
971 1629 1131 1680 vito!
1214 1631 1418 1679 Seneca

347 1700 518 1764 Epist.
540 1705 623 1750 32.
657 1702 673 1728 ‘
701 1701 820 1750 Huc
843 1709 898 1752 et
922 1703 1047 1752 iilud
1082 1705 1318 1762 accedat,
1358 1711 1415 1753 ut

345 1776 588 1840 perfecta
606 1778 766 1827 virtus
791 1779 873 1832 sit,
899 1781 1173 1842 aequalitas
1190 1794 1252 1830 ac
1271 1788 1419 1829 tenor

348 1855 471 1903 vitas
547 1867 644 1916 per
708 1856 879 1903 omnia
942 1870 1224 1905 consonans
1289 1856 1419 1906 sibi!

350 1928 507 1978 Ovid.
526 1929 742 1979 Her-oid.
762 1930 931 1991 Epist.
951 1945 1097 1983 xvu.
1115 1936 1193 1982 14.
1215 1933 1232 1961 4
1253 1933 1416 1980 Dinn-

344 2019 445 2068 que
484 2013 634 2053 tenor
671 2005 791 2055 vite
826 2007 894 2055 sit
944 2009 1056 2055 sine
1096 2007 1213 2056 labe
1247 2006 1417 2057 meat!

354 2083 470 2131 Liv.
519 2096 667 2132 xxti.
704 2088 784 2132 15.
830 2091 843 2113 ⁸
885 2084 1199 2134 Obstinatus
1245 2091 1418 2135 tamen

348 2160 530 2207 eodem
557 2160 882 2209 consiliorum
910 2167 1088 2209 tenore
1116 2162 1311 2210 testatis
1339 2174 1417 2209 re·

346 2235 543 2299 liqnum
578 2235 844 2286 extraxit!
913 2238 975 2286 ln
1002 2238 1172 2287 verbis
1197 2252 1418 2302 sequen·

350 2313 512 2373 tibus,
556 2314 627 2362 ita
670 2329 764 2362 una
807 2317 1057 2378 eademque
1100 2315 1246 2376 meio,
1291 2315 1419 2363 duas

350 2389 547 2454 priores
571 2404 744 2454 voces,
767 2391 839 2440 ita
860 2406 969 2447 uua,
996 2406 1203 2455 prorsus
1223 2390 1420 2439 omittit

347 2466 515 2515 codex
569 2467 875 2524 Patavinus,
927 2468 1157 2531 itemque
1212 2468 1419 2531 punctis

348 2543 678 2598 subnotatas,
722 2559 914 2607 easque
959 2552 1204 2607 tanquam
1243 2545 1420 2593 delen-

349 2619 465 2680 das‚
517 2620 732 2669 exhibet
786 2621 919 2669 liber
966 2620 1173 2680 Vossii;
1223 2629 1278 2668 et
1330 2635 1419 2682 po-

352 2703 526 2745 teraut
564 2696 763 2757 abesse,
807 2697 950 2745 salva
993 2697 1278 2756 senteutia3
1326 2694 1420 2744 sed

352 2785 444 2819 eas
485 2770 789 2820 confirmant
833 2785 1010 2820 omnes
1053 2772 1169 2821 iibri
1220 2771 1422 2835 reliqui.

355 2848 510 2895 Idem.

423 2923 647 2985 Gloriam
683 2922 893 2985 minuat]
925 2921 1063 2973 Quia
1098 2937 1284 2987 nempe
1318 2937 1420 2972 non

352 2992 771 3062 tam'gloriosum
804 2999 1046 3054 habetur,
1085 2998 1222 3063 quod
1262 2998 1320 3047 fit
1355 3014 1419 3046 ex

350 3077 575 3126 naturali
617 3076 984 3139 propensione,
1018 3077 1181 3138 qualis
1216 3075 1421 3125 videtur

351 3166 468 3201 esse
504 3166 701 3200 morum
747 3150 1051 3211 similitudo,
1097 3166 1249 3215 quam
1284 3151 1421 3216 quod

352 3228 415 3278 fit
448 3242 511 3276 ex
550 3227 760 3276 virtutis
799 3228 990 3275 studio.
1055 3227 1227 3291 Magis
1267 3229 1423 3276 inusi·

354 3313 523 3354 tatum
549 3313 603 3353 ct
634 3304 972 3353 admiratione
997 3304 1207 3366 dignum
1245 3313 1343 3365 est,
1379 3304 1423 3353 si

352 3381 588 3429 homines
612 3381 838 3444 alioquin
875 3380 1080 3444 ingenio
1105 3387 1160 3430 et
1196 3380 1422 3429 moribus

355 3459 634 3507 dissimiles
678 3457 817 3506 inter
869 3472 924 3506 se
971 3456 1422 3506 concordaverint.

362 3536 514 3584 Idem.

422 3611 466 3660 A
484 3610 668 3674 seipse]
707 3612 750 3658 A
773 3625 824 3659 se
843 3609 945 3672 ipso
969 3610 1137 3658 Lirin.
1162 3611 1214 3658 in
1238 3617 1421 3673 textu3

356 3689 449 3738 sed
483 3688 533 3736 in
560 3687 810 3749 margine,
835 3702 863 3734 a
886 3702 935 3735 se
956 3689 1056 3749 ipse
1080 3688 1143 3734 V.
1171 3687 1240 3737 G.

425 3763 469 3812 A
493 3761 688 3825 seipse]
734 3761 779 3810 A
808 3778 855 3811 se
881 3763 995 3826 ipso.
1061 3764 1215 3812 Verae
1249 3762 1427 3811 amici-

357 3843 447 3892 tiae
495 3843 721 3902 unicum,
769 3847 782 3868 ‘
823 3841 955 3889 idem
1003 3843 1137 3890 velle
1186 3848 1242 3890 et
1288 3842 1423 3889 idern

358 3917 537 3981 nolle,’
577 3918 735 3966 veluti
757 3916 843 3976 μία
865 3918 998 3980 ψυχὴ
1030 3920 1081 3967 ἐν
1108 3921 1235 3968 δυοῖν
1268 3919 1423 3978 ‹raina-

358 4014 457 4055 σιν,
504 4010 599 4044 una
633 3995 795 4044 anima
834 3994 886 4043 in
923 3996 1099 4044 duobus
1142 3994 1425 4058 corporibus.

362 4077 525 4128 Bern.

433 4153 543 4201 Non
594 4165 707 4212 ergo
751 4149 1085 4210 temporarium
1125 4153 1172 4196 et
1216 4146 1426 4195 subitum

358 4226 455 4288 est]
479 4225 819 4275 Germanicus
838 4225 1115 4285 interpres,
1140 4222 1423 4282 Dammius,

360 4306 472 4354 liaec
502 4303 659 4353 verba
695 4300 942 4365 reddidit,
979 4301 1049 4349 Es
1088 4302 1151 4350 ist
1187 4300 1316 4348 nicht
1347 4299 1424 4345 ein

1185 342 1519 391 SECUNDI
1569 342 1855 392 PANEG.

1935 346 1983 394 1.
2016 330 2125 394 91.
2380 331 2558 395 1075

1489 487 1661 535 kurzer·
1699 490 1797 536 und
1828 488 2099 552 fliichlt'ger
2130 488 2293 553 afferet.
2357 489 2555 553 Utique

1487 565 1824 625 temporarium
1866 565 1989 612 alias
2034 563 2228 612 dicitur
2271 571 2557 613 momenta-

1490 652 1661 699 neum,
1698 647 1855 701 atque
1900 639 1963 687 ad
2008 639 2166 688 breve
2216 648 2419 700 ternpus
2465 638 2557 687 du-

1493 729 1624 763 rans.
1676 715 1761 762 Sic
1785 715 2000 763 Senecae
2024 714 2189 777 Epist.
2210 718 2260 763 9.
2289 715 2555 772 amicitia-5

1492 790 1736 839 utilitatis
1777 804 1961 839 caussa
2017 790 2081 838 ad
2138 790 2296 839 breve
2354 798 2560 854 tempus

1493 875 1838 929 comparatam,
1858 865 2104 915 dicuutur
2133 867 2149 893 ‘
2176 867 2503 928 temporatim
2524 865 2559 917 ι’

1492 943 1508 969 4
1540 941 1638 990 Hae
1681 941 1838 1005 sunt,’
1873 943 2061 1006 inquit,
2091 942 2107 971 4
2137 943 2395 1004 amicitiae‚
2433 957 2559 1007 quas

1486 1020 1835 1080 ¹temporarias
1851 1020 2069 1082 populus
2082 1020 2351 1083 appellat.'
2368 1021 2561 1072 Quinc·

1496 1095 1576 1143 til.
1603 1109 1656 1143 v.
1681 1100 1759 1145 10.
1779 1094 1973 1146 dicitur
1993 1100 2007 1124 ‘
2033 1096 2378 1158 temporarius
2401 1097 2559 1145 animi

1495 1171 1706 1221 motus.'
1791 1174 1918 1237 Ipse
1963 1173 2100 1223 Plin.
2156 1173 2322 1236 Epist.
2378 1188 2430 1221 v.
2479 1177 2561 1223 13.

1498 1249 1799 1306 ‘Nonnulli,
1837 1265 2052 1313 quornm
2093 1250 2402 1314 temporaria
2442 1265 2560 1311 gra·

1497 1324 1652 1385 vitas,
1693 1325 1774 1372 vel
1812 1325 1983 1388 potius
2022 1326 2293 1386 gravitatis
2319 1325 2561 1386 imitatio,

1496 1399 1803 1450 ridebatur!
1869 1400 1972 1449 Sed
1999 1409 2126 1464 puto
2152 1415 2304 1463 posse
2329 1402 2560 1465 aliquan·

1498 1483 1608 1525 tum
1633 1474 2005 1537 significantius
2030 1476 2175 1525 reddi
2200 1493 2211 1526 ι
2254 1478 2324 1525 Es
2342 1478 2408 1526 ist
2430 1477 2564 1525 nicht

1494 1551 1599 1601 eine
1621 1551 1845 1601 iibereiue
1869 1554 1968 1602 und
1997 1554 2259 1616 ohngeseltr
2276 1554 2564 1616 geschehene

1494 1628 1648 1676 sache.
1727 1629 1847 1678 Hoc
1890 1631 2026 1679 enim
2073 1631 2184 1680 loco
2229 1632 2564 1693 temporarium

1495 1705 1702 1754 videtur
1738 1706 2042 1754 sumendum
2081 1721 2175 1770 pro
2200 1707 2563 1768 extemporali,

1494 1781 1602 1830 sive
1636 1795 1731 1843 pro
1756 1794 1819 1829 eo
1851 1780 1986 1844 quod
2009 1782 2180 1844 agitur
2211 1796 2276 1830 ex
2310 1789 2564 1843 tempore,

1495 1863 1552 1907 et
1585 1870 1649 1905 ex
1677 1857 1968 1906 inconsulto
2005 1858 2161 1906 animi
2195 1857 2413 1921 impetu,
2453 1858 2564 1905 siue

1496 1938 1694 1999 praevia
1741 1934 2156 1984 consideratione
2202 1950 2263 1984 ac
2307 1934 2565 1984 delibera·

1498 2014 1673 2074 tionc;
1707 2012 1847 2077 quod
1884 2014 2103 2073 Seneca,
2145 2012 2210 2061 de
2248 2011 2436 2061 Benef.
2472 2011 2563 2061 lib.

1498 2102 1580 2137 vr.
1614 2095 1771 2137 vocat
1822 2089 1837 2114 4
1882 2088 2271 2137 tumultuarium
2312 2095 2371 2136 et
2421 2088 2565 2136 inco-

1496 2164 1717 2227 gitatum
1764 2162 1933 2225 opus.'
2023 2164 2181 2212 Certe
2229 2165 2567 2226 temporarium

1497 2246 1552 2287 ct
1591 2240 1799 2288 subitum
1833 2240 2242 2302 conjunguntur,
2295 2247 2352 2288 nt
2402 2253 2565 2301 oppo-

1496 2324 1684 2364 nantur
1722 2316 1967 2364 meditatis
2005 2323 2059 2364 et
2101 2315 2234 2363 bene
2274 2316 2564 2377 perpensis.

1494 2392 1582 2441 Sic
1631 2393 1913 2440 Eumenius
1967 2406 2062 2456 pro
2117 2391 2347 2439 Iustaur.
2389 2391 2568 2439 Schoi.

1497 2483 1615 2530 cap.
1635 2473 1686 2517 2.
1721 2477 1875 2519 vocat
1911 2468 2324 2531 ‘temporarium
2361 2468 2568 2517 dicendi

1496 2544 1693 2607 genus.’
1755 2545 1878 2608 lpse
1926 2547 2039 2594 Cic.
2084 2545 2151 2593 de
2196 2546 2349 2595 Orat.
2401 2559 2438 2593 r.
2485 2548 2568 2592 32.

1491 2621 1507 2648 4
1546 2620 1778 2669 Subitam
1837 2628 1893 2670 et
1949 2620 2218 2670 fortuitam
2276 2621 2567 2669 orationem

1496 2698 1868 2746 commentatio
1903 2702 1957 2746 et
1991 2697 2240 2760 cogitatio
2276 2695 2432 2745 facile
2460 2695 2567 2743 vin-

1497 2773 1607 2822 cit!
1659 2774 1796 2822 Plin.
1838 2774 2009 2836 Epist.
2046 2788 2084 2822 ι.
2123 2779 2171 2823 8.
2218 2773 2235 2801 4
2265 2773 2339 2820 Ut
2378 2772 2570 2821 subitae

1498 2850 1782 2913 largitionis
1803 2851 2065 2904 comitem,
2087 2850 2463 2913 poenitentiam,
2482 2864 2568 2898 ca·

1497 2925 1771 2974 veremus.'
1810 2927 1980 2986 Epist.
2016 2939 2052 2972 ι.
2097 2930 2172 2972 16.
2208 2929 2222 2951 4
2247 2926 2368 2972 Sive
2406 2924 2568 2972 medi-

1498 3007 1632 3061 tata,
1655 3000 1761 3049 sive
1781 3000 1972 3058 subita,
1999 2999 2294 3062 proferret.⁹
2325 2999 2569 3047 Schwarz.

1582 3076 1938 3138 Temporarinm
1980 3081 2029 3123 et
2078 3074 2310 3135 subitum]
2365 3074 2568 3122 Plinius

1499 3153 1671 3216 Major
1709 3166 1828 3201 xvi.
1868 3156 1949 3200 23.
1990 3158 2002 3180 4
2026 3153 2141 3200 Nec
2175 3160 2329 3198 terrae
2363 3158 2566 3199 tantum

1498 3238 1686 3278 natura
1732 3228 1871 3277 circa
1903 3228 2007 3276 has
2054 3225 2241 3285 refert,
2297 3240 2475 3273 verum
2513 3234 2569 3274 et

1501 3306 1739 3371 quat-dam
1764 3304 2078 3367 temporaria
2103 3301 2216 3353 vis.'
2283 3302 2567 3352 Eumenius

1500 3397 1597 3445 pro
1624 3382 1864 3430 Restant.
1889 3380 2085 3429 Scliolis
2107 3394 2121 3429 t
2160 3386 2173 3405 ‘
2199 3379 2569 3428 contestatum

1499 3473 1614 3505 esse
1653 3458 1802 3506 initio
1849 3456 2058 3504 dicendi
2108 3454 2246 3516 apud
2296 3453 2569 3503 audientes

1500 3535 1635 3596 volo,
1654 3532 2023 3595 temporarium
2045 3547 2125 3579 me
2145 3531 2349 3580 dicendi
2369 3546 2569 3594 tnuuus,

1500 3617 1658 3671 atque
1685 3608 1735 3656 id
1761 3610 1925 3671 ipsum
1957 3608 2142 3657 studiis
2176 3609 2299 3657 meis
2341 3610 2573 3671 peculia-

1500 3687 1633 3735 riter
1657 3684 2017 3736 cotnmodare.’
2043 3685 2207 3733 Livia.

1576 3763 1787 3824 Uterque
1809 3764 2000 3822 collega»
2037 3760 2305 3822 consulatu]
2353 3762 2394 3809 l.
2420 3776 2468 3809 e.
2513 3777 2571 3809 u·

1502 3844 1689 3900 terque
1708 3837 1901 3900 gaudet
1925 3836 2215 3898 fruiturque
2240 3849 2337 3882 uon
2368 3844 2570 3885 tanturn

1501 3916 1770 3967 consulatu
1793 3912 1887 3962 sibi
1909 3913 2117 3970 delato;
2154 3911 2417 3959 sedetiam
2442 3927 2571 3974 gau.

1500 3989 1599 4038 det
1618 3991 1889 4038 consulatu
1922 3989 2153 4050 college,
2180 3986 2310 4035 iiand
2333 4003 2484 4036 secus
2510 4004 2572 4037 ac

1501 4080 1614 4120 suo,
1638 4079 1803 4127 eoque
1829 4064 1973 4126 quasi
2009 4063 2212 4120 iterum,
2237 4063 2346 4110 sive
2387 4078 2574 4113 secun-

1503 4143 1645 4201 dum,
1676 4140 1776 4190 sihi
1813 4140 2019 4187 delato:
2057 4153 2225 4200 neque
2264 4140 2400 4187 euim
2438 4142 2574 4189 alter

1504 4218 1668 4267 minus
1726 4217 1937 4263 laetatur
1997 4214 2265 4261 consulatu
2335 4216 2572 4279 collega,

1506 4309 1657 4360 quam
1677 4291 1906 4356 proprio.
1940 4289 2116 4340 Codex
2133 4288 2453 4355 Guelpherb.
2475 4308 2571 4357 pro
