3060 4902
551 304 726 370 1040

556 463 840 514 Parisieusi
878 470 1043 529 extat,
1071 471 1183 515 tm
1209 465 1443 514 maximas
1462 464 1608 527 imps-

552 546 687 589 ναίον
700 555 774 600 es;
794 555 908 605 quae
932 557 1055 591 vero
1080 543 1299 591 varietas
1316 542 1426 590 sine
1449 541 1609 590 dnbio

554 616 777 667 debetur
798 619 1008 680 ingenio
1030 618 1246 668 librarii.
1310 619 1399 667 Sic
1422 617 1473 666 in
1494 632 1610 667 ver·

554 694 635 743 bis
655 695 1012 760 sequentibus,
1029 711 1136 746 essm
1156 695 1357 745 amicum
1379 709 1441 743 ex
1461 694 1609 757 impe·

551 774 710 819 restore
740 772 871 833 ogis,
903 773 995 821 has
1028 786 1201 832 voces,
1222 787 1283 822 ex
1308 770 1608 832 imperatore,

554 846 700 912 (qum
744 848 900 898 etiam
944 849 1056 898 siue
1098 848 1201 897 uuo
1233 847 1420 896 damno
1461 846 1608 895 abes·

554 939 612 973 se
647 931 879 988 possunt,
885 924 907 989 )
931 925 1375 989 praetermiserunt
1402 923 1609 972 codices

554 1002 687 1052 Mss.
721 1003 983 1062 Vaticani,
1021 1003 1346 1059 parisiensis,
1386 1010 1608 1065 uterque

553 1079 819 1140 Venetus3
853 1079 987 1128 sicut
1031 1080 1081 1128 in
1119 1079 1354 1143 proximo
1388 1080 1523 1142 loco,
1557 1080 1609 1127 in

553 1156 756 1205 amicum
776 1171 839 1205 ex
859 1156 1141 1220 imperatore
1161 1157 1472 1219 submitteris,
1496 1171 1608 1205 eas-

555 1232 672 1282 dem
706 1233 952 1282 omiserat
994 1234 1158 1283 codex
1197 1234 1609 1298 Gueipherbyta-

555 1323 669 1357 nus.
737 1308 810 1358 At
834 1309 1110 1373 utrobique
1144 1311 1351 1360 easdem
1372 1311 1610 1361 referunt

553 1384 955 1448 Salisburgensis
1002 1394 1056 1436 et
1093 1402 1267 1448 meus3
1302 1395 1608 1451 agnoscunt·

556 1476 658 1527 que
680 1477 856 1512 omnes
883 1463 998 1512 libri
1023 1463 1275 1528 impressi.
1308 1464 1459 1512 Idem.

626 1539 755 1588 Tunc
788 1540 991 1588 maxim
1024 1536 1304 1604 imperator]
1338 1539 1514 1594 Forte,
1541 1554 1608 1590 es.

554 1614 723 1665 Livin-

621 1694 706 1741 Ex
722 1692 1026 1757 imperatore]
1059 1692 1227 1742 Lirin.
1250 1691 1368 1742 dele
1388 1707 1468 1743 ex.
1505 1693 1609 1743 Po-

560 1775 663 1819 test
684 1766 830 1818 ferri.
870 1770 998 1819 Rite.

621 1846 858 1896 Plau-imis
899 1846 1149 1910 amicitiis]
1181 1847 1243 1896 In
1281 1861 1394 1897 meo
1430 1846 1611 1896 codice

556 1931 635 1971 est
668 1923 889 1985 plurimis
920 1913 1121 1982 ωἰιὶσίες
1153 1924 1240 1972 sed
1280 1924 1403 1971 nihil
1448 1932 1609 1972 muto.

556 2000 724 2049 Recte
763 1999 1096 2061 reprehendit
1118 1999 1337 2049 Graecos
1361 1999 1608 2063 quosdam

556 2075 670 2125 Cic.
695 2075 745 2123 in
772 2074 953 2136 Laelio,
974 2089 1089 2138 cap.
1113 2079 1193 2125 13.
1216 2076 1301 2140 qui
1328 2075 1612 2138 tradidere,

554 2151 829 2214 fugiendas
871 2166 986 2201 esse
1023 2153 1204 2202 nimias
1239 2153 1508 2209 amicitias,
1543 2167 1611 2202 ne

554 2244 769 2280 necesse
791 2229 878 2292 sit,
910 2243 1063 2279 unium
1088 2231 1347 2280 solicitum
1370 2244 1486 2278 esse
1516 2243 1612 2293 pro

556 2308 829 2372 pluribus3
878 2309 1003 2357 satis
1046 2322 1304 2373 superque
1354 2322 1466 2357 esse
1510 2306 1609 2356 sibi

557 2400 763 2434 suarum
800 2385 986 2448 cuique
1021 2399 1210 2434 rernm.
1276 2385 1344 2433 Et
1368 2383 1501 2433 bene
1533 2384 1610 2433 in-

555 2465 732 2526 primis
754 2463 820 2511 de
844 2463 1076 2526 principe
1109 2463 1380 2512 Helvidius
1404 2462 1611 2512 Priscus

557 2540 694 2603 apud
717 2540 891 2587 Tacit.
916 2540 1054 2588 Hist.
1077 2553 1155 2588 tv.
1172 2544 1218 2589 8.
1244 2542 1258 2568 ⁸
1276 2539 1486 2588 Nullum
1505 2553 1613 2588 ma·

545 2617 631 2679 jus
656 2615 773 2665 boni
798 2615 998 2678 imperii
1024 2614 1442 2677 instrumentum,
1461 2630 1611 2679 qnam

556 2695 719 2742 bonos
748 2692 974 2741 amicos!
1041 2694 1307 2744 Quantum
1344 2693 1497 2741 etiam
1535 2694 1608 2742 in·

553 2770 707 2818 tersit
730 2769 954 2817 omnium
980 2769 1264 2823 hominum,
1298 2769 1395 2818 sibi
1428 2783 1612 2833 parare

555 2846 764 2903 amicos,
808 2845 965 2896 docet
997 2846 1108 2896 Cic.
1152 2846 1332 2905 Laelio,
1375 2860 1491 2909 cap.
1532 2850 1611 2896 15.

551 2922 723 2974 ‘Quid
745 2922 973 2978 stultius,
1007 2936 1179 2986 quam,
1200 2936 1315 2970 cum
1340 2922 1610 2985 plurimum

554 3000 735 3064 copiis,
769 2998 1127 3061 facultatibus,
1164 2997 1365 3062 opibus,
1396 2999 1613 3062 possint,

555 3085 735 3127 cetera
775 3091 978 3140 parare,
1015 3091 1131 3141 quae
1171 3085 1420 3140 parantur
1455 3091 1612 3140 pecu-

553 3155 657 3215 nia,
672 3169 851 3219 equos,
867 3152 1103 3215 famulos,
1120 3162 1315 3203 vestem
1334 3155 1614 3218 egregiam,

555 3245 677 3281 vasa
720 3232 979 3295 pretiosa;
1031 3232 1221 3281 amicos
1266 3244 1366 3279 non
1410 3245 1613 3295 parare,

554 3311 804 3372 optimam
844 3316 900 3358 et
938 3309 1335 3372 pulcherrimam
1379 3309 1518 3371 vitae,
1556 3314 1612 3358 ut

551 3387 628 3436 ita
661 3388 851 3451 dicam,
886 3388 1297 3450 supellectilem?
1363 3387 1490 3436 Vita
1519 3385 1611 3435 de-

552 3473 692 3515 serta
707 3464 772 3512 ab
788 3465 964 3516 amicis
984 3480 1082 3514 non
1103 3472 1278 3529 potest
1293 3478 1407 3515 esse
1421 3463 1609 3528 jucnn-

552 3542 656 3591 da.'
692 3542 936 3592 Schwart-

617 3621 807 3673 Amicos
838 3621 1034 3683 por-ore]
1069 3622 1272 3685 Cyrus.
1308 3621 1325 3649 ‘
1349 3621 1467 3671 Non
1495 3620 1610 3687 est,'

552 3699 743 3762 inquit,
775 3697 912 3747 ‘hoc
935 3706 1200 3759 sceptrum
1223 3714 1453 3763 aureum,
1471 3699 1608 3764 quod

552 3788 770 3840 regnum
790 3780 999 3835 servet;
1020 3772 1112 3822 sed
1133 3773 1283 3824 amici
1300 3776 1446 3824 multi
1461 3790 1608 3840 scep

552 3861 692 3905 trum
738 3858 858 3902 sunt
902 3851 1243 3908 verissimum,
1280 3852 1609 3917 maximeque

553 3929 827 3981 securum.'
891 3929 1115 3979 Cicero·
1101 3963 1115 3977 .
1151 3928 1393 3992 ‘Opibus
1431 3935 1609 3979 cetera

552 4023 807 4072 paramus,
830 4007 1018 4058 amicos
1052 4020 1151 4055 non
1188 4020 1442 4070 paramus,
1474 4009 1611 4072 opti·

552 4099 686 4133 mam
709 4094 765 4134 et
790 4084 1184 4148 pulcherrimam
1209 4084 1329 4133 vitm
1353 4085 1610 4150 supellec·

553 4160 732 4209 tilem.'
766 4154 919 4211 Beris.

614 4233 743 4284 ,Hac
758 4236 913 4301 mea]
932 4238 1119 4303 Supra,
1141 4238 1158 4266 ‘
1176 4240 1322 4306 qnasi
1346 4240 1609 4304 specimen

1242 319 1455 368 1⁴01·AE
1503 319 1548 365 V
1561 317 1913 367 amonim
1961 316 2043 366 IN

1681 470 1739 514 et
1780 463 2051 525 exemplar
2102 475 2217 527 quo
2264 460 2362 512 tibi
2406 468 2551 512 secta
2588 462 2742 526 vitae,

1682 539 1817 605 quod
1841 541 2100 588 hominum
2131 553 2296 602 genus
2321 539 2561 602 placeat!
2627 542 2739 591 En·

1682 618 1878 666 menius
1913 630 2007 679 pro
2032 616 2274 665 Restaur.
2313 615 2486 665 schol.
2516 616 2533 644 ⁴
2551 617 2738 666 Diver-

1680 694 1912 744 sissimus
1950 692 2090 742 enim
2129 691 2199 742 ad
2233 698 2508 757 utramque
2538 702 2739 745 sectam

1681 769 1913 821 deflexus
1951 770 2068 820 est.’
2131 770 2360 819 Pacatus
2398 771 2451 819 in
2480 770 2743 820 Theodos-

1682 846 1819 897 ‘Sed
1850 846 1936 911 qui
1975 846 2095 894 vitas
2132 852 2237 896 tue
2260 854 2455 895 sectam
2477 846 2743 896 rationes·

1682 940 1783 988 que
1808 921 2151 987 cognoveri&
2184 925 2285 973 dcc.
2348 921 2472 986 Ipse
2495 922 2611 973 Cic.
2640 938 2746 988 pro

1683 1002 1879 1051 Coelio:
1916 1007 1931 1031 ⁸
1948 1001 2133 1065 Neque
2156 1001 2321 1050 solum
2350 998 2489 1063 apud
2509 1014 2625 1064 nos,
2645 1000 2745 1065 qni

1679 1077 1811 1127 hanc
1833 1085 2029 1127 sectam
2049 1077 2403 1141 rationemque
2415 1076 2537 1126 vitae
2553 1091 2613 1127 re
2630 1093 2745 1127 sna·

1682 1157 1775 1221 gis,
1795 1171 1945 1222 quam
1985 1156 2176 1218 verbis,
2201 1155 2368 1206 secuti
2397 1170 2609 1216 snmnsg
2645 1155 2742 1204 sed

1682 1233 1841 1283 etiam
1866 1232 2005 1297 apud
2021 1231 2384 1297 Grecosfdoe·
2425 1231 2625 1282 Lucan.
2649 1231 2743 1282 lib.

1683 1324 1745 1362 ιι.
1779 1313 1795 1340 ⁸
1813 1310 1885 1360 Hi
1917 1324 2104 1373 mores,
2134 1311 2246 1360 hnc
2269 1309 2387 1359 duri
2409 1310 2621 1359 inmota
2641 1308 2742 1359 Ca·

1684 1389 1819 1437 tonis
1873 1389 2026 1439 Secta
2079 1386 2197 1449 fuit,
2252 1401 2463 1438 servare
2507 1387 2744 1451 modum,

1681 1465 1941 1529 finemque
1965 1472 2162 1522 tenere,
2181 1465 2539 1528 Naturamque
2553 1459 2745 1529 sequi:

1681 1544 1781 1590 διο.
1847 1542 2116 1592 Juvenstis
2149 1541 2257 1591 Sat.
2294 1554 2416 1590 xtv.
2466 1540 2743 1592 ‘Juvenes

1682 1619 1936 1680 hortatur,
1967 1626 2027 1668 ut
2049 1619 2185 1667 iiiam
2208 1618 2294 1667 Ire
2327 1616 2464 1667 viam
2494 1626 2744 1682 pergant,

1683 1701 1738 1745 et
1759 1694 1928 1744 eidem
1952 1694 2251 1743 incumbere
2272 1693 2473 1744 sectt0'
2510 1694 2678 1746 Licin.

1748 1771 1875 1820 Hoec
1892 1771 2045 1835 ueto]
2070 1770 2158 1820 Sic
2180 1771 2372 1834 passim
2397 1771 2558 1833 impp.
2586 1773 2640 1819 in
2667 1772 2742 1820 le·

1685 1845 1836 1910 gibus
1861 1845 1976 1896 cod.
2007 1846 2146 1910 loqui
2167 1853 2363 1909 amant,
2392 1849 2409 1875 ‘
2429 1857 2577 1897 secta
2600 1862 2740 1897 sneo-

1685 1937 1797 1971 rum
1844 1921 2170 1985 temporum.’
2235 1923 2324 1972 Sic
2369 1922 2504 1973 infra
2538 1923 2741 1988 Paneg-

1687 2013 1792 2049 ιιι.
1829 2003 1908 2049 12.
1928 2000 2004 2047 ait
2028 1999 2276 2062 Pacatus,
2309 2007 2324 2031 ⁸
2344 1999 2450 2050 Qui
2472 2001 2596 2049 vite
2633 2010 2741 2052 tna

1684 2086 1878 2128 sectam
1917 2078 2244 2142 rationesque
2275 2077 2612 2141 cognoverit,⁹
2636 2081 2742 2129 &e-

1687 2156 1822 2204 Ritt.

1751 2234 1878 2282 Hoec
1897 2231 2048 2296 ncta]
2080 2233 2126 2282 1.
2147 2246 2198 2284 e.
2218 2233 2331 2283 hec
2354 2235 2539 2297 regula
2554 2241 2612 2283 et
2626 2246 2744 2283 seu·

1684 2309 1868 2369 tentia,
1900 2308 2031 2371 sive,
2061 2309 2174 2359 hnc
2209 2309 2417 2358 vivendi
2449 2308 2744 2375 agendique

1686 2386 1833 2435 ratio.
1897 2386 2036 2435 Vide
2060 2387 2125 2437 ad
2149 2401 2203 2451 p.
2225 2389 2341 2436 706.
2364 2387 2607 2436 Sobara.

1752 2464 1920 2527 Neque
1954 2479 2159 2528 umqum
2189 2463 2556 2529 passsam]
2588 2465 2743 2517 Seili-

1685 2546 1771 2589 cet
1815 2540 2056 2604 principi.
2122 2540 2397 2591 Particnla
2429 2555 2602 2604 mue,
2641 2556 2743 2606 pro

1685 2617 1898 2679 vulgato
1918 2631 2021 2678 aec,
2054 2624 2138 2667 est
2168 2617 2223 2667 in
2252 2616 2453 2667 dnobus
2473 2618 2744 2667 Vaticanis

1684 2691 1966 2748 codicibus,
1987 2698 2043 2741 et
2068 2706 2224 2754 meo;
2256 2693 2309 2742 in
2333 2692 2642 2758 quibusdam
2661 2707 2741 2742 ne.

1684 2768 2037 2818 Per-suadeatur
2056 2768 2279 2833 iegitur
2265 2783 2318 2817 tn
2340 2769 2576 2819 omnibus
2596 2769 2742 2819 eodi-

1685 2846 1831 2896 cibus
1850 2848 1976 2897 Mss.
1992 2847 2118 2897 item
2136 2846 2255 2897 etin
2274 2848 2506 2910 plurimis
2525 2848 2744 2912 impres-

1681 2921 1786 2982 sis;
1820 2923 1955 2987 quod
1980 2922 2229 2974 tuendum
2250 2932 2428 2973 contra
2442 2924 2742 2988 Bernegge·

1684 3013 1794 3049 rum
1825 3006 1882 3049 et
1919 2999 2199 3063 Hackium,
2220 3002 2308 3066 qni
2331 3002 2610 3065 prodidere
2632 3017 2744 3065 per·

1682 3080 1924 3128 suadetur.
1993 3078 2163 3128 Odisse
2185 3093 2279 3142 per
2299 3080 2575 3142 enaiiagen
2596 3080 2743 3141 poni·

1685 3162 1773 3204 tut·
1793 3169 1890 3219 pro
1912 3153 2239 3205 substantivo
2271 3155 2290 3185 ‘
2306 3154 2516 3205 odium?
2570 3156 2742 3206 Recte

1682 3240 1856 3281 autem
1902 3239 2051 3283 notat
2100 3232 2320 3296 Lipsius,
2353 3234 2474 3283 ideo
2504 3232 2744 3283 ‘odiu’

1684 3323 1798 3359 esse
1818 3310 2010 3359 humile
2031 3310 2271 3375 principi,
2287 3316 2442 3375 atque
2458 3311 2625 3359 minus
2647 3310 2742 3359 de·

1683 3400 1881 3449 corum,
1903 3386 2025 3450 quia
2047 3386 2380 3449 conjunctum
2404 3386 2474 3435 sit
2488 3401 2609 3436 curn
2631 3400 2741 3436 ne-

1684 3473 1741 3516 tu
1765 3464 2059 3529 degenereg
2092 3472 2286 3516 metum
2320 3471 2493 3515 autem
2522 3479 2640 3515 ease
2661 3465 2742 3514 in·

1683 3542 1872 3594 dicium
1935 3543 2138 3593 humilis
2191 3542 2490 3607 abjectique
2542 3543 2745 3604 animi3

1683 3621 1820 3684 quia,
1842 3620 1931 3684 qui
1953 3622 2158 3678 metuit,
2176 3622 2421 3670 minorem
2442 3634 2499 3669 se
2519 3618 2743 3671 fatetur.

1685 3697 1883 3747 Nescio
1920 3711 2044 3746 vero
2067 3696 2190 3758 qnid
2220 3697 2319 3746 sihi
2353 3696 2576 3746 voluerit
2600 3697 2743 3746 Livi-

1681 3772 1851 3835 neius,
1884 3772 1970 3837 qui
2005 3773 2059 3822 in
2094 3772 2327 3835 margine
2362 3771 2610 3823 editionis
2633 3788 2740 3824 ann

1681 3851 1900 3913 notarit,
1922 3851 1938 3879 ‘
1957 3850 2115 3900 Forte
2128 3851 2199 3899 nil
2218 3851 2294 3900 ita
2309 3850 2739 3901 inserendnmes·

1682 3942 1739 3977 se
1776 3926 1944 3976 verbis
1984 3926 2163 3991 Plinii,
2198 3926 2373 3976 handle
2398 3940 2501 3977 aas
2529 3928 2739 3991 principi

1680 4003 1885 4065 ni1,nisi
1918 4001 2104 4052 odisse.’
2170 4001 2308 4052 lund
2341 4002 2483 4052 enirn
2515 4004 2606 4058 nil,
2637 4003 2739 4052 hoc

1682 4082 1795 4130 loco
1810 4095 1926 4131 cum
1946 4081 2196 4144 particula
2212 4080 2557 4130 antecedente
2573 4094 2741 4143 neq-1·

1681 4159 1764 4208 vel
1785 4173 1891 4221 nec,
1912 4165 2152 4208 constare
2170 4158 2372 4221 nequit,
2384 4158 2490 4207 nisi
2510 4156 2741 4207 absurda

1683 4239 1947 4293 sententia
1969 4238 2090 4289 inde
2112 4236 2477 4288 constituatur.
2523 4237 2635 4288 Pro
2657 4250 2740 4288 se·
