3060 4902
567 327 696 399 878

569 503 706 548 cose,
747 488 934 553 egerit,
978 499 1081 538 non
1123 485 1402 536 observato
1445 484 1627 534 ordine

568 580 835 630 annorum,
857 565 953 615 ltoc
983 572 1063 613 est
1100 564 1114 590 ‘
1136 577 1232 626 per
1257 563 1458 625 species
1481 576 1627 610 exse·

568 643 693 708 qui.’
757 643 844 692 Sic
881 650 936 690 et
966 654 1084 704 ego,
1114 654 1228 688 cnm
1266 638 1628 700 gloriosissimo

568 722 914 769 Romanorum
951 715 1268 779 imperatori,
1305 727 1521 764 cauom
1548 727 1626 764 vt.

558 799 711 862 jussu
749 796 1058 861 perillustris
1091 802 1297 843 senatus
1327 791 1626 841 Norimber·

568 875 755 939 gensis,
815 881 1164 939 parentarem‚
1219 870 1348 920 tanti
1405 870 1627 919 Caesaris

565 952 773 1002 landem
800 966 895 1014 per
919 950 1118 1013 species
1157 949 1399 996 virtutum
1432 961 1627 996 rerum·

566 1043 669 1094 qne
707 1039 967 1091 gestarum
1000 1025 1207 1088 exsequi
1246 1030 1462 1074 conatus
1497 1038 1626 1073 sum.

569 1105 718 1156 Quod
739 1119 899 1169 genus
920 1102 1282 1167 descriptionis
1299 1101 1628 1151 commendat

566 1179 704 1233 ven.
738 1198 777 1233 ι.
820 1187 895 1231 14.
944 1182 958 1209 ‘
983 1178 1244 1235 Felicius‚’
1280 1180 1462 1243 inquit,
1502 1183 1626 1228 ‘cu-

560 1259 745 1323 jusque
770 1259 844 1307 rei
868 1260 918 1306 in
942 1272 1094 1306 unum
1117 1264 1383 1304 contracta
1407 1258 1627 1319 species,

568 1349 719 1398 quam
754 1335 923 1383 divisa
960 1335 1301 1396 temporibus,
1323 1334 1484 1381 oculis
1517 1336 1623 1381 ani·

568 1425 754 1475 tuoque
779 1410 1031 1459 lnbaeret.'
1065 1409 1128 1458 ln
1154 1410 1488 1472 sequentibus
1512 1423 1624 1457 ver-

568 1488 667 1552 bis,
691 1503 786 1552 pro
808 1489 1050 1538 dicendam
1074 1493 1194 1542 erat,
1222 1487 1434 1534 exbibet
1458 1486 1625 1535 codex

567 1563 876 1615 Parisiensis
908 1566 1153 1614 dicendum
1170 1562 1359 1621 suerat.
1392 1563 1624 1611 Schwar-

571 1657 700 1692 zius.

631 1719 873 1768 Diducere
915 1734 971 1767 ac
1011 1715 1260 1781 spargere]
1317 1716 1422 1764 Pro
1465 1715 1622 1766 verbo

563 1796 801 1858 diducere,
848 1809 1044 1855 omnes,
1086 1794 1272 1857 quibus
1325 1806 1446 1840 usus
1490 1806 1623 1853 snm,

563 1873 770 1921 codices
794 1874 919 1922 Mss.
945 1872 1138 1921 babent
1170 1872 1433 1927 deducere3
1467 1885 1621 1934 quam

562 1950 842 1999 lectionem
888 1948 1120 1998 referunt
1166 1949 1321 1997 etiam
1368 1948 1622 2011 plurimae,

564 2043 742 2092 eaeque
768 2029 1081 2092 antiquiores
1117 2027 1389 2077 editiones.
1460 2025 1622 2075 Primi

566 2105 780 2154 verbnm
804 2105 1025 2154 diducere
1049 2106 1356 2167 evulgarunt
1389 2103 1451 2153 R.
1473 2112 1527 2152 et
1555 2104 1623 2152 H.

560 2181 826 2245 Stephani,
852 2182 1152 2238 Ascensins,
1181 2181 1455 2242 Gruterus,
1494 2194 1619 2243 quos

564 2257 813 2323 deinceps
842 2259 928 2307 alii
952 2266 1072 2308 sunt
1092 2259 1270 2307 secuti.
1342 2257 1518 2306 Possit
1541 2265 1621 2306 ut·

562 2349 765 2400 cunque
791 2336 1004 2385 retineri
1036 2335 1248 2384 verbnm
1274 2336 1496 2385 deducere
1507 2350 1528 2392 ,·
1567 2340 1623 2383 ut

561 2413 788 2462 deducere
824 2414 1021 2475 speciem
1068 2413 1222 2462 laudis
1265 2413 1488 2468 dicatur,
1530 2413 1618 2478 qni

562 2500 674 2537 eam
714 2490 786 2537 ita
823 2492 963 2538 varie
997 2490 1266 2552 expandit,
1309 2497 1367 2537 ut
1412 2490 1616 2539 tandem

561 2564 731 2612 tenuis
765 2564 1031 2624 reddatur,
1056 2566 1199 2627 quasi
1228 2567 1564 2615 translatione
1589 2583 1618 2616 a

561 2638 695 2697 lana,
733 2653 846 2701 quae
882 2638 1160 2687 deducitur
1199 2640 1247 2687 in
1291 2641 1616 2691 tenuitatem.

558 2711 747 2761 Horat.
785 2714 954 2776 Epist.
986 2727 1047 2763 ιι.
1087 2720 1132 2764 1.
1165 2719 1279 2764 226.
1327 2718 1342 2744 ‘
1367 2717 1432 2765 Et
1470 2719 1614 2767 tenui

558 2787 783 2837 deducta
807 2788 1044 2853 poemata
1068 2790 1192 2840 filo.'
1255 2791 1402 2841 Sicut
1426 2802 1479 2843 et
1499 2796 1615 2843 Vir-

558 2863 680 2926 gilio
719 2865 898 2929 Eclog.
939 2879 1015 2915 vr.
1051 2871 1099 2915 5.
1143 2866 1159 2894 ‘
1185 2867 1463 2917 deductum
1504 2886 1614 2921 car·

558 2939 714 2996 men.’
748 2942 1036 3006 interprete
1070 2944 1303 2994 Macrob.
1342 2957 1416 2993 vr.
1437 2949 1486 2995 4.
1521 2963 1614 3010 pro

558 3020 700 3067 tenui
721 3028 774 3068 et
799 3019 975 3069 subtili
998 3020 1207 3070 dicitur.
1253 3022 1355 3071 Sed
1378 3024 1489 3086 quis
1513 3040 1615 3074 non

557 3094 720 3156 videt,
743 3095 902 3144 multo
936 3097 1375 3147 accommodatius
1401 3100 1517 3150 ltnic
1543 3103 1612 3150 lo·

555 3184 618 3221 eo
657 3187 767 3220 esse
814 3173 1025 3222 verbum
1063 3175 1313 3224 diducere?
1346 3177 1380 3223 i.
1409 3191 1456 3225 e.
1488 3177 1613 3226 diri-

555 3259 716 3310 mere,
750 3257 806 3297 et
838 3251 889 3297 in
926 3249 1132 3299 diversa
1159 3253 1271 3300 loca
1308 3252 1613 3304 distrahere.

554 3323 695 3373 Quid
724 3338 844 3372 vero
875 3323 1080 3374 facilius
1109 3325 1220 3376 fieri
1250 3332 1436 3389 potnit,
1459 3345 1611 3394 qnam

553 3405 611 3446 nt
636 3399 733 3447 ista
763 3400 919 3450 verba
952 3418 981 3450 a
1018 3402 1229 3452 rudibus
1263 3405 1481 3454 librariis
1509 3409 1613 3457 sint

553 3473 798 3524 confusa?
879 3478 1160 3527 Annotavit
1188 3480 1297 3543 jam
1338 3483 1612 3533 Dracken·

551 3549 790 3599 barchina
824 3552 887 3601 ad
927 3556 1019 3602 Sil.
1055 3569 1147 3605 xv.
1171 3560 1284 3606 187.
1321 3559 1609 3623 hujusmodi

550 3625 864 3677 confusionis
907 3634 1163 3694 exempla.
1250 3634 1332 3682 lbi
1391 3637 1610 3686 antehac

551 3702 704 3751 etiam
728 3702 1015 3768 legebatur,
1049 3707 1063 3733 ‘
1086 3708 1187 3757 Qui
1221 3723 1312 3756 sna
1349 3724 1484 3759 nunc
1516 3713 1610 3761 tri·

551 3780 630 3826 nis
665 3779 929 3829 deducunt
973 3784 1179 3843 agmina
1214 3786 1434 3834 castris:
1500 3789 1605 3839 Sed

550 3856 670 3906 Nic.
712 3857 954 3906 Heinsius
988 3859 1178 3908 ibidem
1216 3864 1605 3915 rescribendum

549 3935 750 3982 censuit
783 3935 1029 3997 diducant,
1066 3938 1148 3985 vei
1195 3946 1376 3987 contra
1421 3943 1604 3991 stanti-

551 4009 647 4058 bus
681 4010 1030 4073 membranis3
1064 4015 1182 4077 quia
1218 4028 1403 4079 nempe
1443 4017 1492 4064 in
1527 4018 1603 4066 bi-

548 4084 707 4135 berns
742 4086 934 4136 diversi
977 4100 1343 4140 concesserant
1388 4093 1604 4143 Cartba-

549 4159 823 4222 ginienses.
888 4164 976 4214 Sic
1010 4169 1165 4217 etiam
1199 4169 1314 4218 Liv.
1335 4181 1497 4219 xxvi.
1517 4174 1603 4223 41.

548 4236 646 4286 bac
667 4252 794 4289 voce
817 4253 940 4291 usas
957 4250 1039 4292 ast
1061 4245 1130 4295 de
1149 4245 1403 4297 divisione
1424 4255 1481 4297 et
1496 4247 1601 4298 dis-

1257 341 1476 392 No'rae.
1524 340 1932 392 vammum
1981 341 2065 391 m

1702 483 1959 533 tructione
1999 483 2265 548 copiarum
2302 483 2423 534 olim
2457 485 2755 550 conjuncta·

1701 575 1843 610 rum:
1896 563 1912 591 ⁸
1948 560 2277 612 Didnxernnt
2321 563 2603 621 exercitus,
2646 582 2755 631 qnae

1701 639 1838 699 patri
1883 646 2176 704 patruoque
2221 653 2337 688 meo
2383 654 2571 690 caussa
2614 643 2755 692 exitii

1701 711 1835 762 fuit.'
1902 714 2217 765 conferatur
2240 715 2445 785 Pierjua
2481 716 2545 766 ad
2579 718 2756 783 virgil.

1703 792 1816 842 AEn.
1840 805 1895 844 V.
1920 795 2030 842 68⁰.
2086 794 2174 843 Sic
2197 801 2252 844 et
2275 795 2341 843 de
2368 796 2585 845 civitate
2610 797 2661 845 in
2682 797 2756 846 di·

1702 883 1875 919 versas
1915 869 2170 920 factiones
2206 872 2370 921 scissa
2405 870 2505 922 hoc
2545 873 2755 924 verbnm

1702 947 1966 1011 usurpavit
1999 948 2165 997 Tacit.
2196 947 2388 999 Annal.
2412 963 2489 999 tv.
2515 954 2595 999 17.
2627 953 2646 980 ⁴
2670 951 2756 1002 ln·

1700 1025 1874 1073 stabat
1899 1023 2090 1089 quippe
2108 1026 2342 1089 Sejanus,
2366 1027 2755 1093 incusabatque,

1702 1100 1961 1152 diductam
1998 1103 2281 1165 civitatem,
2313 1111 2370 1153 nt
2407 1103 2547 1153 ci‘vili
2585 1105 2755 1154 bello.'

1700 1180 1845 1228 Bene
1888 1194 2015 1243 ergo
2070 1180 2167 1229 hoc
2225 1180 2434 1230 verbnm
2479 1181 2639 1230 etiam
2687 1180 2754 1230 ad

1700 1269 1852 1304 unum
1901 1270 2062 1319 genus
2107 1255 2270 1304 landis
2307 1256 2511 1306 diversa
2548 1258 2601 1305 in
2642 1258 2755 1307 loca

1699 1331 2000 1381 distractum
2047 1331 2298 1395 applicari
2348 1336 2540 1395 potnit.
2623 1333 2757 1383 Sunt

1699 1412 1870 1457 antem
1923 1410 2032 1458 haec
2087 1409 2266 1469 verba,
2314 1410 2328 1436 ‘
2356 1408 2645 1471 diducere,’
2699 1416 2757 1459 et

1699 1490 1714 1511 ⁸
1737 1483 2021 1546 spargere‚’
2060 1485 2157 1534 boc
2196 1486 2308 1534 loco
2351 1497 2659 1549 synonyma,
2702 1491 2758 1536 et

1698 1567 1918 1626 utraque
1960 1572 2292 1627 opponuntur
2327 1562 2387 1611 iis
2427 1576 2540 1627 qno
2590 1562 2642 1610 in
2683 1561 2757 1611 lo·

1698 1651 1814 1686 cnm
1838 1653 1993 1688 unum
2011 1638 2256 1696 conferri,
2274 1647 2332 1689 et
2353 1640 2668 1701 continuari,
2678 1638 2757 1689 di·

1697 1720 1901 1764 cuntur.
1950 1715 2268 1779 ‘Spargere’
2285 1716 2422 1765 enim
2445 1715 2605 1764 etiam
2631 1716 2756 1765 alibi

1698 1805 1792 1855 pro
1812 1794 1828 1821 ‘
1846 1791 2100 1841 dividere’
2124 1801 2179 1858 et
2203 1794 2219 1822 ⁸
2236 1792 2555 1841 distribuere
2573 1790 2589 1811 ⁹
2611 1793 2756 1855 poni·

1699 1875 1799 1919 tur.
1836 1870 2050 1919 Sueten.
2063 1869 2251 1931 Galba,
2270 1883 2317 1919 e.
2335 1873 2419 1918 22.
2438 1871 2455 1896 ⁸
2473 1869 2756 1931 Congestas

1697 1959 1753 1993 so
1762 1959 1854 2008 per
1869 1960 2044 1995 manns
2060 1945 2164 1994 cibi
2190 1945 2433 2008 reliquias
2451 1943 2752 1993 circumfer·

1696 2021 1741 2069 ri
1763 2022 1997 2084 jubebat,
2023 2023 2302 2085 spargique
2323 2020 2390 2070 ad
2427 2020 2593 2084 pedes
2614 2027 2756 2070 stan·

1696 2099 1831 2148 tibus
1851 2098 1885 2148 :⁹
1921 2099 2004 2148 nbi
2033 2099 2337 2148 Torrentius
2371 2105 2543 2155 notat,
2575 2104 2592 2126 ⁴
2611 2112 2753 2163 spar-

1695 2176 1745 2237 gi
1764 2174 1777 2196 ⁹
1800 2176 1902 2225 dici
1928 2190 2020 2238 pro
2042 2179 2058 2204 ‘
2075 2176 2235 2225 dividi
2251 2174 2286 2236 ;'
2309 2175 2449 2240 qnia,
2469 2176 2751 2225 secundam

1695 2254 1876 2303 Senec.
1918 2254 2081 2318 Epist.
2126 2256 2240 2303 173.
2287 2255 2303 2282 ⁴
2328 2266 2475 2302 coena
2515 2260 2752 2315 peracta.

1696 2331 1926 2395 reliquiae
1970 2328 2415 2380 circumstantibus
2449 2327 2752 2379 divideban-

1695 2407 1813 2457 tur-⁹
1880 2407 2024 2457 Cui-t.
2058 2421 2179 2457 vm.
2220 2411 2266 2458 1.
2319 2408 2335 2433 ‘
2360 2407 2492 2456 Cum
2536 2416 2752 2472 propter

1693 2498 1875 2546 vagum
1901 2485 2097 2534 hostem
2123 2482 2432 2547 spargendo
2462 2498 2649 2533 manns
2677 2499 2752 2534 es·

1693 2570 1829 2617 sent,
1848 2561 1895 2609 in
1922 2568 2027 2610 tres
2043 2572 2216 2624 partes
2234 2560 2408 2609 divisit
2426 2561 2752 2611 exereitum:

1694 2635 1838 2684 Idem
1862 2649 1913 2685 v.
1935 2641 1981 2686 1.
2017 2638 2031 2664 ‘
2052 2639 2153 2686 Per
2177 2638 2457 2700 nonaginta
2470 2638 2650 2686 stadia
2669 2638 2753 2686 lsa-

1694 2710 1926 2775 bitatnr;
1972 2727 2069 2762 nec
2107 2714 2276 2762 omnia
2323 2721 2465 2762 tecta
2502 2716 2751 2764 continua

1692 2798 1841 2840 snntz
1881 2791 2058 2846 credo,
2093 2790 2212 2854 qnia
2252 2790 2411 2838 tutius
2450 2790 2618 2839 visum
2654 2800 2753 2853 est,

1691 2867 1922 2929 pluribus
1959 2868 2079 2916 locis
2114 2866 2319 2931 spargi:
2386 2867 2451 2916 In
2481 2870 2751 2932 sequenti-

1693 2944 1785 2991 bus
1809 2943 2041 3005 vocibus‚
2069 2945 2087 2973 ⁸
2111 2950 2268 3008 atque
2289 2943 2581 2995 identidem
2613 2955 2749 2995 trac·

1693 3027 1804 3068 tare
1849 3019 2129 3075 debemus:
2174 3033 2267 3083 pro
2311 3020 2473 3068 verbo
2520 3028 2747 3085 waeran,

1688 3096 1854 3146 codex
1879 3096 2181 3147 parisiensis
2216 3110 2397 3160 parunt
2427 3098 2642 3148 utiliter
2663 3100 2750 3148 lta·

1689 3174 1780 3224 bet
1802 3181 2026 3236 spectare.
2059 3174 2226 3224 Idem.
2672 3181 2676 3185 “

1752 3248 2015 3312 Diducere]
2040 3251 2283 3299 Deducere
2303 3249 2473 3299 Lirin.
2496 3251 2551 3301 in
2569 3260 2748 3315 textu

1689 3326 1778 3376 sed
1807 3329 1858 3375 in
1888 3328 2115 3389 margine
2146 3326 2303 3390 sorte,
2323 3329 2581 3379 diducere.-
2617 3334 2751 3395 opti·

1689 3417 1787 3452 me.
1827 3404 2061 3454 Rittersls.

1751 3481 2012 3547 Illas-erae]
2035 3482 2301 3543 Consules,
2325 3494 2425 3530 non
2458 3496 2520 3533 re
2545 3491 2747 3534 tantum

1684 3556 1817 3620 ipsa,
1840 3560 1935 3609 hoc
1957 3569 2058 3623 est,
2088 3558 2432 3621 expediendis
2461 3574 2562 3622 pro
2585 3562 2746 3611 triba·

1683 3638 1786 3685 nali
1812 3637 2306 3693 manumissionibus,
2324 3648 2529 3702 gratam
2556 3641 2743 3705 populo

1682 3713 1936 3764 libertatis
1959 3713 2251 3763 memoriam
2275 3715 2636 3777 renovab-nu
2663 3732 2742 3766 ve·

1683 3804 1792 3839 rum
1830 3793 1986 3841 etiam
2023 3793 2193 3840 verbis
2229 3790 2505 3856 faciendis,
2530 3803 2588 3843 et
2619 3794 2743 3843 reei-

1684 3867 1838 3914 tanda
1861 3867 2091 3916 oratione
2115 3868 2164 3915 in
2189 3868 2331 3916 curia
2356 3870 2529 3930 primo
2561 3883 2740 3918 eonsu-

1682 3944 1815 3994 latus
1858 3944 1941 3992 die
1980 3952 2245 3994 senatores
2288 3944 2354 3994 ad
2392 3960 2543 4011 spem
2584 3953 2737 4012 atque

1681 4021 2098 4085 expectationem
2169 4023 2566 4087 recuperanda,
2621 4023 2740 4074 reti·

1679 4097 1969 4162 nendaeque
2021 4097 2181 4161 ipsius
2239 4098 2499 4150 libertatis
2557 4102 2737 4152 invita-

1680 4173 1823 4223 bant.
1858 4174 2009 4225 Beris.

1745 4250 1942 4302 Primis
1972 4253 2239 4301 mammas
2273 4253 2348 4303 ια’
2380 4252 2510 4317 dies]
2543 4254 2732 4307 Queri-
