3060 4902
512 374 644 439 776

515 537 922 586 commentatur:
959 532 975 563 ‘
996 531 1182 594 Poeta,
1207 533 1331 580 licet
1359 531 1454 580 sub
1486 546 1576 580 ex·

515 619 703 659 tranea
740 623 980 673 persona,
1018 609 1363 658 Romanorum
1403 617 1576 656 tamen

515 686 790 750 exequitur
837 698 1047 741 morem,
1091 683 1228 747 apud
1279 697 1408 747 quos
1457 680 1576 730 dure

514 779 708 815 mensae
739 768 918 823 erant3
953 777 1054 810 una
1094 761 1379 824 epularum,
1414 760 1578 807 altera

516 842 850 906 poculorum;
885 854 1001 887 nam
1031 838 1150 887 ideo
1177 837 1431 902 sequitur,
1458 839 1577 885 Cro·

515 916 677 968 teras!
746 915 791 964 A
815 915 1210 965 convivantibus
1248 927 1388 976 vero,
1413 921 1468 961 et
1491 928 1578 960 co-

513 991 869 1053 missantibus,
898 999 1091 1055 praeter
1121 990 1238 1049 alia,
1272 989 1384 1037 Diis
1419 990 1577 1039 etiam

514 1069 827 1132 singularem
871 1068 1115 1115 bonorem
1167 1065 1391 1113 habitum
1441 1079 1577 1125 esse,

516 1145 890 1209 cognoscimus.
948 1143 1099 1191 Unde
1124 1142 1235 1191 Liv.
1259 1154 1471 1189 xxxlx.
1494 1145 1578 1189 43.

516 1229 531 1250 ⁴
560 1222 710 1271 Inter
746 1221 929 1283 pocula
967 1226 1121 1280 atque
1162 1220 1360 1278 epulas,
1396 1217 1483 1266 ubi
1520 1217 1577 1265 li·

514 1298 640 1347 bare'
682 1297 793 1347 Diis
834 1295 1015 1358 dapes,
1054 1293 1142 1342 ubi
1184 1293 1316 1342 bene
1356 1293 1579 1356 precari,

515 1387 624 1423 mos
649 1371 827 1422 esset-²
894 1372 1034 1420 Deos
1058 1372 1192 1418 enim
1217 1384 1334 1419 suos
1359 1380 1480 1418 tunc
1504 1371 1579 1418 in·

516 1451 795 1512 vocabant,
834 1456 893 1497 nt
940 1447 1149 1511 propitii
1196 1445 1476 1506 adessent;
1519 1452 1580 1495 ut

518 1524 654 1587 apud
680 1524 971 1585 Virgilium.
996 1522 1046 1571 in
1070 1521 1306 1570 convivio
1339 1521 1582 1577 Didonis,

516 1599 634 1650 AEn.
658 1615 696 1649 1.
716 1605 831 1649 ⁷34.
867 1600 882 1627 ‘
906 1598 1076 1653 Adsis,
1108 1596 1307 1646 laetitiae
1345 1597 1581 1645 Bacchus

517 1678 687 1740 dator,
727 1686 783 1725 et
825 1676 958 1725 bona
993 1671 1182 1725 Jnnol'
1266 1673 1493 1732 Deinde,
1527 1672 1577 1720 in

516 1754 762 1803 bonorem
790 1752 1021 1800 Deorum
1045 1748 1236 1812 aliquid
1265 1749 1366 1797 vini
1391 1749 1455 1798 de
1490 1764 1578 1810 pa·

519 1837 635 1879 tera
667 1830 718 1877 iu
744 1842 991 1890 mensam,
1016 1841 1128 1891 quae
1154 1825 1308 1875 etiam
1337 1828 1449 1875 loco
1470 1841 1577 1876 arae

516 1904 631 1962 fuit,
655 1903 1002 1962 defoderunt5
1038 1902 1173 1967 quod
1206 1907 1220 1931 ‘
1246 1902 1437 1952 libare’
1469 1903 1577 1952 dic—

519 1987 627 2028 tum
653 1988 749 2029 est.
805 1980 995 2042 virgil.
1018 1980 1049 2028 l.
1070 1993 1116 2027 c.
1137 1993 1206 2026 vs.
1227 1983 1341 2028 ⁷40.
1376 1985 1390 2008 ⁴
1407 1980 1582 2043 Dixit,

517 2065 572 2106 et
609 2058 661 2106 in
699 2071 926 2106 mensam
960 2056 1168 2105 laticum
1205 2056 1388 2104 libavit
1423 2056 1583 2104 bono-

519 2134 661 2183 rem!
726 2133 835 2183 Aut
871 2135 1024 2183 etiam
1061 2148 1143 2196 ea,
1178 2148 1295 2197 quat.
1330 2134 1396 2181 de
1434 2147 1584 2182 coena

519 2213 682 2262 libata
718 2215 889 2272 erant,
926 2210 987 2258 ad
1031 2208 1202 2259 focum
1246 2207 1394 2267 ferri,
1435 2217 1490 2258 et
1532 2210 1581 2257 in

520 2289 695 2352 ignem
719 2287 1138 2350 dari,jubebant.
1195 2286 1345 2336 Quod
1374 2286 1585 2335 Servius

520 2371 747 2415 testatur
782 2364 847 2412 ad
887 2365 1103 2413 citatum
1142 2362 1345 2425 Virgilii
1385 2364 1584 2414 locum:

517 2443 533 2471 ⁸
557 2441 713 2506 Apud
738 2438 1035 2503 Romanos,'
1060 2439 1246 2504 inquit,
1270 2442 1285 2468 ‘
1306 2439 1461 2488 etium
1485 2455 1578 2490 coe·

519 2532 586 2567 na
621 2519 781 2574 edita,
816 2518 1136 2578 sublatisque
1171 2517 1356 2564 mensis
1390 2517 1587 2580 primis,

520 2596 779 2643 silentium
799 2592 913 2642 fieri
936 2593 1160 2652 solebat,
1181 2591 1349 2654 quoad
1370 2606 1447 2647 ea,
1465 2607 1582 2653 quae

520 2669 754 2728 decoena
777 2670 934 2716 libata
954 2667 1177 2723 fuerant,
1194 2668 1258 2714 ad
1282 2665 1452 2716 focum
1476 2667 1582 2717 fer.

519 2752 719 2802 rentur,
742 2753 796 2794 ct
819 2746 870 2792 iu
896 2745 1065 2807 ignem
1085 2743 1354 2799 darentur,
1375 2759 1434 2792 ac
1457 2759 1586 2806 puer

519 2822 663 2872 Deos
684 2820 935 2884 propitios
957 2820 1264 2880 nuntia-set,
1285 2829 1339 2868 ut
1365 2822 1475 2869 Diis
1495 2821 1584 2870 bo·

519 2911 615 2946 nos
655 2894 966 2946 baberetur.'
1044 2895 1310 2943 Praeterea
1350 2897 1583 2946 Deorum

520 2988 726 3039 quoque
765 2971 1018 3022 beneficia
1040 2971 1322 3036 laudesque
1346 2980 1504 3021 cantu
1529 2981 1586 3023 et

519 3051 879 3102 instrumentis
908 3048 1277 3111 celebrabant3
1313 3050 1386 3098 uti
1411 3063 1475 3097 ex
1499 3063 1586 3098 eo-

523 3127 641 3177 dem
676 3126 917 3189 exemplo
939 3126 1161 3175 convivii
1194 3125 1413 3174 Didonis
1438 3126 1585 3174 intel·

521 3206 685 3268 ligere
721 3205 864 3253 licet.
930 3205 1048 3256 Qua
1080 3203 1145 3252 de
1182 3216 1237 3250 re
1276 3201 1441 3252 fusius
1477 3202 1586 3265 egit

523 3282 675 3346 Gisb.
710 3282 904 3343 Cuper.
939 3280 1069 3329 Obs.
1101 3294 1162 3328 11.
1192 3284 1239 3328 8.
1309 3280 1454 3329 Inter
1488 3280 1589 3328 ista

521 3359 683 3421 igitur
709 3358 964 3418 convivia,
988 3366 1042 3407 et
1065 3358 1471 3418 comissationes,
1497 3371 1585 3406 an-

520 3450 624 3484 non
649 3443 929 3498 potuerunt
954 3435 1112 3483 etiam
1137 3434 1314 3482 laudes
1340 3435 1588 3497 principis

523 3511 756 3570 recitari,
781 3509 1067 3572 decantari,
1091 3525 1121 3557 a
1139 3509 1466 3570 pantomimis
1486 3511 1588 3559 sal·

523 3588 640 3642 tari,
685 3585 1019 3650 gestibusque
1064 3585 1317 3647 exprimi?
1402 3584 1589 3645 Immo,

522 3663 658 3727 quod
694 3675 942 3709 summum
976 3660 1286 3708 adulationis
1323 3663 1589 3724 specimen

522 3745 622 3801 est,
644 3738 726 3788 cui
753 3736 1061 3786 incredibile
1084 3737 1171 3798 sit,
1195 3737 1472 3800 aliquando
1493 3740 1588 3787 eti·

523 3832 605 3867 am
626 3831 715 3866 eos
746 3815 1068 3879 potissimum
1096 3815 1375 3878 principes.
1399 3818 1487 3881 qui
1513 3817 1588 3866 di·

522 3894 795 3943 vinitatem
819 3888 1152 3952 affectabant,
1170 3890 1235 3938 ab
1258 3891 1588 3942 adulantibus

524 3971 790 4031 Romanis,
816 3975 940 4017 tunc
977 3967 1114 4016 inter
1149 3969 1384 4016 convivia
1415 3977 1469 4018 et
1503 3984 1589 4018 co·

524 4048 867 4108 missationes,
890 4045 1044 4093 talem
1078 4043 1337 4106 honorem,
1360 4045 1446 4111 qui
1478 4046 1592 4096 Diis

523 4126 702 4176 haberi
722 4129 1084 4179 consueverat,
1106 4121 1401 4171 admisisse?
1469 4123 1590 4174 Huc

526 4201 676 4262 facit,
696 4199 835 4263 quod
873 4198 1121 4247 Horatius
1145 4197 1356 4254 cecinit,
1381 4197 1486 4248 Od.
1512 4213 1591 4249 ιν.

525 4281 576 4327 ὃ.
600 4275 687 4325 nbi
713 4275 1000 4339 Angustum
1023 4274 1280 4337 bortatur,
1300 4281 1360 4324 ut
1378 4276 1592 4328 tandem

1207 388 1425 438 NoTAE
1471 386 1884 438 vammum
1932 386 2015 436 ΙΝ

1650 532 1703 581 in
1741 532 1919 582 urbem
1957 530 2160 588 redeat,
2183 534 2339 595 atque
2373 528 2509 580 inter
2539 533 2724 580 cetera

1651 617 1848 665 narrat,
1872 608 2127 671 quomodo
2162 608 2302 657 cives
2339 606 2562 656 Romani
2599 621 2722 657 enos

1650 683 1785 732 haud
1831 700 2004 743 secus,
2040 698 2103 733 ac
2144 684 2338 747 Deum,
2381 685 2721 734 libationibus

1651 762 1914 810 colerent:
1950 763 1966 790 ‘
1989 761 2182 811 Condit
2208 762 2425 825 quisque
2448 761 2589 810 diem
2613 762 2724 810 col-

1651 838 1786 886 libus
1822 840 1872 887 in
1909 839 2034 900 suis,
2060 839 2130 886 Et
2160 838 2321 887 vitem
2358 838 2538 887 viduas
2573 838 2725 888 ducit

1653 914 1717 962 ad
1751 917 1993 964 arbores:
2030 915 2173 964 Hinc
2203 914 2267 963 ad
2307 916 2422 963 vina
2450 915 2599 964 venit
2631 915 2723 964 la!-

1654 998 1757 1051 tus‚
1779 1000 1834 1041 et
1871 992 2050 1041 alteris
2071 992 2147 1040 Te
2172 991 2358 1039 mensis
2384 989 2445 1053 [i.
2465 1005 2514 1039 e.
2534 991 2723 1040 comis·

1651 1068 1965 1131 sationibus]
1988 1068 2202 1117 adhibet
2226 1070 2410 1117 Deum.
2458 1068 2534 1117 Te
2559 1068 2726 1116 multa

1654 1157 1829 1206 prece.
1862 1151 1914 1193 te
1949 1145 2281 1208 prosequitur
2314 1158 2480 1206 mero,
2515 1142 2725 1194 Defuso

1655 1219 1877 1282 pateris3
1916 1227 1969 1268 et
1997 1220 2215 1268 Laribus
2237 1227 2379 1269 tuum
2402 1221 2600 1271 Miscet
2629 1236 2726 1270 nu·

1654 1309 1790 1356 men,
1822 1297 1896 1344 uti
1935 1294 2145 1345 Graecia
2178 1297 2407 1345 Castoris
2446 1296 2515 1346 Et
2550 1298 2725 1360 magni

1655 1385 1853 1420 memor
1874 1370 2150 1422 Herculis!
2204 1372 2356 1424 Quod
2376 1372 2498 1420 nibil
2523 1379 2609 1421 est
2632 1372 2727 1421 ali-

1656 1446 1745 1508 ud,
1784 1447 1953 1511 inquit
1987 1447 2244 1511 Cuperus,
2280 1462 2451 1510 quam,
2487 1455 2545 1497 te
2578 1447 2727 1498 invo-

1654 1531 1797 1586 cant,
1837 1531 1891 1571 ut
1927 1524 2200 1584 conviviis,
2236 1530 2477 1586 tanquam
2513 1538 2727 1581 numen,

1655 1599 1838 1647 adesse
1874 1599 2019 1654 velis,
2045 1614 2108 1648 ac
2144 1599 2259 1660 tibi,
2283 1600 2502 1649 sublatis
2532 1603 2727 1649 mensis

1654 1676 1853 1739 primis,
1884 1676 2130 1725 libamina
2181 1676 2423 1725 fundunt.
2492 1678 2563 1727 Et
2594 1679 2729 1728 Tor-

1654 1752 1855 1801 rentius
1868 1753 1932 1801 ad
1954 1753 2087 1802 liuuc
2107 1753 2312 1803 Horatii
2331 1754 2495 1803 locum
2512 1770 2528 1804 ε
2561 1763 2576 1784 ‘
2591 1755 2730 1804 Pos-

1654 1836 1734 1875 set
1757 1835 1811 1876 et
1834 1828 1967 1884 hoc,’
1995 1829 2179 1892 inquit,
2202 1830 2219 1858 ‘
2246 1828 2310 1878 ad
2346 1830 2607 1893 publicam
2645 1845 2730 1880 re-

1655 1904 1898 1967 ligionem
1937 1902 2153 1965 referri;
2188 1936 2203 1950 .
2225 1939 2240 1954 .
2264 1939 2279 1955 .
2304 1907 2511 1955 mallem
2549 1914 2728 1956 tamen

1655 1980 1719 2029 de
1737 1980 1941 2043 privato
1960 1981 2148 2030 civium
2166 1980 2308 2029 cultu
2326 1981 2571 2045 intelligi,
2586 1984 2727 2047 quod

1658 2056 1946 2118 Augustum
1982 2057 2170 2119 passim
2204 2071 2381 2105 omnes
2404 2057 2455 2106 in
2480 2071 2575 2107 suo
2598 2073 2730 2121 quo-

1655 2148 1754 2198 que
1796 2133 2005 2181 Larario
2049 2134 2457 2183 venerarentur!
2540 2134 2732 2185 Noluit

1657 2225 1782 2274 ergo
1803 2211 2073 2273 Traianus,
2094 2225 2190 2273 pro
2214 2225 2304 2259 sua
2330 2211 2604 2271 modestia,
2630 2211 2732 2261 hoe

1658 2285 1811 2336 modo
1845 2300 2029 2334 nomen
2065 2301 2212 2335 suum
2245 2286 2526 2351 laudesque
2550 2303 2582 2336 a
2604 2302 2732 2337 eon-

1660 2360 1955 2409 vivantibus
1971 2361 2469 2425 comi-sentibusque
2484 2364 2731 2413 Romanis

1659 2440 1930 2502 celebrari,
1952 2449 2009 2492 et
2045 2443 2206 2492 multo
2240 2443 2401 2505 magis
2424 2442 2623 2493 cultum
2649 2442 2730 2492 di-

1658 2519 1833 2567 vinum
1858 2520 1994 2568 inter
2017 2518 2206 2581 pocula
2222 2517 2257 2567 'a
2280 2521 2359 2567 sni
2385 2520 2533 2568 cultu
2562 2533 2732 2567 remo-

1663 2601 1827 2643 verat.
1890 2596 2064 2646 Quare
2098 2603 2303 2644 constet
2333 2609 2428 2657 per
2456 2610 2542 2645 me
2567 2600 2732 2646 orati-

1659 2671 1743 2719 oni
1762 2671 2012 2719 Plinianae
2029 2686 2127 2720 vox
2139 2672 2731 2735 comissationibus,qnam

1660 2746 1827 2796 adbuc
1861 2747 2022 2810 magis
2053 2748 2298 2804 illustrat,
2332 2747 2733 2813 confirmatque,

1660 2824 1976 2888 subsequens
1996 2825 2173 2880 lectio,
2190 2838 2339 2888 quam
2365 2823 2535 2873 eidem
2556 2825 2735 2875 Plinio

1662 2901 1833 2963 paullo
1852 2900 2068 2949 inferius
2090 2900 2393 2949 vindicabo:
2427 2900 2446 2928 ‘
2462 2900 2548 2950 Tu
2570 2915 2737 2964 poen-

1663 2977 1710 3025 la
1731 2992 1762 3025 a
1783 2978 1857 3025 tui
1883 2979 2026 3027 cultu
2052 3009 2068 3025 .
2089 3010 2104 3026 .
2122 3009 2135 3024 .
2160 2976 2461 3026 removisti!
2527 2978 2664 3030 Qum
2683 2978 2735 3028 si

1661 3055 1775 3118 quis
1816 3053 2096 3117 expendet,
2128 3051 2304 3115 facile,
2338 3053 2520 3115 credo,
2555 3054 2736 3105 dimit-

1661 3140 1741 3181 tet
1776 3132 2084 3195 rejicietque
2118 3130 2389 3180 Arntaenii
2435 3131 2738 3197 ratiocinia,

1661 3209 1910 3258 adversus
1944 3211 2205 3272 vulgatam
2241 3208 2519 3258 lectionem
2552 3210 2736 3260 allata.

1661 3286 1904 3335 Schwartz.

1731 3361 2178 3425 Comissationibns]
2220 3361 2364 3411 Olim
2395 3362 2572 3410 monui
2605 3377 2737 3411 esss—

1660 3438 1963 3488 missionibus
1994 3438 2095 3500 legi
2132 3451 2301 3500 posse·
2371 3438 2509 3487 Nam
2542 3452 2607 3486 eo
2642 3453 2739 3487 no-

1662 3517 1798 3567 mine
1820 3514 1949 3571 ludi,
1975 3523 2027 3563 et
2051 3515 2342 3579 ubicunqne
2367 3522 2636 3564 certamen
2664 3517 2735 3565 de

1663 3592 1847 3654 palma.
1915 3592 2108 3640 Tamen
2147 3604 2318 3652 posse.
2361 3605 2460 3639 non
2500 3590 2696 3641 debere
2721 3609 2740 3642 z

1661 3682 1776 3716 nam
1797 3668 1813 3693 ⁴
1829 3665 2253 3716 comessationes'
2273 3666 2501 3715 retinere
2524 3667 2652 3716 licet
2678 3676 2739 3717 et

1665 3743 1819 3803 tueri,
1853 3743 1975 3805 quia
2006 3740 2245 3803 comoedi,
2274 3740 2567 3801 citharoedi,
2589 3750 2646 3791 et
2677 3741 2736 3792 id

1662 3832 1824 3882 genus
1861 3818 1912 3866 in
1952 3831 2132 3866 mensa
2165 3818 2320 3865 etiam
2358 3815 2599 3866 dabatur.
2663 3818 2738 3868 Et

1662 3895 1838 3959 quidni
1873 3894 2096 3941 carmina
2128 3892 2198 3940 ibi
2227 3894 2280 3941 in
2311 3893 2515 3941 landem
2544 3894 2740 3957 prinei-

1664 3972 1764 4035 pis,
1786 3970 1870 4020 cui
1895 3970 2008 4018 baec
2037 3968 2340 4031 placerent?
2374 3968 2511 4031 Lips.

1746 4046 2190 4110 comissationibus]
2260 4046 2564 4110 Legendum
2619 4062 2742 4099 esse

1663 4125 2063 4177 commissionibus
2116 4123 2346 4173 ostendit
2392 4123 2743 4175 Casaobonua

1666 4205 2016 4253 commentar.
2033 4200 2085 4248 in
2104 4201 2317 4249 Sueton.
2333 4213 2386 4262 p.
2404 4203 2520 4249 115.
2565 4202 2743 4254 Quam

1662 4281 1942 4332 lectionem
1973 4278 2168 4341 allegat
2191 4282 2246 4327 at
2267 4277 2480 4328 Clariss.
2504 4278 2746 4346 Berneg.
