3060 4902
815 370 878 416 C.
926 365 1164 415 thu
1213 364 1547 415 SEcuNm
1597 366 1873 415 PANBG.

373 515 552 565 uxoris
597 510 854 563 Hadriani
899 510 1224 576 imperatoris
1267 523 1431 560 soror.

370 592 539 642 Livia.

442 665 613 730 Soror]
646 666 927 727 Marciana,
966 681 1080 730 qnae
1114 673 1284 715 tamen
1309 672 1432 715 aute

370 746 697 796 consulatum
720 743 932 806 Trajani
968 751 1171 792 sextum
1196 743 1343 806 obiit,
1375 751 1431 793 ut

373 837 442 873 ex
488 822 686 871 fornice
727 820 1056 869 Anconitano
1100 826 1327 881 constat,
1379 821 1430 869 in

372 912 479 962 quo
501 898 711 960 legitur,
730 908 918 945 mvsa.
933 907 1278 945 maneamus.
1294 909 1429 945 Avo.

370 988 590 1025 aoaoar.
628 987 760 1023 Ave.
827 973 959 1022 Nam
994 974 1009 1000 ‘
1036 975 1182 1022 Divae
1204 972 1219 994 '
1253 974 1429 1037 appel.

370 1054 499 1103 latio
522 1063 773 1102 mortuam
793 1059 958 1113 notat,
983 1058 1037 1101 et
1057 1061 1429 1102 consecratam.

372 1131 512 1195 Lips.

439 1206 611 1269 Soror]
650 1205 939 1266 Marciana,
961 1210 1212 1268 spectatae
1252 1203 1430 1253 mode·

370 1284 587 1332 rationis
612 1290 864 1343 matrona,
893 1282 1042 1345 cnjus
1066 1296 1248 1331 nomeu
1284 1283 1427 1331 colli·

370 1361 511 1425 gitur
535 1375 599 1409 ex
625 1375 748 1409 arcu
773 1359 1068 1421 triumphali
1090 1358 1427 1422 Anconitano,

369 1440 461 1488 ubi
484 1438 688 1502 legitur,
711 1450 900 1487 mvsa.
924 1448 1274 1486 mutemus.
1297 1449 1427 1487 Avo.

367 1528 591 1565 sononi-
614 1527 741 1563 AVG.
806 1513 974 1576 Hujus
1005 1511 1112 1562 filia
1137 1510 1236 1562 fuit
1268 1513 1425 1562 Mati·

368 1594 476 1654 dia,
522 1592 748 1647 Sabinae.
794 1590 1050 1639 Hadriani
1097 1589 1425 1654 imperatoris

366 1671 620 1733 conjugis,
643 1677 824 1719 mater.
861 1669 1078 1718 Putat-ol.

435 1750 586 1797 Soror
628 1746 733 1811 tus]
788 1748 948 1796 Dicta
1003 1753 1085 1795 est
1138 1745 1423 1811 Marciana,

364 1824 516 1887 cujus
538 1825 926 1883 monimentum,
957 1822 1008 1872 in
1035 1822 1194 1872 ruinis
1229 1833 1420 1874 castro·

365 1915 482 1950 rum
516 1901 725 1959 Traiani
759 1900 982 1948 Warlnel.
1025 1907 1305 1965 repertum,
1343 1915 1419 1950 re·

359 1975 469 2025 t'ert
507 1978 766 2027 Gruterus
804 1977 856 2026 in
899 1975 1004 2040 Op.
1032 1975 1276 2041 Inscript.
1300 1992 1420 2042 pag.

365 2066 615 2104 xxxxvt.
636 2059 684 2104 ἱ.

656 2145 784 2182 nno.
852 2143 1097 2181 nancvm

656 2220 786 2257 ruo.
852 2219 1059 2255 satvr:

655 2297 798 2332 mvi.
857 2295 1096 2333 ‘nuum

652 2373 905 2409 avovswt.
969 2372 1036 2409 εἰ·

657 2450 993 2488 ”ancusae

649 2527 897 2565 sonorus.
963 2515 1179 2566 Avcusti

649 2604 907 2642 commu.
972 2604 1079 2641 nse

738 2682 968 2718 sanun.

356 2748 543 2803 Miror,
580 2745 630 2795 in
668 2747 762 2794 hoc
792 2747 1112 2795 monimento
1135 2758 1235 2793 nou
1259 2746 1414 2795 etiam

356 2826 460 2886 legi
486 2839 667 2874 nomen
693 2825 936 2885 Plotinae,
968 2824 1138 2872 uxoris
1161 2823 1414 2886 Augustae

353 2902 604 2966 Traiani,
640 2916 754 2950 cum
805 2909 974 2949 tamen
1021 2908 1244 2962 constet,
1283 2902 1413 2950 hanc

355 2979 706 3040 supervixisse
728 2977 1023 3026 Marcianae.
1090 2978 1169 3025 De
1193 2986 1412 3041 utraque

354 3053 492 3104 forte
537 3056 684 3118 plura
728 3054 897 3102 dicam
954 3053 1005 3102 in
1061 3052 1412 3116 explicatione

354 3146 676 3181 nummorum
722 3138 975 3191 veterum,
1028 3129 1130 3179 buc
1175 3138 1414 3190 spectau-

353 3209 504 3257 tinm.
569 3210 814 3257 Ceterum
858 3208 1025 3255 adbuc
1066 3215 1315 3254 annotare
1352 3205 1411 3253 li·

354 3284 465 3340 bet.
503 3283 554 3333 iu
578 3284 757 3333 codice
781 3283 1160 3344 Salisburgensi
1195 3290 1247 3330 et
1277 3296 1411 3343 meo,

351 3368 570 3423 propter
596 3375 873 3424 pronomen
890 3365 990 3419 tua,
1014 3359 1091 3407 bis
1117 3372 1410 3416 occurrens,

350 3439 792 3500 negligentissime
821 3439 1009 3486 omissa
1044 3451 1159 3485 esse
1195 3451 1412 3501 sequen·

354 3515 432 3564 tia
464 3515 639 3575 verba,
672 3520 723 3563 ut
747 3530 795 3564 se
813 3529 1018 3563 sororem
1037 3529 1134 3563 esse
1155 3514 1365 3563 meminit
1386 3514 1412 3564 !

346 3596 402 3638 stt
426 3591 476 3638 ἰιι
500 3592 581 3639 ma
600 3598 716 3650 tua,-
742 3591 876 3639 unde
895 3590 1064 3639 denuo
1087 3600 1253 3653 patet,
1277 3592 1408 3656 quod

338 3668 455 3730 jam
474 3667 595 3716 alibi
610 3667 1017 3731 dixi,utrumque
1032 3667 1167 3716 hunc
1178 3669 1408 3719 codicem

352 3744 497 3793 velut
541 3758 605 3791 ex
646 3757 747 3792 uno
791 3741 934 3792 fonte
959 3741 1171 3793 fluxisse
1212 3745 1408 3808 videri3

348 3834 647 3883 quanquam
704 3821 916 3883 antiqua
965 3835 1142 3869 manus
1189 3824 1407 3885 margini

343 3898 542 3948 codicis
587 3897 990 3960 salisburgensis
1033 3897 1190 3946 verba
1221 3901 1408 3951 omissa

345 3976 664 4040 postliminio
690 3974 959 4037 adjecerit.
992 3974 1232 4026 Schmun.

414 4052 518 4100 Tua
548 4049 852 4114 simplicitas]
887 4053 902 4078 ⁴
925 4051 1270 4113 Simplicitas’
1302 4054 1407 4117 hic,

342 4138 407 4179 ut
428 4129 619 4192 saepius
644 4128 778 4192 apud
804 4127 1045 4189 Plinium,
1070 4128 1120 4175 in
1138 4129 1290 4179 laude
1316 4145 1404 4194 po-

343 4206 489 4255 nitur
504 4220 598 4269 pro
611 4204 926 4266 sinceritate,
949 4214 1001 4253 et
1019 4206 1186 4254 animo
1202 4215 1405 4270 aperto,

338 4298 512 4348 eoque
569 4282 733 4331 omnis
790 4277 1003 4344 fraudis,
1053 4282 1404 4347 malignitati&

1949 368 1997 415 1.
2043 350 2156 417 84.
2392 349 2564 416 1031

1507 510 1834 572 adulationis,
1858 516 1913 561 et
1931 509 2365 569 dissimulationis,
2388 524 2568 560 vacuo.

1506 588 1596 639 Sic
1621 590 1812 639 Noster
1832 605 2007 654 supra,
2031 604 2144 640 mv.
2168 595 2220 640 5.
2243 590 2258 617 ‘
2277 589 2429 639 Hanc
2447 590 2568 638 sim·

1507 667 1734 730 plicitati
1764 676 1864 716 tuae
1899 668 2208 730 veritatique
2244 666 2461 728 gratiam
2487 681 2568 714 re-

1509 743 1684 803 laturi,
1703 751 1761 792 ut
1785 750 1855 807 te,
1878 758 1992 808 qnae
2019 744 2112 796 vis,
2138 744 2302 805 velle3
2326 758 2440 808 quae
2464 758 2564 793 non

1507 819 1605 881 vis,
1643 820 1800 882 nolle,
1836 820 2146 869 credamus!
2213 820 2292 870 Ad
2316 834 2465 885 quem
2491 822 2565 868 lo-

1505 910 1620 945 cum
1646 896 1762 945 vide
1785 904 1957 946 uotam
1981 887 2224 946 nostram.
2279 896 2565 960 conjungit

1505 975 1602 1023 hoc
1647 975 1758 1024 loco
1793 975 1990 1024 Plinius
2029 984 2132 1025 tres
2167 977 2316 1025 unius
2357 977 2560 1039 generis

1506 1052 1743 1107 virtutes,
1795 1055 1812 1081 ‘
1849 1052 2268 1116 simplicitatem,’
2321 1054 2337 1079 ‘
2374 1053 2562 1103 verita—

1505 1127 1649 1184 tem,’
1674 1135 1729 1177 et
1749 1128 1765 1155 ‘
1790 1129 2065 1178 candorem
2082 1128 2116 1190 ;’
2151 1143 2274 1191 quas
2299 1139 2562 1192 cognatas,

1503 1213 1558 1254 et
1581 1219 1646 1253 ex
1673 1204 1854 1253 eodem
1888 1204 2032 1255 fonte
2063 1205 2379 1255 sinceritatis
2400 1203 2561 1255 fluen-

1504 1287 1582 1329 tes
1606 1282 1821 1330 virtutes
1844 1281 2055 1331 difficile
2083 1290 2159 1332 est
2191 1291 2434 1331 accurate
2458 1284 2561 1332 dis·

1503 1359 1759 1420 tinguere.
1852 1360 1940 1409 Sic
2004 1361 2210 1409 easdem
2276 1360 2434 1408 etiam
2501 1373 2563 1411 n.

1499 1441 1554 1486 9.
1596 1438 1902 1502 conjunxit:
1952 1445 1965 1466 ‘
2009 1438 2190 1487 Habet
2237 1438 2563 1498 avunculum,

1500 1515 1561 1563 C.
1585 1515 1890 1577 Septicium,
1927 1528 2030 1578 quo
2059 1514 2182 1562 nihil
2217 1512 2403 1571 verius,
2438 1514 2561 1561 nihil

1499 1592 1801 1655 simplicius,
1826 1592 1949 1640 nihil
1972 1590 2264 1650 candidius,
2287 1589 2409 1637 nihil
2433 1588 2559 1638 fide·

1499 1670 1615 1724 lius,
1641 1668 1795 1717 novi.’
1833 1670 1985 1717 Idem.

1563 1745 1789 1809 Inuitati]
1845 1745 1997 1798 Quod
2057 1745 2108 1794 in
2155 1757 2318 1793 uxore
2364 1743 2559 1792 evenit.

1495 1820 1636 1884 Lips.

1562 1899 1697 1949 Bene
1715 1899 1930 1965 institui]
1956 1897 2305 1950 communiter
2322 1910 2446 1945 vero
2468 1895 2559 1946 oh·

1497 1974 1650 2034 tinet,
1685 1977 1700 2004 ⁴
1739 1977 1879 2026 Talis
1918 1981 1998 2026 est
2033 1976 2144 2040 quis
2179 1988 2406 2039 semper,
2444 1973 2557 2038 ejus

1496 2055 1660 2118 qualis
1685 2053 1963 2112 educatio‚'
1997 2061 2049 2104 et
2083 2054 2274 2104 oraculi
2310 2054 2423 2103 loco
2447 2052 2555 2102 die·

1493 2137 1626 2191 tum,
1647 2130 1663 2157 ‘
1681 2130 1949 2181 Institutio
1978 2129 2199 2187 erudita,
2225 2130 2327 2178 vita
2351 2144 2555 2192 prorsus

1493 2208 1696 2258 alters.’
1743 2210 1894 2259 Adde
1928 2214 2036 2258 not.
2061 2209 2273 2259 Gruter.
2298 2208 2350 2256 in
2376 2208 2488 2257 Liv.
2516 2222 2551 2257 r.

1498 2287 1584 2333 89.
1621 2286 1773 2334 Bern-

1557 2364 1635 2411 An
1655 2361 1870 2422 feliciter
1906 2361 2060 2424 nasci]
2118 2361 2329 2420 Fateor,
2358 2360 2408 2408 in
2445 2373 2551 2408 om·

1493 2438 1642 2488 nibus
1665 2437 2045 2501 exemplaribus
2068 2437 2289 2492 excusis,
2316 2449 2410 2498 pro
2436 2449 2547 2498 par·

1492 2516 1651 2566 ticula
1686 2531 1766 2572 nn,
1800 2515 2063 2578 hucusque
2105 2513 2395 2575 evulgatum
2436 2527 2550 2561 esse

1489 2600 1594 2645 aut.
1663 2594 1870 2658 Neque,
1894 2607 2008 2642 cum
2035 2592 2252 2655 primum
2277 2590 2549 2654 proderem

1491 2673 1898 2724 Observationes
1921 2687 2083 2734 meas,
2114 2671 2264 2720 aliter
2297 2671 2547 2734 scriptum

1489 2751 1541 2800 in
1579 2749 1846 2801 codicibus
1881 2764 2031 2800 mann
2067 2748 2294 2798 exaratis
2335 2748 2546 2796 invene-

1488 2842 1618 2877 ram.
1682 2828 1965 2892 Postquam
2005 2840 2128 2874 vero
2166 2840 2194 2873 e
2232 2823 2545 2873 bibliotheca

1486 2905 1739 2953 Vaticana
1781 2902 2133 2966 apographum
2170 2900 2363 2950 codicis
2399 2902 2547 2948 8⁴61.

1485 2989 1667 3029 nactus
1691 2994 1821 3037 sum,
1852 2979 1940 3043 qui
1974 2978 2044 3026 ihi
2075 2976 2266 3026 ceteris
2287 2975 2548 3039 antiquior

1487 3060 1768 3122 meliorque
1803 3057 2054 3116 habetur-3
2091 3055 2266 3118 utique
2306 3067 2408 3101 nou
2443 3058 2546 3113 aue,

1486 3135 1576 3183 sed
1600 3150 1661 3183 art
1687 3133 1931 3196 scriptum
1958 3131 2146 3194 reperi.
2213 3130 2397 3178 Utrum
2425 3144 2548 3179 vero

1485 3212 1642 3260 etiam
1676 3210 1725 3259 in
1755 3209 1948 3259 ceteris
1973 3208 2134 3256 trihus
2158 3204 2422 3255 codicibus
2444 3206 2547 3256 Va·

1486 3286 1672 3336 ticanis
1698 3286 1807 3348 pari
1834 3282 1984 3334 modo
2003 3285 2253 3346 scripturn
2273 3284 2339 3331 sit
2362 3297 2443 3344 un,
2465 3298 2547 3332 as-

1485 3378 1725 3413 severare
1762 3377 1862 3412 non
1896 3375 2136 3426 possum;
2166 3374 2457 3425 quanquam
2484 3361 2545 3422 is,

1484 3441 1570 3506 qui
1615 3439 1968 3504 apographum
2024 3437 2410 3486 accuratissime
2456 3437 2545 3485 de·

1487 3517 1737 3579 scriptum
1776 3514 1998 3565 contulit
2034 3528 2151 3563 cum
2187 3514 2298 3564 istis
2336 3514 2545 3579 reliquis

1486 3593 1768 3655 codicibus,
1800 3593 1924 3642 nihil
1960 3590 2026 3642 de
2064 3592 2233 3656 aliqua
2262 3593 2547 3640 variatione

1485 3671 1745 3720 annotarit
1784 3669 1847 3718 ad
1890 3670 2026 3718 hunc
2062 3668 2247 3718 locum.
2327 3668 2545 3718 Interim

1486 3764 1585 3799 non
1616 3763 1715 3797 una
1748 3748 1949 3797 ratione
1982 3747 2222 3797 inductus
2248 3746 2371 3795 nihil
2397 3745 2544 3794 dubi·

1485 3827 1591 3875 tavi
1616 3826 1749 3875 hanc
1779 3827 1942 3889 ipsam
1975 3825 2285 3888 particulam
2318 3837 2380 3871 an
2413 3824 2547 3871 reci·

1483 3918 1626 3968 pere.
1697 3903 1925 3951 Primum
1967 3900 2122 3960 enim,
2156 3901 2199 3948 si
2240 3898 2546 3950 Quinctilia-

1482 3996 1603 4030 num
1631 3980 1884 4040 audimus,
1922 3979 2023 4038 hic,
2057 3978 2228 4027 Iustit.
2253 3975 2404 4025 Orat.
2429 3990 2468 4026 ι.
2492 3982 2542 4025 5.

1481 4058 1571 4108 ubi
1591 4057 1657 4107 de
1681 4056 1829 4105 variis
1848 4054 2242 4103 soloecismorum
2264 4054 2542 4116 generibus

1481 4134 1609 4197 agit,
1641 4146 1732 4196 pro
1754 4132 2038 4181 soloecismo
2068 4130 2245 4191 habet,
2283 4129 2326 4178 si
2350 4130 2466 4194 qnia
2490 4130 2542 4181 iu

1478 4211 1908 4272 interrogatione,
1965 4222 2061 4271 pro
2103 4223 2183 4264 on,
2238 4214 2398 4271 ponat:
2440 4214 2542 4268 nat,

1480 4289 1591 4339 sive
1646 4288 1759 4336 cel:
1828 4287 1844 4314 ‘
1886 4285 2022 4335 Nam
2084 4292 2139 4333 et
2200 4285 2290 4333 ιη’
2356 4285 2544 4351 inquit,
