3060 4902
757 381 820 428 c.
870 379 1117 430 Ριηιιι
1170 379 1500 431 saeuum
1555 382 1834 431 pauno.
1910 384 1958 431 1.
2004 368 2112 435 58.

316 535 669 588 agnoscoque,
706 535 805 573 neo
845 522 918 572 lbi
963 523 1215 588 scriptum
1269 539 1386 574 esse

315 605 333 627 ‘
356 601 680 663 tertiumque
704 598 919 656 consul,’
940 599 1033 649 sed
1054 601 1070 628 ‘
1098 600 1386 664 tertiusque

311 672 531 724 consul)
601 675 806 739 Nempe
836 677 886 724 in
912 689 973 724 eo
996 677 1221 724 carmine
1245 677 1388 725 Mar·

312 749 452 799 tialis
469 751 776 800 Domitiano
794 752 1029 814 Augusto
1047 753 1245 815 gratias
1264 753 1390 817 egit,

311 826 456 891 quod
491 827 575 876 bic
599 834 739 887 nato,
761 828 871 877 sive
903 827 1011 876 filio
1034 837 1157 876 natu
1181 829 1389 892 majori,

311 903 452 963 Silii,
491 903 820 952 consulatum
868 903 1134 953 detulerit.
1218 906 1388 954 Porro

314 994 445 1030 vero
476 980 573 1043 ait,
593 986 608 1007 ⁴
634 979 911 1043 gaudenti’
946 981 1083 1044 patri
1106 981 1232 1029 Silio
1257 988 1271 1009 ‘
1297 981 1387 1030 ad-

312 1055 420 1104 huc
459 1069 756 1118 superesse,
795 1056 932 1118 quod
975 1055 1158 1118 optet‚'
1197 1070 1387 1120 nempe

310 1128 550 1180 ‘felicem
574 1130 893 1194 purpuram,’
911 1131 1022 1179 sive
1041 1129 1245 1180 felicem
1269 1144 1386 1194 pro·

316 1219 559 1270 gressum
596 1205 891 1255 consulatus
927 1205 1020 1254 filii
1056 1207 1280 1269 majoris,
1316 1215 1387 1270 et,

315 1289 443 1348 post
466 1283 786 1333 consulatum
812 1282 990 1345 patris,
1012 1281 1207 1346 filiique
1231 1282 1385 1346 majo·

316 1358 410 1416 ris,
446 1372 510 1408 ex
545 1358 739 1407 Siliana
770 1357 924 1408 domo
954 1365 968 1386 ‘
988 1360 1250 1408 consulem
1284 1367 1386 1408 ter-

316 1432 489 1496 tium:
523 1434 726 1484 scilicet
766 1432 926 1483 filium
961 1434 1240 1496 juniorem.
1323 1434 1385 1483 In

315 1510 458 1560 hauc
493 1509 806 1559 senteutiam
845 1510 1160 1573 epigramma
1202 1511 1385 1560 Marti-

316 1586 418 1636 alis
456 1583 763 1648 jamdudum
811 1593 963 1636 acute
1009 1587 1386 1651 interpretatus

316 1671 404 1711 est
438 1662 720 1712 Matthaeus
754 1663 1019 1724 Raderus3
1056 1679 1207 1727 quem
1245 1663 1385 1713 dein·

316 1740 388 1789 de
420 1747 631 1789 secutus
653 1749 734 1789 est
757 1740 998 1789 vincent.
1023 1739 1305 1802 Collessus,
1331 1748 1387 1789 et

318 1817 610 1866 Collessum
654 1818 908 1866 cellarius
954 1818 1005 1864 in
1050 1818 1275 1865 Dissert.
1320 1817 1386 1865 de

314 1892 451 1942 Silio
483 1892 671 1941 Italico
703 1895 731 1956 ς
763 1895 845 1941 18.
868 1901 922 1942 et
945 1897 1025 1943 14.
1092 1894 1170 1942 Ex
1205 1894 1389 1942 borum

316 1967 483 2031 igitur
518 1969 976 2032 interpretatione,
1000 1978 1054 2019 et
1077 1985 1141 2018 ex
1165 1972 1390 2033 epistola

316 2043 488 2094 Plinii
502 2058 661 2107 snpra
680 2045 862 2108 citata,
882 2046 1063 2110 liquet,
1081 2047 1260 2097 Silium
1286 2048 1388 2097 lta-

313 2120 498 2177 licum‚
518 2129 740 2184 patrem,
757 2135 858 2169 non
884 2122 1012 2171 duos
1029 2125 1248 2187 gessisse
1268 2139 1387 2174 con-

317 2196 543 2255 sulatus,
565 2196 702 2260 quod
723 2196 1034 2246 Arntzeuius
1059 2200 1284 2262 scripsit,
1304 2215 1388 2249 ne·

318 2271 446 2322 dum
496 2279 630 2334 tres3
677 2272 768 2321 sed
815 2275 1172 2324 tantummodo
1212 2290 1387 2340 unum,

318 2362 547 2410 cumque
585 2347 920 2412 ordinarium,
960 2357 1014 2399 et
1057 2352 1386 2403 novissimum

316 2424 416 2474 snb
452 2424 696 2475 Nerone:
733 2433 936 2483 contra,
957 2426 1116 2477 filium
1143 2429 1385 2491 majorem

317 2501 422 2553 sub
469 2502 769 2551 Domitiano
806 2505 1067 2554 consulem
1111 2504 1386 2556 suffectum

318 2595 438 2631 esse
472 2581 825 2642 declaratum,
857 2580 1014 2631 filium
1050 2591 1222 2632 autem
1249 2584 1384 2648 juni·

318 2671 468 2707 orem
503 2665 627 2707 aute
660 2658 943 2707 excessisse
977 2660 1102 2723 vita,
1134 2676 1284 2724 quam
1320 2676 1387 2710 ex

319 2733 493 2798 patris
514 2733 877 2798 martialisque
898 2741 1018 2784 voto
1036 2738 1051 2763 ‘
1071 2737 1252 2785 tertius
1268 2751 1390 2786 con-

319 2807 433 2858 sul'
454 2823 519 2857 ex
539 2808 637 2858 ista
655 2808 806 2859 domo
825 2809 1095 2874 prodierit.
1148 2812 1211 2861 Id
1231 2829 1387 2862 uuum

321 2899 453 2949 ergo
482 2894 682 2935 certum
716 2894 815 2949 est,
835 2888 961 2937 nibil
997 2889 1127 2938 certi
1161 2890 1328 2939 adbuc
1361 2904 1390 2938 a

320 2963 454 3012 viris
487 2961 659 3012 doctis
692 2959 870 3011 afferri
904 2966 1150 3027 potuisse,
1183 2966 1294 3029 quis
1328 2980 1390 3014 eo

321 3044 581 3101 tempore,
595 3052 696 3102 qno
710 3039 956 3101 'Tr-janus
975 3040 1257 3103 imperator
1270 3056 1391 3089 con·

319 3113 550 3163 sulatum
578 3114 786 3162 tertium
813 3115 908 3164 sibi
933 3115 1158 3165 oblatum
1187 3131 1390 3165 recusa-

324 3190 424 3252 vit,
446 3191 498 3239 in
527 3199 711 3239 senatu
745 3191 973 3240 Romano
997 3190 1152 3241 suerit
1177 3197 1389 3243 tertium

323 3266 527 3316 consui.
594 3266 685 3315 Sic
719 3274 772 3315 et
803 3267 915 3329 ipse
949 3267 1174 3331 Lipsius,
1199 3269 1393 3318 acutis·

323 3341 488 3391 simus
523 3340 747 3404 alioquin
783 3342 1149 3405 antiquitatum
1181 3344 1391 3408 indaga-

324 3425 431 3476 tor,
454 3431 572 3467 cum
596 3419 751 3467 etiam
776 3418 1064 3479 suspicatus
1086 3427 1240 3475 esset,
1258 3421 1391 3470 bunc

325 3492 489 3543 Plinii
515 3492 679 3542 locum
713 3494 1022 3558 capiendum
1045 3509 1157 3544 esse
1184 3497 1247 3544 de
1270 3497 1392 3545 Silio

323 3568 547 3629 Italico,
584 3576 850 3632 postremo
875 3579 1046 3619 tamen
1071 3572 1293 3634 ingenue
1315 3570 1390 3621 fa·

326 3651 493 3705 tetur,
515 3656 570 3690 re
596 3657 717 3692 vera
740 3655 939 3707 partem
963 3646 1093 3694 banc
1120 3647 1390 3696 Fastorum

327 3719 385 3768 in
409 3715 642 3767 suffectis
673 3719 969 3768 consulibus
1003 3735 1119 3770 esse
1154 3722 1393 3771 tenebro-

325 3809 461 3856 sam,
480 3808 578 3844 nec
600 3795 711 3844 acie
736 3796 926 3859 ingenii
950 3796 1102 3846 facile
1129 3798 1392 3848 illustran-

326 3871 470 3921 dam.
505 3870 748 3920 Schwurz.

397 3947 495 3997 Ter
514 3945 696 4010 consul]
727 3948 994 4011 Virginius
1019 3948 1182 4000 Rufus
1202 3950 1395 4015 fuerat,

327 4023 422 4075 sed
449 4023 582 4072 obiit
606 4024 658 4072 in
681 4025 976 4086 consulatu,
1000 4028 1233 4089 principe
1259 4029 1392 4076 Ner·

332 4115 414 4148 va.
471 4099 591 4148 Non
613 4113 740 4162 ergo
763 4099 829 4148 de
855 4100 971 4148 illo:
1009 4114 1072 4149 au
1095 4100 1234 4151 forte
1251 4103 1316 4151 de
1333 4103 1393 4152 C.

334 4176 461 4226 Silio
483 4176 814 4239 capiendum,
836 4176 923 4240 qui
950 4179 1104 4227 toties
1126 4180 1250 4228 item
1274 4194 1395 4229 con-

334 4254 435 4317 sul,
470 4260 525 4305 et
564 4260 694 4304 tunc
734 4253 914 4303 vivus?
981 4252 1052 4305 At
1090 4256 1223 4306 enim
1259 4256 1396 4306 sistit

2402 368 2533 435 813

1465 523 1682 589 aliquid,
1708 526 1843 588 quod
1878 525 1931 575 in
1966 525 2123 575 Plinii
2157 524 2327 589 Epist.
2363 540 2453 578 ιιι.
2480 532 2535 580 7.

1464 601 1679 665 legitur,
1717 602 1801 651 ubi
1834 611 2051 653 mortem
2088 603 2237 666 liujus
2268 603 2382 651 Silii
2413 618 2534 653 nar·

1465 685 1567 738 rat,
1592 685 1645 726 et
1683 677 1911 726 breviter
1942 679 2128 726 vitam:
2165 677 2534 739 ‘Novissime,'

1465 753 1654 816 inquit,
1674 753 1779 802 ‘ita
1802 753 2138 802 suadentibus
2157 755 2302 802 anuis
2324 754 2387 803 ab
2404 756 2532 805 urbe

1464 830 1699 888 secessit,
1731 844 1890 892 seque
1923 831 1973 878 in
2012 830 2295 893 Campania
2329 833 2532 893 tenuit3

1464 922 1525 956 ac
1558 922 1623 957 ne
1656 907 1883 956 adventu
1909 907 2116 971 quidem
2140 907 2257 955 novi
2283 907 2532 971 principis

1465 984 1584 1032 inde
1606 985 1902 1032 commovit.
1950 985 2144 1045 Magna
2162 984 2385 1033 Caesaris
2404 985 2533 1046 laus,

1464 1060 1562 1108 sub
1596 1074 1697 1124 quo
1728 1060 1825 1109 hoc
1849 1060 2062 1108 liberum
2088 1058 2221 1118 fuit3
2256 1074 2442 1123 magna
2469 1061 2529 1109 il·

1463 1136 1576 1191 lius,
1601 1137 1689 1200 qui
1726 1136 1822 1185 hac
1853 1136 2096 1185 libertate
2128 1151 2281 1186 ausus
2304 1145 2387 1186 est
2418 1137 2531 1186 uti.'

1462 1212 1743 1261 Enimvero
1760 1213 1802 1262 si
1824 1213 1909 1262 ille
1928 1227 1984 1261 se
2004 1227 2104 1261 non
2124 1213 2418 1276 commovit,
2435 1228 2532 1262 nec

1464 1288 1516 1335 in
1545 1289 1723 1337 urbem
1749 1291 1908 1352 venit,
1930 1289 2186 1353 quomodo
2210 1296 2225 1317 ⁴
2241 1298 2354 1338 erat
2379 1291 2429 1338 in
2448 1304 2532 1339 se·

1462 1362 1628 1426 natu,’
1646 1365 1782 1428 quod
1799 1364 2000 1413 Plinius
2018 1364 2102 1414 hic
2120 1361 2378 1413 affirmat?
2411 1364 2532 1414 Dici

1462 1441 1644 1503 possit,
1667 1440 1803 1489 aliud
1829 1447 1841 1468 ⁸
1862 1441 1913 1489 in
1938 1439 2160 1501 senatu,'
2182 1440 2319 1488 aliud
2340 1440 2356 1466 ‘
2372 1441 2421 1488 in
2443 1454 2530 1490 cu-

1462 1517 1539 1564 ria
1581 1513 1733 1565 esse.’
1811 1515 1873 1564 In
1917 1523 2103 1563 senatu
2143 1515 2301 1563 etiam
2341 1515 2529 1565 absens

1462 1601 1731 1657 censetur,
1756 1594 1808 1643 in
1843 1593 1988 1643 curia
2018 1608 2116 1642 non
2150 1594 2246 1642 nisi
2281 1608 2530 1656 praesens.

1462 1671 1569 1720 Sed
1610 1685 1666 1720 re
1702 1685 1823 1718 vera
1864 1684 1981 1733 pars
2018 1671 2128 1719 liaec
2166 1671 2437 1718 Fastorum
2472 1672 2528 1727 in

1460 1743 1694 1794 suffectis
1739 1745 2036 1793 consulibus
2089 1745 2387 1806 tenebrosa,
2432 1760 2530 1794 nec

1462 1823 1575 1870 acie
1602 1821 1791 1881 ingenii
1818 1821 2043 1884 (absque
2068 1822 2411 1871 monumentis
2436 1822 2531 1885 sit)

1462 1895 1616 1946 facile
1643 1895 1966 1945 illustranda.
2000 1896 2134 1958 Lips.

1533 1974 1843 2021 Consulatum
1884 1972 2155 2035 recusabas]
2212 1971 2529 2022 Claudianus

1464 2048 1530 2097 de
1568 2050 1841 2109 stilicone,
1878 2050 1964 2111 qui
1999 2052 2015 2077 ‘
2038 2049 2336 2098 consulatus
2370 2051 2530 2099 bono-

1463 2123 1612 2180 rem,’
1652 2139 1802 2186 quem
1839 2123 2164 2180 defenderet,
2201 2122 2428 2185 fugeret,
2466 2140 2529 2173 ac

1461 2205 1754 2261 sperneret,
1790 2199 1806 2225 ‘
1835 2206 1981 2247 tanta
2006 2214 2155 2263 quem
2189 2201 2321 2249 mole
2348 2201 2529 2256 tueris,

1462 2275 1690 2338 Respuis
1713 2274 1966 2336 oblatum,
1986 2290 2078 2339 pro
2097 2289 2196 2340 quo
2219 2276 2427 2324 labente
2449 2291 2528 2326 re·

1461 2351 1634 2401 sistis.⁹
1666 2352 1821 2402 Ber-n.

1534 2431 1823 2497 Onerosum]
1859 2429 2050 2480 Ironia.
2086 2429 2220 2494 Lips.

1532 2509 1733 2563 Quoties
1759 2513 1950 2556 senator
1975 2513 2085 2556 tuus
2106 2507 2253 2556 nimia
2274 2508 2530 2573 modestia]

1468 2584 1628 2641 Quum
1649 2584 1794 2632 nimia
1814 2586 2060 2633 modestia.
2098 2584 2282 2633 Faber.

1529 2660 1701 2708 Nimia
1722 2659 1972 2721 modestia]
2005 2661 2169 2709 Recte
2193 2668 2340 2709 notat
2362 2661 2529 2711 Cella·

1465 2735 1589 2796 rius,
1616 2736 1725 2785 baec
1749 2750 1870 2784 casu
1893 2743 2041 2784 sexto
2064 2734 2205 2784 dicta
2228 2750 2375 2796 esse3
2411 2749 2527 2786 curu

1464 2812 1668 2861 Plinius
1694 2813 1865 2862 dicere
1893 2813 2132 2874 voluerit,
2150 2813 2426 2876 Trajanum
2450 2815 2530 2862 ni-

1464 2890 1561 2937 mis
1596 2890 1879 2939 modestum
1905 2888 2132 2937 futurum
2162 2887 2337 2950 fnisse,
2361 2892 2404 2937 si
2430 2890 2530 2939 eti-

1465 2979 1547 3012 am
1583 2966 1813 3027 privatus
1850 2972 2139 3012 recusasset
2168 2965 2377 3012 tertium
2403 2979 2528 3012 con-

1463 3043 1710 3101 sulatum;
1737 3047 1927 3104 quanto
1946 3042 2107 3102 magis
2127 3041 2399 3104 princeps?
2432 3041 2528 3090 Ce-

1466 3123 1653 3171 terum,
1686 3123 1804 3164 ante
1841 3116 2144 3163 vocabulum
2184 3116 2349 3177 nimia,
2386 3116 2531 3165 exci-

1465 3192 1605 3242 disse
1643 3192 1953 3254 particulam
1985 3207 2108 3253 cum,
2144 3193 2223 3240 vel
2254 3207 2411 3255 quum,
2439 3192 2530 3241 ob-

1465 3269 1693 3317 servavit
1738 3268 1799 3318 P.
1839 3268 2038 3329 Faber3
2086 3267 2346 3331 idemque,
2392 3274 2527 3318 teste

1464 3345 1565 3395 Tu.
1601 3346 1827 3402 Hearne,
1867 3344 1918 3392 in
1958 3359 2053 3393 suo
2088 3344 2221 3393 libro
2257 3345 2530 3395 annotavit

1465 3420 1575 3470 Jos.
1601 3418 1863 3480 Scaliger3
1902 3432 2072 3481 neque
2108 3433 2258 3481 nego,
2294 3419 2374 3468 hic
2410 3433 2529 3482 per·

1466 3510 1616 3560 quam
1651 3495 1974 3543 commodum
1998 3496 2163 3543 locum
2187 3495 2271 3544 isti
2300 3495 2527 3558 particu-

1467 3573 1530 3621 1oe
1568 3584 1681 3619 esse
1716 3570 1901 3619 videri.
1968 3570 2039 3619 At
2074 3570 2226 3619 silent
2264 3570 2529 3637 hucusque

1466 3662 1640 3695 omues
1658 3648 1862 3696 codices
1884 3646 2010 3695 Μαι.
2028 3646 2247 3709 librique
2266 3647 2531 3712 itupressi3

1466 3736 1635 3786 neque
1672 3723 1877 3772 omnino
1916 3722 2001 3770 hic
2036 3724 2377 3773 necessariam
2414 3738 2530 3773 esse

1467 3800 1604 3848 iilam
1631 3798 1938 3862 particulam
1964 3812 2168 3847 censeo.
2236 3799 2298 3847 Iu
2323 3807 2530 3849 antece·

1468 3874 1715 3923 dentibus
1755 3874 1946 3936 verbis,
1985 3888 2078 3937 pro
2110 3873 2372 3932 indixerat,
2408 3875 2531 3922 Phi-

1466 3951 1694 3999 lomusus
1764 3950 1950 3998 vitiose
2027 3949 2194 3998 edidit
2258 3948 2530 3998 induxerat.

1469 4024 1724 4074 Schwsrz.

1540 4100 1701 4149 Etiam
1732 4095 1975 4161 privatus]
2009 4096 2064 4146 Si
2100 4110 2285 4158 nempe
2319 4101 2527 4146 senatus

1469 4178 1726 4242 petiisset.
1760 4175 1897 4235 Lips-

1534 4253 1615 4305 Aa
1636 4252 1894 4303 consularis
1914 4248 2008 4299 uiri
2029 4246 2413 4311 triumphalisque
2422 4247 2531 4313 fili·
