3060 4902
525 296 700 364 1016

524 456 762 508 omuibus
784 457 971 508 ceteris
993 457 1258 521 impressis
1277 459 1590 522 exemplari-

528 538 624 585 bus
660 536 849 584 omissa
881 541 1021 595 sunt,
1056 549 1221 599 usque
1256 534 1320 583 ad
1357 542 1595 598 tempora

526 610 688 672 Lipsii
735 618 791 658 et
837 609 1073 666 Gruteri,
1119 611 1207 674 qui
1254 611 1424 673 primi,
1470 620 1593 673 post

525 683 918 746 Cuspiuianum,
937 698 998 732 ea
1020 691 1353 748 receperunt.
1375 686 1592 749 Nequeo

521 759 804 824 dispicere,
852 760 975 823 quid
1016 760 1336 810 occasionem
1381 760 1592 810 dederit

521 834 600 883 his
624 834 948 897 omittendis,
972 851 1089 900 quae
1127 837 1333 885 omnino
1356 851 1590 887 necessa·

521 912 599 961 ria
621 921 743 961 sunt
778 913 843 961 ad
869 913 1177 976 explendam
1202 914 1362 963 Plinii
1384 923 1589 963 senteu-

521 990 664 1040 tiam.
733 993 854 1041 Non
894 997 1085 1054 praeter
1117 1006 1351 1040 caussam
1390 990 1591 1054 profes·

521 1082 606 1116 sus
642 1074 724 1118 est
764 1068 990 1130 Lipsius,
1027 1083 1082 1116 se
1121 1068 1353 1131 pluscula
1378 1067 1460 1116 hic
1496 1070 1587 1118 ob·

522 1158 731 1194 servare
761 1145 946 1204 hiulca,
981 1151 1070 1192 aut
1094 1143 1304 1192 foedata.
1373 1143 1473 1192 Hae
1496 1159 1587 1193 au-

522 1227 627 1268 tem
670 1234 842 1282 voces,
876 1235 979 1282 «μισ.
1018 1225 1297 1283 quantaque
1327 1219 1444 1280 sint,
1466 1234 1586 1270 con-

519 1298 657 1346 necti
683 1298 877 1346 debent
900 1311 1015 1346 cum
1042 1297 1220 1347 ultima
1246 1296 1395 1359 huJus
1417 1298 1586 1360 perio·

520 1374 572 1423 di
621 1389 764 1431 voce,
804 1377 1085 1436 voluptates.
1158 1375 1288 1424 Cum
1337 1389 1458 1423 vero
1503 1374 1584 1423 hae

517 1451 778 1513 voluptates
809 1465 840 1501 a
872 1451 1046 1500 Plinio
1084 1449 1321 1498 dicantur
1352 1450 1508 1510 serice,
1529 1455 1586 1498 et

516 1524 734 1589 intentoe,
754 1533 799 1578 et
825 1543 855 1575 u
872 1527 1040 1590 quibus
1060 1541 1111 1575 se
1124 1525 1381 1589 Trajanus
1402 1540 1584 1588 recepe-

515 1603 587 1651 rit
625 1605 678 1652 in
720 1603 941 1652 venandi
984 1602 1363 1666 navigandique
1399 1602 1587 1662 otium,-

519 1681 623 1741 alii,
656 1696 748 1743 pro
777 1695 900 1730 voce
933 1682 1214 1742 voluptates,
1240 1680 1411 1743 legere
1434 1687 1584 1743 opta·

515 1764 637 1805 runt
668 1772 830 1815 σαντες
870 1757 957 1806 alii
991 1757 1462 1813 administrationem
1497 1755 1584 1805 alii

512 1834 871 1896 occupationes:
911 1847 1085 1882 verum
1132 1832 1333 1881 Plinius
1375 1833 1584 1881 omnino

513 1906 598 1956 hic
646 1908 864 1970 intelligi
899 1907 1010 1955 vult
1055 1906 1214 1955 serias
1250 1914 1305 1955 et
1338 1908 1582 1956 honestas

515 1983 830 2046 voluptates,
864 1997 991 2046 quas
1024 1995 1245 2029 summas
1270 1982 1417 2030 bonae
1439 1997 1582 2031 men-

515 2069 593 2111 tes
617 2063 835 2127 capiunt
869 2078 934 2112 ex
968 2061 1122 2112 rebus
1165 2062 1360 2125 arduis,
1388 2069 1442 2111 et
1468 2065 1581 2126 glo-

512 2140 649 2189 riose
693 2138 1021 2203 feliciterque
1077 2138 1287 2201 gestis3
1342 2139 1580 2201 quamvis

510 2231 630 2265 mox
672 2218 857 2267 redeat
891 2217 956 2266 ad
1001 2215 1221 2265 leuiores
1256 2215 1369 2263 illas
1404 2222 1458 2265 et
1504 2217 1577 2264 le-

511 2293 682 2343 viores
707 2295 1033 2358 voluptatem
1071 2307 1186 2342 cum
1209 2299 1445 2355 utraeque
1469 2291 1578 2340 aui·

508 2372 579 2419 mi
615 2371 862 2420 indicium
898 2385 1014 2420 esse
1057 2370 1276 2433 possint.
1346 2368 1497 2419 Quod
1534 2369 1577 2418 si

508 2449 644 2499 enim
684 2449 840 2499 Plinii
879 2457 1104 2499 mentem
1146 2456 1290 2499 recte
1328 2447 1499 2509 capio,
1534 2447 1576 2496 is

507 2525 803 2587 significare
848 2524 1043 2573 voluit:
1083 2538 1199 2572 cum
1237 2522 1487 2586 Trajanus
1521 2523 1575 2572 in

505 2599 774 2649 laboriosis
796 2600 906 2648 istis
930 2600 1259 2648 venationum
1284 2604 1337 2646 et
1363 2599 1575 2660 naviga·

506 2675 704 2724 tionum
739 2675 1197 2725 exercitationibus
1222 2674 1476 2738 quendam
1500 2676 1576 2725 lu·

503 2748 627 2798 dum
667 2758 723 2799 et
763 2758 1176 2812 avocamentum,
1216 2749 1448 2814 adeoque
1485 2766 1572 2800 vo·

502 2824 758 2887 luptatem
808 2825 1083 2888 quandam,
1129 2826 1429 2887 quaesierit;
1469 2826 1571 2874 uti·

504 2914 605 2963 que
643 2900 892 2949 maximas
920 2915 1241 2962 summasque
1274 2900 1573 2963 voluptates

501 2976 676 3041 fuisse,
712 2994 836 3043 quas
870 2978 913 3027 is
936 2978 1235 3042 perceperit
1259 2992 1289 3027 e
1315 2976 1470 3028 rebus
1488 2995 1570 3029 se·

502 3055 609 3114 riis,
651 3057 1072 3120 gravioribusque
1123 3056 1569 3118 occupationibus.

499 3132 587 3182 Sic
614 3133 750 3183 Pliu.
775 3133 945 3196 Epist.
965 3145 1048 3181 11.
1068 3136 1118 3180 6.
1142 3139 1364 3181 testatus
1392 3141 1491 3195 est,
1509 3147 1568 3182 se

499 3210 726 3273 aliquam
762 3210 995 3272 ‘cepisse
1027 3209 1367 3270 voluptatem,
1400 3208 1571 3272 quod’

499 3299 564 3334 ex
588 3287 901 3348 spectaculis
922 3286 1137 3350 aliisque
1159 3285 1315 3334 rebus
1333 3285 1567 3342 ludicris,

495 3367 509 3388 ⁸
531 3361 802 3424 voluptate
838 3362 956 3424 capi
993 3375 1094 3410 non
1123 3359 1395 3424 potuerit.’
1460 3361 1568 3411 Ubi

498 3434 666 3496 vides,
690 3449 876 3485 nomen
913 3436 928 3463 ⁴
953 3436 1232 3500 voluptatis
1251 3435 1264 3456 '
1292 3434 1465 3498 priore
1491 3437 1566 3485 lo·

495 3524 561 3562 co
604 3510 670 3559 de
700 3513 855 3575 seria,
902 3513 1067 3562 altero
1109 3513 1224 3561 loco
1264 3512 1330 3561 de
1365 3512 1566 3563 ludicra

498 3587 785 3649 voluptate,
810 3589 960 3638 sumi.
1030 3590 1098 3637 Et
1121 3589 1322 3637 Seneca
1340 3586 1408 3637 de
1429 3590 1564 3640 Bea-

495 3670 553 3711 ta
577 3664 724 3723 Vita,
746 3678 861 3726 cap.
890 3668 940 3712 4.
975 3665 991 3690 ⁸
1011 3663 1186 3724 Vera,'
1224 3665 1410 3728 inquit,
1431 3668 1449 3695 ⁸
1477 3681 1566 3715 vo-

494 3740 666 3803 luptas
710 3739 815 3789 erit
871 3739 1193 3802 voluptatum
1244 3741 1565 3793 contemtio.'

497 3816 643 3865 Idem
687 3816 888 3865 Seneca
933 3829 1089 3877 porro
1125 3815 1300 3872 docet,
1336 3832 1455 3880 quoe
1494 3818 1563 3869 sit

493 3893 542 3958 ej
553 3908 607 3941 us
629 3892 830 3956 generis
852 3894 989 3941 seria
1014 3893 1271 3955 voluptas,
1291 3892 1463 3955 Epist.
1483 3898 1564 3944 18.

490 3970 507 3997 ‘
531 3970 596 4019 In
634 3971 732 4019 hoc
765 3976 934 4018 tamen
967 3966 1107 4032 (vili)
1140 3968 1281 4017 victu
1314 3968 1562 4019 saturita-

494 4054 599 4096 tem
632 4062 732 4096 non
763 4052 916 4109 putas
940 4060 1088 4095 esse:
1120 4053 1174 4094 et
1199 4044 1435 4107 voluptas
1458 4054 1562 4097 est.

494 4119 749 4184 Voluptas
772 4130 943 4171 autem
970 4135 1071 4170 non
1101 4121 1189 4170 illa
1220 4120 1368 4183 levis,
1398 4127 1448 4169 et
1476 4120 1557 4172 fu-

494 4208 614 4259 gax,
636 4205 691 4247 et
710 4196 925 4248 subinde
949 4197 1264 4262 reficienda3
1287 4197 1380 4248 sed
1393 4197 1556 4250 stabi·

1225 315 1443 364 ΝΟΤΒ
1492 315 1901 366 vammum
1951 317 2034 367 m

1667 458 1748 520 lis,
1773 465 1828 509 et
1850 466 2014 510 certa.
2082 459 2205 510 Nou
2226 459 2367 511 enim
2381 461 2621 526 jucunda
2649 480 2742 516 res

1666 540 1747 583 est
1789 550 1943 599 aqua,
1996 541 2052 585 et
2100 536 2330 599 polenta,
2372 545 2464 588 aut
2506 538 2739 590 frustum

1665 610 1940 661 hordeacei
1962 613 2142 675 pauis;
2167 612 2258 661 sed
2276 628 2475 663 summa
2490 616 2739 678 voluptas

1664 696 1761 744 est,
1785 702 1939 751 posse
1961 703 2154 753 capere
2177 688 2333 738 etiam
2357 703 2425 738 ex
2447 690 2526 738 his
2546 690 2737 754 (rebus

1663 763 1884 828 asperis)
1906 766 2252 828 voluptatem,
2287 772 2343 813 et
2370 763 2436 813 ad
2457 780 2519 816 se
2539 766 2741 816 redux-

1664 841 1787 902 isse,
1810 840 1947 904 quod
1973 840 2176 904 eripere
2212 841 2354 889 nulla
2382 838 2609 890 fortune
2638 841 2738 891 iui-

1663 917 1834 980 quitas
1858 915 2054 979 possit!
2121 915 2273 966 Idem
2297 917 2464 979 Epist.
2481 922 2566 969 23.
2586 918 2604 945 ⁸
2629 918 2738 968 Mi·

1663 993 1712 1042 hi
1736 993 1911 1055 crede,
1945 1007 2030 1042 res
2067 1007 2250 1042 severa
2283 1001 2367 1043 est
2401 1008 2580 1043 verum
2603 1010 2736 1059 gau·

1663 1069 1822 1134 dium,
1869 1084 1991 1118 vera
2046 1071 2305 1134 voluptas.
2328 1100 2344 1118 .
2380 1104 2395 1119 .
2434 1103 2449 1118 .
2473 1071 2615 1122 Quid
2661 1073 2738 1122 sit

1662 1145 1823 1204 istud,
1859 1147 2171 1210 interrogas,
2209 1153 2299 1195 aut
2330 1146 2470 1197 unde
2506 1146 2737 1198 subeat?

1662 1222 1862 1272 dicam:
1901 1224 1981 1272 Ex
2019 1224 2155 1272 bona
2187 1223 2528 1285 conscientia,
2549 1238 2618 1272 ex
2639 1224 2734 1274 bo-

1661 1299 1822 1348 nestis
1846 1300 2095 1361 consiliis,
2133 1314 2202 1348 ex
2236 1298 2393 1348 rectis
2414 1299 2731 1363 actionibus,

1661 1389 1726 1423 ex
1757 1382 2024 1425 contemtu
2050 1374 2404 1435 fortuitorum,
2426 1389 2492 1424 ex
2519 1373 2733 1438 placido

1660 1450 1783 1499 vitm
1828 1458 1885 1499 et
1918 1451 2165 1500 contiuuo
2202 1457 2383 1500 tenore
2417 1465 2573 1499 uuam
2608 1464 2735 1516 pre·

1660 1527 1850 1576 mentis
1892 1526 2066 1578 viam?
2132 1527 2304 1578 Etiam
2340 1528 2595 1591 Apuleius
2638 1529 2734 1579 lib.

1659 1601 1726 1652 de
1752 1603 2106 1667 Philosophia,
2143 1604 2297 1666 dixit,
2329 1604 2468 1653 illam
2497 1618 2615 1655 esse
2637 1606 2734 1656 bo·

1659 1687 1858 1727 nestum
1903 1679 2276 1742 ‘voluptatem
2316 1693 2434 1743 qun
2477 1693 2584 1729 uon
2632 1696 2730 1745 pu·

1658 1754 1840 1804 dendis
1886 1754 2056 1812 rebus,
2088 1754 2182 1804 sed
2226 1755 2465 1819 gloriosis
2500 1757 2730 1822 actibus,

1659 1846 1754 1896 pro
1788 1832 1962 1899 aliqua
1989 1834 2240 1897 praeclara
2266 1833 2727 1888 administratione

1657 1913 1934 1973 susceptis,
1958 1909 2164 1960 veniat?
2229 1911 2361 1960 Sunt
2391 1925 2518 1974 ergo
2545 1912 2628 1962 bn
2662 1913 2731 1963 il·

1655 1985 1719 2035 1ae
1758 1987 1898 2036 seria
1939 1992 1985 2035 et
2025 1986 2225 2036 intenta
2264 1988 2552 2050 alaudes,
2593 2003 2727 2052 quas

1656 2063 1802 2126 quasi
1825 2078 1857 2112 a
1881 2064 2164 2112 minoribus
2202 2064 2578 2127 voluptatibus,
2609 2065 2724 2115 siv·

1656 2138 1851 2187 lusibus
1876 2140 2169 2189 venationis
2185 2148 2342 2204 atque
2355 2142 2723 2205 navigationis,

1653 2213 1932 2279 distinguit
1973 2216 2193 2266 Plinius.
2257 2216 2504 2267 Pertinet
2543 2226 2725 2268 autem

1653 2284 1864 2341 omnino‘
1908 2291 1973 2341 ad
2015 2293 2223 2343 laudem
2268 2292 2536 2356 principis,
2580 2293 2721 2357 quod

1653 2368 1946 2431 precipuas
1981 2382 2307 2432 summasque
2347 2368 2651 2433 voluptates
2689 2384 2721 2421 e

1651 2443 1916 2495 laboribus
1952 2445 2274 2511 negotiisque
2312 2444 2533 2510 publicis
2561 2460 2723 2511 capo-

1652 2529 1763 2582 ret3
1804 2523 1942 2572 sieut
1987 2529 2166 2572 orator
2202 2537 2379 2585 supra,
2424 2535 2624 2575 Lxxxx.
2669 2528 2718 2573 l.

1651 2597 1871 2655 dixerat,
1906 2612 2024 2648 eum
2060 2600 2076 2626 ‘
2096 2599 2258 2648 instar
2291 2595 2599 2649 refectionis
2626 2614 2719 2650 ex·

1647 2673 1904 2724 istimasse
1928 2676 2270 2724 mutationem
2293 2673 2524 2723 laboris.'
2572 2675 2718 2727 Quo·

1648 2749 1802 2798 modo
1825 2762 1950 2799 vero
1976 2750 2181 2813 Lipsius
2202 2750 2339 2799 huuc
2356 2750 2526 2800 locum
2553 2748 2716 2801 refor-

1647 2826 1891 2876 mandum
1923 2827 2394 2891 explicandumque
2427 2829 2713 2885 censuerit.

1648 2917 1713 2952 ex
1733 2902 1847 2965 ejus
1866 2903 2293 2954 cunctationibus
2315 2901 2471 2953 facile
2488 2911 2713 2955 constat·

1648 2979 1696 3029 N
1702 2994 1767 3027 on
1782 2979 1988 3043 quidem
2010 2992 2284 3029 renuerem
2297 2980 2574 3029 admittere
2590 2981 2713 3045 Lip-

1645 3055 1708 3104 sii
1744 3055 2182 3118 emendationem,
2214 3056 2338 3105 dum
2372 3070 2473 3106 vox
2497 3059 2724 3123 neqeu-

1644 3135 1733 3192 tes,
1754 3130 1926 3194 priore
1963 3131 2080 3181 loco
2103 3131 2292 3193 posita,
2322 3145 2534 3195 prorsus
2556 3133 2716 3184 omit·

1644 3213 1819 3256 tatur:
1854 3222 1960 3270 que
1979 3214 2248 3270 quanteque
2268 3208 2367 3256 siat
2393 3209 2481 3257 ille
2509 3210 2640 3261 seri·
2659 3216 2712 3261 et

1642 3281 1849 3343 intentu,
1868 3288 1917 3332 et
1938 3298 1970 3331 a
1988 3282 2158 3346 quibus
2178 3298 2230 3332 se
2249 3283 2301 3330 t’n
2324 3284 2419 3332 tale
2449 3285 2600 3334 otium
2630 3301 2714 3336 re·

1639 3358 1776 3421 cipit.
1829 3357 1903 3407 At
1924 3364 2049 3409 tunc
2073 3366 2270 3421 optem,
2291 3366 2349 3408 ut
2372 3373 2466 3423 pro
2483 3375 2711 3427 sequeu-

1642 3435 1681 3483 ti
1728 3435 1983 3498 particula
2036 3434 2184 3492 eain.
2235 3435 2531 3487 inveniatur
2579 3454 2711 3489 nere.

1640 3511 1897 3560 Scliwarz.
2692 3553 2698 3559 .

1704 3587 1858 3636 Seriae
1878 3592 1924 3637 et
1949 3587 2170 3652 intenta]
2199 3588 2448 3652 Sequitur
2478 3605 2601 3643 nox
2621 3609 2708 3644 co·

1638 3664 1875 3726 laptula.-
1910 3671 1968 3713 et
2008 3666 2104 3713 nisi
2149 3665 2414 3717 literarias
2458 3676 2549 3719 aut
2584 3671 2705 3722 illas

1640 3740 1793 3788 animi
1815 3739 2073 3789 interioris
2108 3741 2385 3804 intelligat,
2415 3744 2539 3807 quid
2575 3750 2706 3798 vetit
2785 3758 2790 3761 ’

1637 3815 1838 3879 ignoro.
1905 3816 2072 3864 Immo
2099 3817 2341 3879 placebat
2364 3820 2563 3885 legere,
2595 3839 2705 3886 qua

1636 3896 1903 3955 questuque
1922 3892 2024 3940 siat
2047 3893 2132 3941 illa
2148 3894 2275 3944 seria
2293 3900 2342 3944 et
2367 3896 2575 3961 intente,
2601 3905 2649 3949 et
2668 3916 2704 3951 a

1635 3968 1801 4031 quibus
1821 3983 1872 4018 se
1902 3967 1954 4017 in
1976 3969 2074 4018 tole
2094 3969 2241 4018 uiam
2262 3972 2452 4034 recipit.
2527 3974 2701 4039 Vol-p-

1632 4050 1759 4095 tates
1777 4051 1888 4095 suat
1904 4044 2048 4103 eain,
2070 4046 2353 4110 ulaptaoes,
2365 4049 2535 4112 quibas
2548 4067 2567 4101 .·
2584 4067 2699 4111 οη,-

1633 4122 1768 4172 toria
1790 4130 1846 4171 et
1868 4119 2065 4170 efficaci
2089 4123 2424 4186 repetitione.
2459 4127 2601 4191 Lips-

1695 4198 1757 4249 In
1802 4199 1897 4249 tale
1939 4196 2114 4262 mam]
2145 4204 2161 4228 ¹
2181 4198 2593 4259 Pulcher-timum
2636 4212 2696 4259 et
