3060 4902
822 355 895 403 o.
944 352 1184 404 nunu
1231 353 1567 406 suenum
1617 357 1888 409 mnne.
1962 360 2014 409 1.
2057 343 2163 411 84.

389 512 486 549 nus
507 501 657 550 8461.
690 496 818 548 item
840 497 1165 556 Parisiensis‚
1196 500 1450 549 Salisbur·

389 578 587 640 gensis,
607 576 844 626 Venetus
865 581 914 626 2.
947 591 1113 639 meus,
1141 578 1449 642 Patavium,

387 663 444 705 et
466 654 602 703 liber
619 655 920 716 Vossianus,
944 670 1038 718 pro
1058 656 1342 712 exardescit.
1360 655 1451 703 ha-

387 731 521 782 bent
542 738 591 782 et
609 732 830 782 adsuit.
895 732 1130 783 Venetus
1155 736 1198 781 l.
1223 732 1448 797 Gryphi-

388 824 451 859 us
474 823 553 858 an.
579 813 725 860 1⁵³1.
745 815 801 860 et
821 809 1116 873 sichardus,
1144 810 1450 873 simpliciter

384 888 612 937 ardescit.
677 886 865 936 Tribus
898 901 1023 936 vero
1058 885 1221 935 modis
1255 885 1449 935 invidia

389 976 703 1013 concurrere
740 971 913 1027 potest
948 978 1064 1013 cnm
1102 962 1447 1013 emulatione.

388 1039 684 1107 Aliquando
718 1041 920 1103 invidia,
949 1056 1065 1106 qnae
1101 1041 1209 1091 Cic.
1244 1042 1445 1092 Qnaest.

387 1118 598 1167 Tuscul.
641 1133 717 1168 iv.
761 1123 811 1168 8.
855 1119 1047 1169 dicitur
1087 1117 1449 1177 ‘invidentia‚'

385 1196 593 1245 scilieet
628 1197 644 1226 ‘
664 1195 918 1260 aegritudo
954 1205 1199 1260 suscepta
1233 1203 1447 1259 propter

384 1272 600 1322 alterius
635 1287 717 1322 res
752 1275 1025 1335 secundas,
1057 1288 1172 1337 qnae
1209 1273 1331 1322 nihil
1359 1287 1444 1321 no-

386 1358 544 1399 ceant
565 1349 851 1411 invidenti,’
879 1350 1019 1400 velut
1040 1357 1187 1398 extra
1210 1349 1444 1398 ordinem

386 1433 445 1475 et
461 1440 556 1490 per
569 1427 808 1478 accidens
827 1428 1022 1478 excitat
1037 1427 1411 1476 emulationem
1428 1441 1444 1487 ;

384 1509 447 1550 nt
474 1502 700 1553 Velleius
731 1503 766 1551 l.
787 1518 835 1554 c.
866 1504 969 1553 site
1005 1510 1020 1533 ‘
1041 1503 1195 1553 Nunc
1230 1500 1442 1558 invidis,

384 1591 528 1627 nunc
570 1578 865 1650 admiratio,
913 1579 1268 1630 incitationem
1314 1578 1443 1644 (non

386 1654 515 1703 nulli
558 1655 738 1719 legunt
769 1654 1128 1721 imitationem.)
1164 1653 1444 1705 accendit.¹

384 1729 452 1779 Id
475 1731 612 1795 qnod
635 1731 712 1795 fit,
748 1733 792 1781 si
826 1733 977 1782 homo
1014 1732 1215 1780 invidus
1240 1747 1443 1795 semper

382 1808 615 1857 attendit
659 1808 727 1858 ad
776 1811 1012 1862 alterum.
1053 1815 1108 1856 et
1151 1808 1263 1871 ejus
1309 1822 1442 1871 prae·

383 1882 597 1932 stantioe
635 1898 698 1933 ac
733 1882 1001 1933 felicitatis
1034 1884 1350 1933 incrementa
1384 1884 1441 1933 li·

382 1959 480 2007 mis
504 1958 713 2023 quidem
736 1960 897 2010 oculis
922 1962 1171 2016 intuetur,
1202 1962 1292 2010 sed
1327 1974 1441 2010 sen·

382 2038 499 2098 sim,
521 2037 563 2085 si
599 2038 684 2101 qni
717 2037 930 2101 igniculi
966 2053 1066 2088 non
1105 2040 1340 2102 pessimoe
1363 2040 1441 2088 in·

380 2113 514 2163 dolis
540 2114 591 2163 in
613 2129 676 2163 eo
700 2123 918 2172 restant,
939 2116 1265 2165 occasionem
1299 2117 1443 2179 capit

380 2206 499 2240 sese
528 2192 808 2255 excitandi,
840 2199 898 2241 ut
926 2193 1109 2242 eodem
1142 2193 1332 2256 studio,
1355 2208 1437 2242 ea-

380 2267 606 2331 demque
627 2271 725 2324 via,
749 2284 900 2332 qnam
935 2270 984 2317 in
1009 2269 1174 2318 altero
1197 2268 1441 2318 observa-

378 2345 477 2406 vit,
512 2344 647 2394 bona
685 2360 915 2407 quaerere
947 2346 1261 2394 connitatur.
1328 2344 1440 2393 Ali-

379 2421 588 2486 quando
624 2421 817 2472 invidia
850 2423 1127 2472 comitatur
1157 2421 1440 2472 aemulatio·

378 2512 519 2562 nem,
552 2508 641 2548 aut
676 2501 938 2550 aemulatio
970 2499 1194 2563 denique
1226 2502 1274 2548 in
1311 2499 1440 2548 invi·

379 2574 523 2625 diam
560 2576 831 2641 odiumque
872 2577 1098 2637 desinit3
1131 2577 1250 2626 dum
1291 2577 1439 2627 homo

380 2653 597 2702 emulus
634 2653 784 2703 simul
822 2668 887 2702 ex
924 2653 1077 2702 animi
1118 2654 1439 2716 malignitate

378 2729 598 2778 alterius
623 2744 923 2794 progressus
942 2745 1080 2792 aegre
1097 2728 1217 2791 fert,
1230 2744 1440 2796 eosque,

379 2820 508 2869 qnos
530 2808 728 2871 assequi
752 2806 1016 2870 desperat,
1043 2807 1212 2857 odisse
1238 2807 1441 2871 incipit,

378 2890 457 2944 et,
491 2891 738 2948 qnantum
771 2884 825 2932 in
858 2897 912 2932 se
953 2891 1056 2947 est,
1092 2884 1346 2948 impedire
1384 2893 1440 2934 et

378 2961 702 3025 supprimere
750 2961 971 3011 nititur:
1029 2968 1172 3022 tunc,
1215 2965 1230 2991 ‘
1262 2962 1437 3012 odium

378 3053 494 3088 esse
526 3038 684 3089 finem
722 3039 1103 3102 aemnlationis,’
1137 3047 1279 3090 recte
1310 3040 1440 3091 dicit

382 3115 606 3165 Plinius.
639 3116 792 3166 Idem.

448 3193 659 3256 Parique
685 3191 909 3256 fortuna]
944 3191 1129 3243 Ambae
1163 3193 1298 3243 enim
1330 3192 1438 3244 Au·

376 3280 546 3338 gustae
568 3272 742 3321 dicte.
776 3272 994 3321 Patami.

450 3346 598 3397 Nulla
619 3348 855 3397 contentio
876 3347 973 3411 est]
1007 3348 1210 3413 Nempe
1233 3348 1437 3407 vitiosa,

375 3433 433 3476 et
455 3440 569 3475 cum
596 3426 788 3475 invidia
811 3425 1121 3490 conjuncta;
1154 3427 1278 3476 alias
1303 3428 1437 3477 inter

375 3503 541 3553 bonos
558 3502 738 3566 ntique
754 3501 1024 3550 laudabilis
1041 3503 1306 3551 contentio
1319 3518 1434 3554 esse

377 3587 574 3644 potest.
640 3580 934 3629 Hesiodus:
979 3578 1156 3640 Ἀγαθὴ
1178 3581 1218 3628 δ’
1239 3579 1332 3641 ἔρις
1352 3582 1435 3640 ἥδε

375 3659 608 3719 βροτοῖσι.
688 3657 877 3706 Potest
930 3656 1065 3704 enim
1112 3658 1164 3705 in
1218 3658 1436 3708 honesta

377 3733 705 3784 aemulatione
749 3734 1009 3782 hominum
1050 3735 1313 3784 erectioris
1356 3738 1434 3784 iu-

375 3811 513 3859 dolis
549 3812 704 3860 etiam
744 3811 1107 3860 benevolentia
1145 3812 1309 3860 locum
1345 3813 1433 3861 lia-

375 3886 521 3936 bere.
584 3887 639 3937 si
669 3887 804 3937 enim
828 3888 989 3936 bonus
1013 3900 1112 3935 non
1135 3895 1308 3949 potest
1332 3901 1433 3938 non

375 3977 551 4012 amare
571 3963 793 4023 bonnm3
829 3963 1007 4027 quidni
1038 3964 1194 4012 etiam
1221 3965 1433 4013 remulus

373 4053 494 4089 enm
520 4054 690 4088 amare
716 4038 897 4102 possit,
919 4039 1066 4101 cujus
1101 4041 1342 4102 exemplo
1366 4040 1432 4089 ad

372 4116 511 4166 bona
527 4115 778 4165 sectanda
795 4115 1055 4164 excitatur
1072 4115 1089 4161 ?
1124 4114 1433 4176 Hujusniodi

373 4193 735 4243 benevolentia
774 4207 890 4241 cum
929 4193 1254 4241 aemulatione
1295 4193 1433 4243 Hor·

374 4271 528 4321 teusii
550 4278 712 4338 atque
732 4270 998 4322 Ciceronis
1018 4271 1135 4335 conj
1145 4277 1299 4322 uncta
1320 4270 1437 4337 fuit,

2409 347 2582 415 1033

1520 501 1565 551 si
1603 502 1700 565 ipsi
1741 501 1981 562 Ciceroni
2021 503 2152 554 fides
2192 503 2449 558 habenda.
2515 509 2581 559 In

1516 573 1832 642 'praefstione
1868 584 2005 632 enim
2029 582 2145 632 libri
2171 582 2236 632 de
2260 583 2427 635 Claris
2448 585 2584 635 Ora-

1525 654 1723 705 toribus
1759 657 1834 706 ita
1869 657 2009 708 inter
2043 659 2147 708 alia
2174 660 2386 711 scribit:
2420 663 2436 690 ⁸
2462 662 2581 714 Quo

1524 729 1734 780 tandem
1780 734 1949 795 animo
1994 733 2262 785 Hortensii
2313 736 2580 789 interitum

1524 806 1665 856 ferre
1705 808 1881 872 debui,
1923 823 2036 859 cum
2079 825 2180 875 quo
2218 820 2423 863 certare
2464 822 2583 866 erat

1524 882 1982 948 gloriosius,qusm
2004 887 2210 935 omnino
2231 886 2579 940 adversarium

1523 974 1625 1008 non
1647 961 1877 1011 habere?
1910 977 2025 1012 cum
2045 965 2335 1027 praesertim
2354 980 2454 1015 non
2474 981 2582 1017 mo-

1522 1036 1590 1086 do
1614 1053 1868 1103 nunquam
1902 1040 1970 1089 sit
2005 1047 2095 1090 ant
2129 1041 2261 1090 illius
2295 1057 2326 1091 a
2358 1057 2440 1093 me
2465 1059 2580 1095 cur-

1523 1127 1608 1162 sus
1632 1113 1930 1179 impeditus,
1956 1122 2045 1166 sut
2068 1117 2132 1166 ab
2156 1118 2242 1166 illo
2277 1133 2450 1179 meus;
2482 1121 2578 1170 sed

1522 1198 1705 1239 contra
1728 1206 1934 1255 semper
1964 1194 2097 1243 alter
2128 1194 2194 1243 ab
2228 1196 2394 1245 altero
2434 1196 2581 1261 adju·

1524 1275 1626 1329 tus,
1649 1274 1705 1317 et
1735 1270 2180 1332 communicando,
2213 1280 2267 1321 et
2303 1272 2580 1338 monendo,

1522 1350 1576 1391 et
1614 1341 1876 1394 favendo!
1939 1345 2023 1398 ef.
2060 1348 2217 1398 Corn.
2248 1349 2389 1412 Nep.
2412 1349 2580 1400 Atuc.

1521 1434 1570 1469 c.
1592 1423 1641 1469 6.
1694 1421 1926 1471 Eandem
1956 1425 2336 1476 aemnlatiouem
2359 1426 2457 1477 sibi
2480 1428 2578 1478 eti-

1521 1509 1604 1543 am
1650 1510 1766 1546 cum
1810 1497 1995 1548 Tacito
2040 1500 2418 1565 intercessisse,
2461 1504 2577 1566 ipse

1522 1580 1746 1623 testatur
1782 1576 1982 1625 Plinius
2026 1585 2221 1642 noster,
2265 1579 2431 1643 Epist.
2474 1595 2576 1633 vtr.

1518 1652 1602 1697 20.
1667 1659 1684 1681 ·
1709 1652 1877 1703 Quam
1935 1666 2016 1701 me
2069 1654 2334 1717 delectat,'
2387 1657 2577 1720 inquit,

1520 1732 1535 1753 ⁸
1561 1726 1699 1789 quod
1737 1729 1777 1777 si
1822 1744 1925 1792 qua
1966 1731 2189 1792 posteris
2225 1746 2350 1781 cura
2393 1734 2576 1797 nostri,

1517 1818 1881 1870 usquequaque
1904 1808 2215 1866 narrabitur,
2239 1823 2342 1873 qua
2362 1824 2575 1860 concor·

1517 1880 1621 1934 dis.
1673 1883 2022 1947 simplicitate.
2079 1883 2201 1946 fide,
2252 1886 2572 1936 vixerimus!

1518 1958 1644 2008 Erat
1669 1974 1838 2009 rarum
1863 1966 1919 2010 et
1942 1961 2165 2023 insigne,
2187 1960 2313 2018 dnos
2343 1962 2574 2013 homines

1516 2044 1673 2084 aetate
1694 2038 2066 2099 propemodum
2087 2039 2328 2102 aequales,
2344 2054 2443 2091 non
2465 2042 2577 2090 nul-

1517 2110 1614 2159 lius
1646 2111 1698 2161 in
1733 2112 1896 2161 literis
1933 2114 2167 2176 nominis,
2190 2115 2410 2165 alterum
2445 2118 2574 2167 alte-

1518 2190 1621 2239 rius
1657 2190 1831 2239 studia
1855 2187 2043 2240 fovisse
2062 2209 2078 2241 ε
2115 2194 2351 2257 equidem
2375 2194 2575 2245 adoles-

1517 2268 1772 2324 centulus,
1799 2282 1912 2316 cum
1929 2268 2041 2330 jam
2064 2276 2121 2317 tu
2146 2269 2281 2319 fama
2304 2272 2571 2335 gloriaque

1515 2340 1749 2405 floreres,
1796 2352 1846 2393 te
1900 2347 2065 2408 sequi,
2121 2345 2217 2396 tibi
2263 2347 2437 2411 longo,
2480 2350 2573 2399 sed

1517 2421 1800 2485 proximus,
1836 2421 2130 2485 intervallo,
2161 2431 2213 2473 et
2248 2438 2377 2481 esse.
2401 2431 2455 2475 et
2482 2426 2575 2476 lia·

1516 2496 1660 2547 beri.'
1724 2498 1828 2548 Sed
1866 2506 1978 2548 tota
2017 2500 2126 2548 haec
2161 2500 2386 2562 epistola
2418 2500 2575 2566 digna

1515 2582 1616 2635 est,
1638 2590 1752 2640 quae
1774 2574 1993 2638 legetur.
2028 2576 2274 2627 Schwarz.

1581 2650 1859 2714 Stirpis-iuvit
1893 2648 2117 2713 invicem]
2168 2652 2575 2717 Salisburgensis

1515 2728 1684 2777 codex
1728 2737 1782 2779 et
1830 2743 1970 2777 mens
2014 2728 2241 2792 produnt
2286 2730 2572 2794 suscipiunt.

1514 2808 1617 2856 Sed
1662 2815 1878 2871 praestat
1911 2807 2068 2858 lectio
2102 2809 2343 2872 vulgata;
2380 2816 2434 2858 et
2471 2811 2572 2860 ista

1515 2882 1674 2932 verba
1718 2883 1873 2933 etiam
1922 2883 2045 2932 alibi
2090 2883 2336 2933 confundi
2388 2886 2573 2950 solere,

1514 2961 1692 3010 notavi
1708 2961 1814 3024 jsrn
1841 2975 2016 3024 snpra,
2036 2961 2099 3010 sd
2143 2976 2195 3023 p.
2220 2964 2335 3010 852.
2367 2962 2516 3011 Idem.

1583 3038 1715 3085 Idem
1735 3036 1948 3100 utrique]
1974 3036 2146 3099 Vulgo
2169 3037 2355 3098 copula
2377 3053 2465 3100 qne
2481 3039 2572 3087 ad·

1504 3114 1741 3178 jungitur
1769 3113 2056 3177 pronomini
2091 3114 2234 3175 idem,
2258 3120 2314 3161 nt
2338 3114 2571 3176 legamus

1515 3191 1737 3253 Idemque
1759 3190 1963 3252 utrique.
2029 3190 2131 3238 Sed
2156 3191 2394 3253 copulam
2417 3191 2570 3241 istam

1515 3267 1682 3328 omisi,
1701 3266 1824 3330 quia
1846 3281 1959 3316 eam
1981 3279 2149 3330 neque
2173 3266 2381 3328 agnovit
2402 3266 2570 3317 codex

1512 3344 1837 3394 Parisiensis.
1899 3344 2019 3395 Jam
2065 3344 2439 3395 Rittershusins
2479 3345 2571 3396 do-

1515 3421 1641 3484 cuit,
1678 3421 1980 3471 concinnius
2020 3435 2153 3483 esse,
2200 3422 2323 3472 idem
2362 3423 2569 3487 utrique.

1512 3500 1605 3562 Et,
1657 3508 1846 3562 praeter
1899 3500 2044 3560 alios,
2083 3499 2192 3564 jum
2236 3501 2306 3550 H.
2348 3503 2568 3567 Stepha-

1511 3592 1626 3637 nus,
1660 3577 1885 3637 Elzevir‚
1915 3576 2258 3637 Boxhornius‚
2296 3579 2571 3644 Cellsrius,

1513 3653 1746 3711 Hearne,
1769 3653 1929 3715 Cera,
1948 3655 2185 3716 Patami,
2208 3655 2491 3718 Gesnerns,
2513 3658 2567 3707 in

1510 3731 1614 3779 snis
1670 3731 1984 3779 editionibus
2041 3730 2255 3781 eandem
2326 3734 2565 3795 copulam

1510 3808 1814 3857 omiserunt.
1880 3805 2166 3857 Profitetnr
2203 3807 2405 3871 quidem
2429 3807 2566 3857 Arn-

1511 3884 1729 3947 tzenins‚
1748 3900 1802 3932 se
1825 3884 2044 3946 nescire,
2074 3900 2228 3948 quam
2252 3885 2382 3933 bene
2416 3886 2568 3936 omit-

1510 3969 1670 4012 tetur.
1733 3962 1838 4012 Sed
1875 3977 1973 4024 ego
2009 3969 2152 4025 puto,
2187 3961 2458 4011 admodum
2490 3964 2567 4012 in-

1509 4047 1710 4102 gratum
1733 4054 1842 4088 esse
1867 4040 2005 4087 illum
2028 4053 2331 4089 concursum
2355 4040 2568 4103 syllaba

1510 4131 1617 4180 que,
1640 4123 1698 4163 ut
1721 4118 1806 4164 vix
1828 4115 2072 4165 credatur
2095 4130 2125 4162 a
2148 4115 2319 4164 Plinio
2343 4116 2564 4181 venisse,

1512 4194 1733 4254 Idemque
1766 4192 1969 4254 uir-ique.
2036 4191 2154 4240 Huc
2188 4191 2406 4256 accedit,
2429 4195 2563 4258 qnod

1509 4284 1613 4321 nou
1646 4270 1809 4320 solum
1843 4268 2075 4335 proxime
2107 4271 2383 4322 antecessit
2406 4285 2563 4324 mem-
