3060 4902
481 355 655 422 1094

484 512 768 565 Parisiensi
798 509 1041 561 librarius
1064 508 1387 573 negligenter
1420 504 1548 556 omi·

487 592 556 642 sit
592 591 682 640 has
720 603 895 644 voces,
916 587 1095 637 nostris
1116 601 1172 635 uc
1202 583 1553 649 pronepotibus.

487 666 710 717 Occasio
731 665 939 714 labendi
972 662 1093 727 fuit,
1129 663 1252 728 quia
1275 674 1553 727 praecesse·

484 753 566 794 rat
591 742 852 807 nepotibus.
886 740 1053 791 Idem.

550 818 820 884 Admeto]
853 819 968 870 Sibi
1005 817 1257 882 adoptato
1288 833 1319 867 a
1344 817 1556 878 Nerva3

487 912 599 959 seu,
623 896 790 960 qualis
825 909 938 945 esse
972 894 1150 950 debet,
1185 894 1274 958 qui
1309 891 1556 957 adoptari

488 980 719 1025 meretur
743 981 772 1022 a
797 972 1073 1036 principe;
1105 971 1229 1036 quia
1266 976 1390 1020 tunc
1422 969 1557 1032 upti-

489 1066 601 1101 mus
623 1065 688 1100 ex
711 1050 921 1115 optimis
949 1048 1072 1111 eligi
1094 1046 1268 1097 debet.
1306 1046 1524 1095 Pater-ol.

554 1128 637 1178 Sis
665 1128 887 1191 eligenti]
935 1126 997 1176 In
1035 1124 1318 1175 Purisiensi
1357 1122 1559 1187 codice,

490 1213 546 1256 et
586 1213 811 1269 utroque
845 1204 1071 1258 Veneto,
1108 1201 1360 1264 scriptum
1398 1206 1478 1249 est
1512 1198 1558 1250 si

491 1283 704 1345 legenti}
751 1282 801 1331 in
840 1280 1118 1343 Pataviuo,
1153 1292 1205 1328 se
1234 1275 1468 1340 eligen21‘3
1503 1276 1556 1325 in

491 1359 769 1418 vossiano,
785 1358 1047 1419 2e11'genu5
1084 1358 1136 1405 in
1159 1347 1559 1417 salisburgensi,

490 1437 543 1485 in
583 1436 779 1484 consilio
812 1434 1012 1483 similem
1064 1435 1296 1481 monstres
1337 1431 1560 1494 aliquem.

493 1513 743 1576 Copnlem
784 1526 874 1575 que
911 1509 1143 1560 nonnulli
1182 1506 1389 1557 codices
1425 1520 1557 1569 pree·

495 1589 816 1652 termittum,
871 1594 926 1636 et
970 1583 1236 1649 sigillatim
1293 1581 1558 1637 Vaticani,

495 1665 820 1730 Guelplrerb.
861 1671 916 1715 et
953 1678 1100 1713 meus
1133 1661 1417 1724 habent,in
1449 1674 1559 1709 con·

494 1742 602 1790 silio
667 1742 759 1791 sibi
822 1741 1001 1804 legenti
1055 1745 1285 1790 mnstres
1339 1737 1561 1801 aliquem.

496 1820 758 1869 Schwarz.

562 1893 808 1956 Eligenti]
842 1893 1049 1956 Legenti
1069 1893 1134 1942 V.
1167 1890 1331 1941 Livia.

563 1971 716 2027 Quem
746 1969 990 2034 adoptari]
1033 1969 1137 2019 Alii
1175 1970 1354 2019 volunt
1395 1969 1563 2020 Nera·

501 2046 627 2098 tium
652 2047 889 2097 Priscum
913 2062 927 2095 :
964 2046 1050 2096 alii
1072 2046 1312 2108 exemplo
1336 2043 1564 2094 Alexan·

498 2125 578 2173 dri
604 2125 877 2176 neminem.
944 2122 1202 2173 Ausonius
1227 2123 1429 2172 scilicet
1460 2120 1568 2171 Ha-

497 2201 770 2261 driauun13
806 2199 896 2250 sed
913 2199 1071 2263 juxta
1095 2199 1315 2249 Dionem
1339 2199 1422 2249 bic
1444 2199 1566 2248 Plo·

501 2281 627 2328 tinae
647 2277 845 2339 favore,
867 2276 1071 2327 Attiani
1095 2278 1312 2338 artibus,
1329 2284 1384 2327 et
1402 2291 1568 2325 arma-

503 2362 561 2404 ta
584 2370 673 2403 sua
699 2369 852 2404 manu
879 2355 1162 2416 imperator
1185 2360 1412 2405 creatus.
1452 2354 1569 2404 Nec

502 2431 715 2495 desunt,
750 2432 835 2495 qui
861 2445 889 2480 a
913 2439 1098 2481 senatu
1139 2433 1354 2496 petiisse
1391 2433 1567 2496 Traja-

504 2523 624 2557 num
652 2509 906 2567 scribunt,
943 2515 1019 2570 ut,
1042 2508 1083 2558 si
1117 2508 1236 2573 quid
1277 2509 1568 2559 humanitus

503 2586 605 2648 ipsi
663 2585 958 2649 accidisset,
1012 2587 1265 2650 optimum
1333 2587 1569 2651 eligeret.

507 2664 657 2713 Bern.

570 2738 632 2786 In
660 2737 923 2802 Capitolio]
961 2738 1163 2788 Plinius
1196 2747 1375 2790 noster
1396 2754 1574 2804 supra,

508 2827 638 2863 vm.
666 2816 711 2861 1.
734 2820 784 2862 et
805 2817 854 2863 3.
910 2816 926 2842 ‘
952 2813 1145 2878 Itaque
1167 2828 1268 2863 non
1297 2822 1385 2864 tua
1406 2816 1459 2865 in
1483 2830 1573 2865 cu-

507 2891 700 2954 biculo,
715 2890 805 2940 sed
832 2891 882 2940 in
909 2893 1134 2954 templo;
1169 2905 1266 2941 nec
1283 2900 1408 2941 ante
1428 2892 1575 2956 geni·

508 2968 641 3017 alem
669 2974 857 3024 torum,
876 2967 968 3017 sed
991 2973 1115 3017 ente
1153 2968 1393 3033 pulvinar
1425 2967 1576 3021 Jovis

506 3046 689 3110 optimi
714 3046 944 3107 maximi,
980 3045 1196 3109 adoptio
1231 3055 1442 3109 peracta
1477 3054 1578 3098 est.

508 3123 705 3187 Nerva,
743 3124 998 3173 advocata
1034 3124 1295 3173 hominum
1331 3125 1576 3174 concione

510 3201 868 3263 Deornmque,
905 3207 959 3250 te
981 3199 1141 3249 filium
1168 3201 1264 3250 sibi
1284 3200 1577 3251 ...adsum-

507 3275 610 3326 sit.'
683 3277 828 3327 Nihil
879 3277 1090 3333 attinet,
1126 3277 1239 3340 jam
1290 3291 1579 3341 exponere,

509 3354 620 3416 ubi,
643 3359 696 3404 et
722 3354 998 3420 quomodo,
1019 3356 1337 3418 privatorum
1359 3361 1578 3420 peracta

510 3428 742 3494 adoptio.
812 3429 886 3481 At
908 3431 1124 3494 adoptio
1159 3432 1448 3495 principum
1474 3447 1578 3483 non

510 3507 694 3558 eodem
718 3522 927 3571 semper
948 3506 1121 3565 modo,
1153 3508 1243 3558 sed
1270 3524 1334 3559 ex
1357 3509 1576 3562 arbitrio

510 3584 904 3647 imperatorum,
928 3586 1108 3648 peragi
1141 3586 1298 3635 solita
1319 3593 1416 3635 est.
1471 3588 1578 3640 Jul.

514 3662 693 3711 Caesar
713 3659 765 3708 in
790 3659 893 3708 ima
917 3674 1038 3709 cere
1065 3662 1366 3711 testamenti
1387 3663 1448 3712 C.
1472 3663 1578 3714 Oc-

514 3738 706 3788 tavium
731 3738 780 3786 in
808 3735 1056 3787 familiam
1092 3752 1382 3803 nomenque
1419 3740 1579 3805 adop-

513 3816 668 3879 tavit,
702 3813 964 3865 referente
1002 3815 1218 3866 Sueten.
1249 3816 1386 3868 Caes.
1425 3833 1472 3868 c.
1495 3822 1579 3870 83.

516 3901 570 3944 et
590 3894 726 3942 Veli.
749 3907 812 3943 ιι.
835 3898 918 3942 69.
966 3891 1236 3957 Angustus
1261 3893 1372 3958 ipse
1396 3895 1582 3944 Caium

513 3980 568 4021 et
593 3970 804 4021 Lucium
828 3968 1102 4035 adoptavit
1131 3969 1268 4020 domi
1294 3986 1387 4036 per
1412 3986 1581 4023 assem

513 4057 570 4099 et
617 4048 803 4097 libram
843 4056 1009 4097 emtus
1053 4060 1085 4095 a
1130 4055 1283 4111 patre
1324 4047 1582 4113 Agrippa,

488 4132 655 4174 ·teste
691 4123 909 4174 Sueton.
949 4121 1089 4186 Aug.
1109 4136 1158 4172 c.
1178 4127 1261 4174 64.
1286 4131 1342 4174 at
1364 4125 1580 4175 tertium

515 4206 781 4263 nepotem,
796 4198 1101 4263 Agrippam,
1118 4200 1373 4266 simulque
1388 4200 1583 4266 privig-

515 4289 636 4327 num
657 4274 944 4338 Tiberium,
975 4275 1248 4341 adoptavit
1272 4278 1325 4328 iu
1346 4274 1482 4343 foro,
1505 4278 1585 4328 id·

1183 361 1401 412 ⁸0⁹1·AE
1450 357 1860 408 vammum
1913 356 1989 406 m

1623 516 1722 568 que
1759 502 1874 565 lege
1917 499 2134 557 curiata,
2169 497 2298 549 ibid.
2334 513 2382 549 c.
2407 503 2492 549 ⁸6.
2557 499 2694 550 Cum

1625 578 1799 630 Galba
1848 577 2189 642 adoptaturus
2241 584 2383 625 esset
2424 575 2695 636 Pisonem,

1628 664 1764 708 teste
1786 655 1974 706 Tacito
1997 654 2141 705 Hist.
2163 667 2204 704 1.
2230 657 2312 703 1⁷.
2342 653 2696 707 consultatum

1627 740 1727 794 est,
1762 747 1859 796 pro
1893 731 2094 794 rostris,
2115 745 2181 781 an
2213 729 2266 780 in
2301 736 2511 791 senatu,
2541 745 2610 781 an
2644 730 2697 780 iu

1629 811 1839 875 castris,
1882 808 2101 872 adoptio
2134 808 2567 872 nuncuparetur?
2618 807 2698 856 Iri

1630 889 1684 938 in
1716 895 1892 938 castra
1925 893 2050 936 tunc
2089 885 2310 950 placuit.
2377 883 2487 934 Alii
2512 884 2702 948 literis,

1629 979 1725 1016 ceu
1775 963 2060 1029 rescriptis,
2103 961 2425 1025 adoptarunt
2463 960 2602 1012 filios
2642 969 2705 1011 et

1631 1056 1977 1103 successores,
2014 1046 2071 1089 ut
2104 1039 2173 1089 de
2210 1039 2481 1089 Hadriano
2515 1045 2704 1089 narrat

1631 1118 1896 1183 Spar-tien.
1914 1132 1962 1167 c.
1975 1120 2026 1168 4.
2057 1114 2255 1167 Confer
2266 1117 2549 1179 Spanlrem.
2565 1114 2704 1166 ons.

1631 1196 1694 1247 ad
1720 1195 1916 1247 Juliani
1940 1194 2096 1245 Orat.
2116 1207 2155 1243 ι.
2177 1208 2229 1259 p.
2251 1197 2336 1243 46.
2371 1192 2618 1242 &lim

1697 1274 1832 1323 Cn».
1859 1285 1988 1322 xcv.
2022 1267 2266 1332 Publicis]
2300 1268 2706 1330 Actissenatus,

1631 1356 1687 1400 et
1710 1350 1901 1400 tabulis
1938 1349 2181 1416 publicis,
2204 1349 2294 1401 ubi
2330 1350 2502 1413 elogia
2537 1361 2705 1414 super

1633 1425 1823 1475 Plinio.
1857 1426 1994 1489 Dips.

1697 1502 1759 1551 In
1781 1501 2050 1567 tribunatu]
2085 1499 2340 1566 Equidem
2373 1500 2580 1551 Plinius
2603 1499 2708 1550 eti-

1633 1593 1715 1630 am
1742 1580 2002 1630 tribunum
2040 1580 2262 1630 militum
2301 1579 2414 1642 egit
2450 1579 2503 1627 in
2534 1577 2709 1642 Syria.

1636 1654 1770 1706 Vide
1812 1669 1967 1720 supra
2000 1655 2065 1704 ad
2092 1659 2414 1705 nxxxrx.2.
2470 1654 2577 1704 Sed
2613 1653 2705 1707 hie

1635 1733 1748 1782 sine
1782 1730 1940 1781 dubio
1978 1730 2242 1781 indicatur
2276 1730 2570 1781 tribunatus
2592 1730 2711 1795 ple-

1636 1807 1731 1858 bis.
1799 1807 1899 1858 His
1922 1809 2061 1858 enim
2085 1807 2311 1857 mixime
2343 1807 2570 1859 tribunis
2591 1808 2712 1857 lau-

1639 1887 1694 1939 di
1738 1885 2049 1943 ducebatur,
2087 1885 2132 1934 si
2163 1884 2329 1951 quieti
2370 1892 2571 1946 esseut,
2603 1898 2710 1934 nee

1640 1964 1844 2014 cierent
1897 1961 2105 2023 turbam
2159 1975 2453 2026 quanquam
2506 1960 2710 2010 tribuni

1643 2040 1814 2106 plebis
1869 2053 2192 2105 nequaqnam
2240 2047 2392 2098 tanta
2444 2040 2709 2103 ponerent

1643 2123 1905 2183 potestate
1939 2116 2036 2166 sub
2062 2117 2480 2180 imperatoribus,
2512 2122 2712 2182 quanta

1642 2195 1908 2261 pollebant
1931 2194 1982 2242 in
2010 2192 2278 2257 republica
2294 2192 2479 2242 libera.
2538 2191 2707 2255 Hujus

1643 2272 1937 2322 tribunatus
1963 2271 2074 2335 ipse
2104 2269 2341 2319 meminit
2373 2269 2512 2318 Plin.
2539 2270 2711 2331 Epist.

1642 2361 1681 2398 ι.
1706 2351 1788 2397 23.
1855 2349 2070 2403 Postea,
2106 2346 2172 2397 Α.
2211 2346 2273 2396 C·
2303 2349 2386 2395 93.
2425 2354 2712 2409 ριέιιιιιιι

1642 2426 1825 2490 gessit.
1893 2424 1996 2476 Sed
2015 2425 2149 2487 baec,
2170 2430 2226 2474 et
2250 2423 2370 2486 alia,
2388 2437 2505 2488 qun
2531 2422 2597 2472 ad
2619 2423 2711 2473 bu·

1642 2519 1794 2555 nores
1817 2504 1976 2554 Plinii
2000 2510 2266 2569 spectant,
2299 2503 2498 2568 plenius
2534 2518 2601 2552 ex
2631 2503 2716 2568 ip·

1642 2582 1749 2633 sins
1773 2580 1879 2630 vita
1902 2588 2304 2644 cognoscuntur.
2333 2577 2576 2629 sesan.

1713 2657 1928 2722 Quietis]
1959 2657 2088 2708 Ideo
2114 2657 2322 2721 qnietis,
2348 2656 2466 2720 quia
2499 2656 2552 2704 iu
2578 2655 2712 2706 urbe

1645 2736 1770 2785 nihil
1795 2737 1911 2800 plus
1941 2736 2229 2800 inquietum
2268 2733 2490 2783 tribunis
2521 2733 2711 2796 plebis,

1650 2810 1850 2878 quoties
1891 2814 2206 2865 auctoritate
2242 2827 2334 2863 sua
2363 2812 2440 2861 uti
2462 2808 2716 2862 adsersus

1650 2900 1886 2943 senatum
1932 2892 2236 2943 voluissent.
2310 2891 2470 2941 Patet
2513 2904 2602 2940 res
2645 2905 2716 2941 ex

1649 2969 1878 3022 historiis
1902 2970 2284 3033 vulgatissimis.
2348 2970 2524 3020 Quare
2548 2969 2718 3018 Luca-

1652 3063 1772 3098 nus:
1811 3049 1925 3097 ‘Et
1947 3062 2063 3097 cnm
2100 3045 2398 3097 consulibus
2438 3044 2718 3096 turbantes

1643 3125 1768 3191 jure
1792 3123 2020 3175 tribuni.'
2056 3124 2277 3174 Paterni.

1719 3200 1995 3264 Modestia]
2064 3199 2207 3250 Nihil
2259 3212 2419 3263 supra
2473 3200 2720 3263 pratoris

1654 3278 1867 3342 gradum
1903 3277 2002 3327 sibi
2036 3275 2365 3339 vindicando,
2384 3289 2501 3325 cum
2538 3283 2723 3326 tamen

1653 3355 1993 3418 magistratus
2013 3353 2098 3403 ille
2123 3358 2284 3403 tantm
2310 3361 2454 3401 esset
2492 3352 2726 3416 dignita·

1655 3432 1739 3496 tis,
1761 3441 1818 3482 ut
1839 3439 2032 3497 praetor
2051 3431 2256 3495 collega
2277 3430 2501 3480 consuiis
2517 3429 2728 3481 dicere·

1653 3515 1755 3568 tur,
1809 3516 1964 3574 atque
2017 3507 2302 3573 insignibus
2355 3507 2728 3559 consularibus

1651 3593 1909 3639 uteretur.
1951 3579 2187 3637 'Dictum
2211 3584 2276 3634 ad
2298 3598 2348 3635 c.
2367 3596 2594 3634 uxvn.
2633 3584 2720 3635 ld.

1722 3661 1936 3730 Officiis]
1970 3662 2179 3713 Canssis
2200 3663 2253 3712 in
2271 3658 2385 3711 foro
2404 3660 2728 3725 tractandis,

1652 3747 1705 3790 et
1725 3738 2072 3790 defendendis
2090 3737 2512 3804 provincialibus,
2530 3737 2727 3802 quibus

1652 3816 1964 3866 constitutus
2004 3815 2119 3880 ipse
2151 3811 2326 3864 fuerat
2360 3813 2651 3864 advocatus
2692 3828 2728 3863 a

1654 3900 1854 3944 senatu.
1890 3893 2041 3942 Idem.

1725 3971 1846 4027 Qua
1866 3985 1892 4019 e
1910 3968 2086 4018 stadiis
2105 3964 2305 4029 austris]
2340 3965 2388 4014 1.
2410 3979 2460 4014 e.
2484 3964 2621 4017 Qum
2643 3964 2729 4015 of·

1656 4045 1774 4096 ficia
1811 4045 1955 4096 nobis
1992 4044 2352 4109 injunxeratis,
2390 4056 2487 4106 pro
2522 4041 2731 4092 studiu-

1657 4138 1769 4173 rum
1795 4128 2088 4173 nostrorum
2114 4121 2334 4182 ratione,
2349 4120 2479 4175 sive,
2502 4128 2730 4185 propter

1656 4208 1836 4252 nostra
1855 4200 2044 4257 studia,
2066 4213 2183 4264 qum
2207 4197 2262 4247 in
2282 4197 2478 4247 caussis
2502 4194 2733 4247 forensi·

1656 4278 1753 4330 bus
1775 4276 1991 4347 agendis
2015 4275 2336 4344 potissimum
2356 4273 2732 4329 versabantur.
