3060 4902
768 404 832 451 C.
881 401 1124 453 Pmml
1172 400 1501 453 SECUNDI
1553 405 1829 456 PANEG.
1909 406 1960 455 1.

383 545 540 596 Initio
578 545 905 612 principatus]
978 545 1389 609 Intelligendum

314 631 398 672 est
422 624 628 672 initium
654 625 839 673 summi
863 630 918 673 et
954 625 1090 687 pleni
1127 625 1389 690 principa·

317 707 422 754 tus.
440 713 594 763 quem
613 700 872 762 Trajanus
890 701 1093 750 demum
1121 711 1235 766 post
1257 717 1387 752 mor·

314 783 425 825 tem
453 777 669 836 Nervae,
698 784 936 840 tanquam
974 776 1242 840 Augustus
1276 792 1387 825 sus·

313 855 483 917 cepit.
550 855 745 917 Pagina
774 854 823 903 iu
862 855 1083 904 Dissert.
1121 855 1390 920 Hypatica

316 928 504 984 tradit,
540 929 836 991 Claudium,
876 931 963 994 qui
1023 946 1156 980 anuo
1196 931 1389 981 Christi

314 1005 720 1070 quadragesimo
745 1008 909 1071 primo
933 1022 1159 1071 praeesse
1185 1008 1258 1057 rei
1288 1009 1387 1058 Ro·

315 1097 484 1132 nsanae
528 1085 715 1149 coepit,
758 1085 977 1148 primurn
1024 1099 1090 1134 ex
1137 1085 1387 1148 Augustis

314 1159 457 1210 hunc
496 1174 690 1209 morem
742 1161 1016 1223 invexisse,
1062 1168 1118 1210 ut
1162 1159 1386 1225 Augusti

315 1253 440 1288 mox
463 1238 559 1287 snb
579 1238 778 1288 initium
798 1240 1024 1303 suscepti
1044 1240 1387 1304 principatus,

313 1317 565 1381 proximis
587 1316 831 1366 Calendis
850 1318 885 1369 J
892 1318 1129 1372 anum-iis,
1147 1318 1386 1367 consules

311 1392 565 1442 ordinarii
592 1395 958 1455 processerint,
976 1395 1085 1458 sicq
1095 1409 1177 1454 ue,
1194 1409 1382 1442 assum·

314 1474 375 1518 to
399 1470 691 1532 consulatu,
713 1470 856 1534 quasi
894 1470 1262 1532 possessionem
1294 1469 1385 1516 im-

313 1546 451 1610 perii
491 1546 767 1596 firmarint.
835 1546 928 1603 At,
966 1548 1123 1611 Casp.
1165 1545 1383 1595 Bartliio

311 1631 601 1674 annotante
639 1624 704 1673 ad
743 1624 1103 1687 Claudianum,
1138 1624 1187 1671 in
1226 1622 1381 1673 Cons'.

312 1700 521 1751 Honor.
546 1714 634 1748 ιιι.
660 1716 709 1763 p.
733 1703 847 1749 477.
873 1715 982 1748 mos
1019 1701 1126 1763 ille,
1160 1714 1383 1748 summos

310 1789 490 1824 rerum
515 1776 780 1839 principes
815 1776 1085 1825 consulare
1110 1791 1292 1824 munus
1317 1776 1381 1824 si·

311 1853 421 1902 rnul
462 1868 644 1916 gerere
685 1853 925 1910 voluisse,
975 1853 1159 1903 ducem
1202 1854 1382 1903 habuit

311 1928 377 1978 L.
415 1928 632 1985 Sullam,
679 1928 767 1993 qui
823 1929 1053 1978 dictator
1097 1930 1379 1979 secundum

309 2005 497 2056 consul
521 2020 634 2055 esse
657 2005 838 2063 voluit,
864 2015 919 2055 ut
943 2013 1092 2056 notat
1115 2007 1381 2070 Appianus

309 2083 380 2132 B.
426 2083 487 2132 C.
523 2083 611 2131 lib.
651 2097 694 2150 r.
727 2083 813 2132 ubi
850 2089 1046 2144 narrat,
1086 2084 1379 2146 insequenti

308 2171 449 2207 anno
502 2158 718 2218 Sullam,
774 2158 1086 2207 dictatorem
1136 2160 1383 2223 quamvis,

307 2242 491 2283 tamen
529 2234 595 2282 ad
642 2233 1109 2295 repraeseutandsm
1154 2235 1379 2299 aliquam

305 2311 612 2375 reipublicae
641 2310 876 2375 formam,
900 2312 1223 2361 consulatum
1250 2314 1379 2361 alte·

305 2405 421 2439 rum
461 2390 743 2450 recepisse,
768 2390 968 2451 collega
997 2389 1215 2438 Metello
1242 2390 1378 2449 Pio;

305 2474 364 2516 et
404 2468 526 2515 binc
563 2465 705 2516 forte
750 2481 941 2515 morem
991 2467 1284 2522 invaluisse.
1321 2474 1379 2515 ut

307 2552 491 2606 postea
527 2543 744 2592 Romani
770 2557 971 2607 qnoque
1000 2543 1251 2598 Caesares,
1291 2558 1378 2604 pe-

305 2635 403 2669 nes
429 2634 556 2685 qnos
580 2627 693 2669 erat
714 2620 913 2668 creatio
946 2619 1227 2678 consulum,
1254 2619 1378 2680 ipsi-

303 2703 418 2744 met
459 2709 576 2744 enm
609 2695 854 2744 lionorem
891 2695 1244 2753 assumserim,
1270 2708 1377 2742 rem

305 2773 582 2836 pulchram
616 2772 889 2832 ducentes,
924 2786 1121 2820 summo
1143 2771 1378 2834 ’imperio

304 2848 636 2898 consulatum
685 2846 980 2910 adjungere.
1050 2846 1154 2894 Hic
1202 2854 1375 2894 autem

307 2922 512 2973 Plinius
551 2921 732 2971 laudat
777 2923 1091 2984 singularem
1140 2922 1375 2969 modera-

304 3001 505 3049 tionem
549 2999 777 3062 Trajani,
823 2998 983 3061 quod,
1027 2998 1123 3046 sub
1176 2998 1374 3046 initium

303 3075 533 3138 imperii,
575 3073 800 3122 noluerit
855 3073 1086 3136 recipere
1142 3072 1376 3121 consula·

305 3159 440 3212 turn,
461 3151 549 3214 qni
573 3149 670 3199 sibi
709 3163 801 3213 pro
832 3149 1052 3213 Augusti
1075 3150 1195 3213 jure
1230 3149 1372 3198 debi-

302 3233 392 3276 tus
425 3224 630 3279 fuisset.
662 3224 753 3274 sed
789 3239 905 3274 eum
945 3225 1234 3287 permiserit
1272 3225 1374 3288 pri·

302 3304 440 3353 vatis
495 3302 798 3366 gerendum.
877 3302 1014 3351 Vide
1060 3303 1124 3352 ad
1173 3317 1285 3352 Lvr.
1324 3308 1374 3352 3.

307 3380 556 3430 Schts-urz.

378 3458 448 3507 Ut
461 3456 571 3517 jam
598 3457 871 3521 excusatus]
909 3458 976 3506 Ut
986 3456 1095 3519 jam
1114 3459 1375 3507 exsatiatus

305 3533 369 3583 C.
391 3533 460 3582 G.
481 3533 714 3597 egregie.
754 3532 917 3583 Licin.

377 3611 448 3659 Ue
470 3609 580 3670 jans
613 3609 887 3673 excusatus]
923 3610 1207 3673 Tamquam
1245 3611 1372 3659 mul-

303 3695 412 3749 tos,
437 3695 527 3736 aut
549 3686 637 3734 diu
663 3687 938 3747 gessisses;
976 3687 1196 3751 ideoque
1223 3703 1369 3736 vaca-

302 3765 380 3813 tio
406 3763 501 3814 tibi
526 3763 595 3811 ab
629 3763 907 3814 honoribus
942 3772 998 3813 et.
1032 3765 1218 3813 muniis
1246 3763 1369 3813 dan·

300 3840 389 3890 da.
426 3841 567 3904 Lips.
1345 3871 1352 3876 -

365 3917 648 3966 &emtus
684 3914 959 3977 honoribus]
1010 3917 1230 3967 Constat
1273 3918 1368 3967 sibi

2006 393 2115 459 57.
2406 393 2539 461 805

1463 550 1957 615 tintasinveniatnr3
1994 552 2084 603 sed
2120 567 2182 603 ea
2216 553 2380 605 editio
2415 556 2537 606 milii

1463 625 1599 674 haud
1625 629 1837 690 cognita
1858 635 1956 678 est.
2005 631 2162 679 Certe
2181 629 2305 681 Seb.
2327 631 2537 695 Gryph-

1462 703 1515 751 in
1551 703 1679 754 edit.
1706 709 1851 754 1531.
1874 713 1928 755 et
1951 710 2099 756 1542.
2129 708 2388 770 vulgatam
2427 709 2532 757 lec·

1463 779 1659 828 tionem
1684 782 1936 844 sequitur.
1991 782 2235 832 Barthius
2261 782 2325 832 ad
2352 784 2536 836 Claud.

1463 856 1514 904 in
1554 870 1639 906 ιιι.
1678 858 1833 907 Cous.
1864 859 2065 908 Honor.
2094 876 2167 909 vs.
2196 865 2242 909 1.
2275 876 2391 924 pag.
2414 867 2532 912 477.

1464 933 1551 981 ubi
1588 935 1837 984 excitavit
1871 935 2006 984 hunc
2032 936 2185 986 Plinii
2220 937 2411 999 locum,
2434 939 2534 987 eti-

1464 1024 1546 1059 am
1586 1013 1845 1074 expressit
1882 1013 2184 1070 exsatiatus:
2231 1014 2324 1062 sed
2366 1014 2533 1064 incer-

1465 1094 1572 1135 tum
1610 1096 1709 1145 est,
1742 1104 1911 1138 annon
1950 1089 1990 1136 is
2016 1089 2318 1152 cuspiniani
2355 1103 2530 1138 exem·

1465 1164 1579 1226 plar
1603 1164 1842 1214 habuerit
1877 1171 1996 1214 aute
2020 1167 2214 1215 oculos.
2282 1167 2438 1216 Fallit
2471 1175 2527 1216 et

1461 1240 1581 1291 Jac.
1609 1241 1693 1289 De
1729 1242 1777 1289 la
1815 1242 2014 1294 Baune,
2046 1242 2130 1305 qui
2169 1242 2223 1290 in
2257 1243 2389 1292 notis
2424 1245 2530 1293 suis

1463 1315 1646 1371 tradit.
1680 1316 1962 1368 Gruterum
2011 1319 2286 1379 monuisse,
2330 1319 2529 1383 aliquos

1462 1392 1621 1441 libros
1660 1394 1854 1441 habere
1898 1395 2184 1444 exsatiatus.
2253 1395 2315 1443 Id
2371 1410 2527 1444 unum

1461 1484 1587 1532 ergo
1611 1477 1810 1520 certum
1836 1478 1938 1529 est,
1959 1471 2124 1519 adliuc
2153 1471 2315 1520 solum
2340 1472 2528 1536 Cuspi·

1459 1547 1668 1595 nianum
1710 1548 1977 1610 evulgasse
2022 1548 2324 1605 exsatiatam
2376 1563 2529 1611 quem

1461 1636 1598 1671 nunc
1633 1623 1785 1672 etiam
1832 1624 1882 1671 in
1923 1639 2015 1672 sua
2051 1623 2279 1672 editione
2316 1634 2531 1674 secutus

1459 1708 1540 1747 est
1575 1698 1923 1759 Arntzenius3
1969 1702 2077 1764 qui,
2117 1702 2311 1764 aliquot
2352 1715 2526 1749 exem·

1459 1777 1559 1839 plis
1594 1778 1780 1839 allatis,
1811 1778 2019 1841 probat,
2046 1778 2210 1826 nullas
2238 1793 2391 1827 voces
2430 1793 2525 1841 po-

1459 1852 1620 1902 tuisse
1640 1855 2035 1903 convenientius
2060 1855 2233 1918 jungi,
2265 1871 2417 1920 quam
2443 1871 2531 1905 εκ-

1455 1930 1663 1978 satiatus
1701 1937 1753 1979 et
1793 1931 2026 1993 expletus.
2103 1930 2190 1980 Ita
2235 1931 2372 1995 loqui
2415 1931 2524 1982 Cic.

1457 2006 1608 2054 Part.
1635 2005 1786 2054 Orat.
1811 2020 1854 2054 c·
1877 2010 1959 2055 27.
1980 2005 2118 2055 ‘Ant
2140 2005 2204 2055 ad
2238 2007 2524 2070 explendas

1457 2081 1790 2145 cupiditates,
1837 2089 1925 2130 aut
1969 2083 2142 2131 odium
2182 2082 2524 2132 satiandum·

1457 2157 1596 2207 Item
1621 2159 1685 2205 de
1709 2158 2014 2212 Senectute,
2036 2162 2253 2218 cap-14.
2274 2159 2290 2186 ‘
2309 2160 2521 2207 Satiatis

1458 2246 1582 2281 vero
1602 2240 1655 2281 et
1675 2232 2189 2294 expletisjucundius
2206 2240 2286 2282 est
2301 2233 2520 2282 carere-⁹

1459 2310 1528 2359 Et
1546 2310 1802 2359 Paradox.
1818 2314 1864 2358 l.
1886 2311 1900 2335 ⁴
1923 2324 2091 2371 neque
2114 2310 2249 2358 enim
2271 2313 2517 2374 expletur

1455 2401 1699 2450 unquam,
1734 2401 1832 2435 nec
1864 2386 2087 2435 satiatur
2120 2385 2420 2449 cupiditatis
2452 2388 2518 2434 si-

1456 2464 1558 2512 tis.'
1626 2465 1795 2513 Nemo
1831 2462 2020 2527 aliquid
2050 2461 2428 2512 desideraverit
2465 2465 2517 2513 in

1453 2538 1550 2587 ista
1589 2539 1892 2601 Cuspiniani
1939 2538 2190 2598 lectione;
2242 2538 2517 2590 dnmmodo

1452 2615 1585 2663 certi
1610 2630 1854 2671 essemus,
1880 2614 2104 2662 Plinium
2142 2614 2298 2663 etiam
2335 2616 2430 2665 lioc
2466 2617 2517 2664 in

1453 2690 1567 2739 loco
1625 2693 1750 2740 istas
1794 2690 1922 2739 duas
1970 2706 2121 2740 voces
2167 2692 2515 2755 conjunxisse.

1455 2768 1710 2832 Exempla
1755 2769 2097 2818 Ciceroniana
2144 2770 2366 2833 probant
2406 2772 2519 2835 qui,-

1453 2844 1590 2905 deni,
1611 2846 1835 2894 Plinium
1857 2860 2009 2894 voces
2035 2847 2158 2895 istas
2182 2849 2520 2911 conjungere,

1452 2931 1505 2970 et
1554 2921 1628 2971 ita
1674 2922 1905 2971 scribere
1963 2923 2224 2984 potuisse;
2276 2922 2367 2970 sed
2418 2938 2519 2972 non

1451 2999 1718 3053 evincunt,
1740 3013 1854 3048 eum
1879 3012 1933 3046 re
1959 3012 2083 3046 vera
2119 2999 2193 3047 ita
2228 2999 2517 3059 scripsisse.

1452 3076 1565 3138 Ego
1601 3090 1724 3125 sane
1761 3074 1984 3123 nondum
2022 3074 2187 3123 audeo
2213 3075 2517 3124 vocabulum

1450 3159 1720 3206 excumtus.
1766 3158 1843 3200 tot
1888 3150 2101 3214 scriptis
2150 3151 2514 3216 impressisque

1451 3228 1593 3277 libris
1616 3227 1998 3281 confirmatum,
2016 3228 2257 3291 rejicere,
2281 3243 2397 3277 cum
2424 3244 2514 3279 ne-

1449 3320 1550 3370 que
1575 3306 1623 3354 in
1650 3313 1933 3363 structura,
1955 3318 2122 3367 neque
2152 3304 2202 3352 in
2227 3318 2401 3367 sensu,
2425 3307 2518 3355 ali·

1449 3382 1569 3447 quid
1619 3379 1995 3429 incommodum
2040 3388 2095 3429 et
2150 3381 2515 3446 incongruens,

1449 3467 1540 3508 aut
1581 3458 1822 3507 Pliniano
1858 3456 1976 3506 stilo
2010 3456 2291 3520 indignum,
2330 3459 2516 3524 ‹lepre-

1351 3566 1354 3569 -
1446 3534 1689 3584 liendam.
1759 3531 1961 3582 Plinius
1986 3534 2119 3581 enim
2139 3534 2415 3598 Trajanum
2437 3535 2515 3584 di-

1446 3612 1521 3661 cit
1562 3618 1862 3661 excusatum
1906 3610 2218 3670 honoribus3
2268 3613 2390 3674 quia
2428 3613 2512 3663 hic

1446 3703 1502 3737 se
1528 3698 1829 3737 excusatum
1863 3687 2099 3745 voluerit,
2124 3687 2259 3751 qnod
2297 3703 2396 3738 non
2435 3703 2513 3738 re-

1446 3766 1650 3828 ceperit
1685 3778 1862 3825 novos,
1887 3763 2158 3826 denuoque
2192 3764 2290 3812 sibi
2327 3765 2511 3815 decre-

1448 3848 1546 3902 tos,
1568 3839 1861 3890 consulatus
1879 3839 2128 3900 honores;
2161 3855 2279 3889 cum
2300 3856 2389 3890 eos
2415 3843 2509 3892 ite·

1445 3932 1557 3966 rum
1604 3916 1791 3965 absens
1836 3930 2017 3978 gerere
2063 3916 2230 3975 nolit;
2288 3930 2509 3979 cumque

301 3994 418 4043 haec
442 3993 600 4041 lectio
625 3993 676 4040 in
710 3992 948 4040 omnibus
984 3992 1149 4048 libris,
1175 4003 1370 4057 praeter
1435 3994 1547 4059 jam
1573 3995 1642 4042 sit
1664 3991 1956 4041 cumulatus
1980 3992 2325 4054 expletusque
2346 3992 2509 4041 liono-

300 4069 606 4134 Cuspiniaui
627 4068 926 4125 editionem,
950 4069 1000 4117 in
1025 4084 1146 4135 qus,
1169 4084 1261 4132 pro
1284 4085 1369 4119 ex-

296 4154 510 4204 cusatas,
546 4148 736 4208 legitur
768 4146 1050 4195 exsatiatus.
1121 4146 1371 4197 Nominat

298 4225 507 4289 quidem
547 4222 860 4273 Arntzenius
892 4224 1048 4272 etiam
1083 4221 1367 4274 editionem

301 4302 727 4367 Lugdunensem,
755 4298 807 4348 in
831 4312 930 4364 qus
963 4299 1199 4350 similiter
1228 4317 1368 4352 exsa-

1443 4071 1606 4128 ribus,
1639 4075 1822 4132 utpote
1862 4082 1961 4116 non
1993 4069 2152 4117 solum
2183 4068 2295 4130 jam
2330 4069 2512 4118 Caesar

1443 4156 1498 4196 et
1540 4148 1844 4209 imperator,
1880 4152 1934 4192 et
1972 4157 2183 4192 consors
2225 4143 2508 4195 tribunitias

1444 4225 1749 4288 potestatis3
1781 4220 1869 4270 sed
1899 4220 2055 4268 etiam
2095 4234 2232 4268 nunc
2255 4220 2509 4272 Pontifex

1443 4302 1726 4363 Maximus,
1747 4305 1803 4348 et
1830 4296 2112 4360 Augustus,
2134 4310 2384 4349 summum
2418 4298 2508 4349 im·
