3060 4902
896 343 960 390 Ο.
1010 340 1251 389 ΡΙΛΝῙΙ
1301 334 1632 388 securint
1685 333 1962 384 t’ANBG.

525 484 769 549 Abstulit]
794 484 1169 546 Domitianum,
1190 483 1277 549 qui
1295 488 1524 530 mortuns

457 577 584 613 ΧΗ.
608 564 729 614 Kal.
751 562 975 612 Octobr.
1001 561 1134 624 Lips-

530 642 710 705 Dedit]
730 640 955 690 Nervam
979 637 1069 687 illo
1094 638 1207 700 ipso
1222 634 1305 683 die
1332 633 1524 683 lectum

462 719 777 782 principem.
802 716 953 764 Idem.

535 792 804 856 Optimum]
834 792 1081 852 Nervam,
1100 787 1186 853 qui
1209 787 1384 837 statim
1412 791 1530 848 post

463 869 804 920 interfectum
845 868 1218 928 Domitianum,
1251 864 1528 928 pessimum

461 947 627 1009 illum,
653 948 934 1010 imperator
957 942 1126 994 factus
1151 951 1248 991 est.
1276 940 1497 989 Potor-ol.

529 1023 805 1086 Meliorem]
821 1023 1120 1086 Trajanum.
1141 1020 1290 1070 Idem.

531 1100 741 1164 Cunuit]
764 1099 1053 1163 Trajanum.
1073 1096 1207 1159 Lips-

531 1176 631 1226 Sab
651 1175 819 1239 oculis]
833 1177 961 1226 Cum
982 1176 1053 1224 sis
1073 1174 1125 1223 iu
1146 1172 1295 1236 urbe,
1310 1179 1363 1222 te
1383 1184 1532 1235 spec-

470 1262 619 1307 tante
643 1263 698 1306 et
720 1256 955 1305 sedente.
992 1253 1145 1303 Idm.

531 1333 799 1395 Augustian-
829 1331 991 1395 solito]
1046 1329 1181 1378 Num
1217 1326 1534 1376 tribunatum

468 1426 531 1460 ac
556 1420 838 1472 praeturum
874 1407 1057 1470 gessit,
1081 1405 1165 1455 ciii
1202 1404 1404 1468 utrique
1428 1418 1535 1453 ma·

466 1486 712 1549 gistratui
728 1485 815 1547 jus
832 1483 1096 1543 selloe,sed
1115 1481 1415 1530 humilioris.
1448 1479 1538 1529 Io-

467 1563 568 1625 sta,
599 1566 615 1592 ‘
639 1562 743 1610 Vos
780 1562 901 1610 mihi
932 1562 982 1610 in
1021 1560 1288 1610 tribunatu
1326 1557 1539 1623 quietis,

470 1641 524 1688 iu
568 1646 796 1703 praetura
831 1636 1120 1698 modestiae‚
1176 1635 1351 1685 truncti
1403 1635 1538 1684 anti·

472 1716 775 1781 quissimum
800 1716 1148 1765 testimonium
1172 1711 1536 1778 perhibuistis!

471 1794 639 1844 Liuia.
662 1803 674 1815 ·

539 1871 810 1932 augustior
825 1866 988 1930 solito]
1014 1866 1149 1917 Quia
1169 1864 1421 1915 hacteuus
1445 1862 1538 1913 tri·

471 1947 618 2002 buui,
635 1945 890 2010 inquiunt,
905 1951 994 1991 aut
1011 1950 1294 2005 pretores:
1331 1949 1379 1988 at
1401 1953 1539 1989 nunc

476 2023 714 2071 eonsules
760 2021 810 2070 iu
845 2020 971 2068 sella
1016 2018 1220 2078 altiore,
1251 2024 1308 2067 et
1352 2017 1540 2066 curuli.

479 2099 630 2162 Legi,
671 2104 725 2146 ut
763 2096 936 2145 statim
981 2096 1182 2143 dicam:
1221 2107 1356 2141 nunc
1393 2092 1541 2153 illud,

477 2175 645 2226 videri
664 2173 1047 2224 rescribendum
1064 2170 1384 2232 augustiores.
1411 2168 1540 2232 Ipsi,

477 2253 563 2318 qui
602 2253 677 2302 sic
702 2252 975 2305 vehuntur,
1013 2259 1249 2296 crescere
1282 2246 1545 2305 videntur,

478 2339 535 2379 et
570 2329 892 2392 majestatem
931 2324 994 2373 ab
1027 2324 1115 2372 illo
1151 2322 1429 2386 splendore
1465 2335 1542 2369 as·

477 2419 702 2457 sumere.
739 2402 890 2455 Quod
912 2402 953 2450 si
971 2397 1272 2461 de‘curru,’
1292 2407 1465 2446 tamen
1489 2402 1545 2444 et

475 2483 724 2546 augustior
749 2482 940 2545 placet,
976 2478 1127 2531 bene,
1149 2475 1413 2537 augustior
1438 2473 1544 2520 vul·

479 2559 710 2624 guribus,
730 2559 845 2621 quia
868 2554 1206 2618 triumphalis.
1230 2552 1367 2614 Lips.
1448 2555 1461 2567 ⁹

549 2631 841 2697 augustior]
868 2633 1002 2683 Quia
1025 2630 1120 2679 sub
1137 2628 1298 2679 oculis
1323 2628 1549 2691 impera-

482 2714 641 2772 toris;
673 2712 882 2761 insolito
921 2721 1109 2771 nempe
1144 2704 1411 2755 consulum
1458 2703 1549 2750 de-

482 2801 625 2845 core,
649 2802 774 2851 quos
801 2787 1041 2849 princeps
1064 2789 1212 2831 tauta
1247 2778 1548 2843 dignatione

482 2871 904 2929 prosequeretur.
932 2860 1146 2909 Potor-ol.

551 2941 820 3002 Augustius·
841 2938 980 2985 solito
1003 2934 1193 2996 carrus]
1230 2932 1279 2982 N
1286 2931 1471 2980 orisius
1495 2931 1547 2980 in

484 3018 712 3069 Dissert.
752 3016 817 3063 de
843 3013 1041 3061 duobus
1069 3008 1305 3060 Nummis
1341 3008 1548 3058 Diocle-

480 3098 616 3148 tiani
641 3103 695 3144 et
722 3092 911 3142 Licinii
938 3104 984 3139 c.
1004 3096 1052 3139 5.
1075 3089 1250 3149 docet,
1271 3087 1549 3148 imperato·

487 3189 594 3234 res,
612 3174 866 3230 consules,
891 3176 1162 3231 praetores,
1186 3164 1417 3225 aliosque
1440 3160 1550 3208 edi·

489 3259 632 3300 tores
673 3261 965 3299 munerum,
998 3256 1157 3292 curru
1198 3238 1458 3292 sublimes,
1493 3243 1548 3285 et

492 3334 633 3375 veste
660 3322 959 3387 triumphali
982 3326 1212 3378 ornatos,
1238 3331 1331 3380 per
1353 3314 1550 3363 circum

490 3411 671 3452 vectos
695 3416 828 3459 esse,
851 3413 967 3448 cum
985 3396 1049 3445 ad
1067 3390 1385 3444 exhibendos
1403 3389 1554 3439 ludos

491 3477 859 3543 processerint.
927 3471 1082 3524 Quod
1126 3470 1284 3518 etiam
1329 3466 1556 3530 Lipsius,

493 3564 549 3606 et
573 3556 679 3616 elii,
702 3571 763 3602 ex
788 3552 1031 3605 Juvenal.
1051 3550 1162 3599 Sat.
1188 3560 1242 3597 x.
1265 3549 1347 3595 8⁴.
1368 3552 1424 3595 et
1443 3545 1556 3593 Sat.

495 3652 576 3687 xt.
603 3640 717 3686 192.
748 3632 1113 3685 ostenderunt.
1177 3628 1281 3680 Qui
1305 3641 1414 3675 mos
1445 3626 1556 3687 jam

495 3716 547 3763 in
588 3710 853 3775 republica
904 3708 1064 3758 libers
1110 3703 1365 3763 obtinuit3
1420 3698 1558 3764 quod

493 3788 852 3852 cognoscimus
875 3801 937 3833 ex
965 3783 1076 3834 Liv.
1099 3795 1220 3831 xm.
1245 3783 1292 3828 1.
1320 3778 1480 3826 ‘Cum
1505 3775 1559 3823 in

495 3866 638 3914 circo
681 3861 789 3910 ludi
826 3860 1029 3922 tierent,
1078 3868 1308 3906 murmur
1340 3856 1560 3917 repente

494 3942 671 4006 populi
696 3947 806 3990 tota
836 3936 1135 4000 spectacula
1161 3931 1409 3998 pervasit,
1431 3944 1562 3993 pug-

499 4029 680 4069 natum
723 4018 775 4066 iu
819 4013 1157 4073 Macedonia,
1199 4016 1255 4059 et
1297 4006 1560 4055 devictum

498 4110 671 4160 regem
691 4108 823 4143 esse.
850 4126 862 4140 .
887 4127 900 4142 .
926 4123 940 4139 .
959 4089 1096 4140 Ante
1122 4101 1177 4137 x.
1195 4086 1317 4135 Kal.
1339 4082 1565 4133 Octobr.

499 4173 735 4222 ludorum
765 4170 1106 4220 Romanorum
1131 4161 1361 4214 secundo
1376 4160 1483 4222 die,
1500 4160 1563 4209 C.

500 4250 702 4301 Licinio
725 4245 921 4298 consuli
947 4241 1010 4293 ad
1040 4240 1316 4307 quadrigas
1351 4238 1564 4288 mitten-

2042 335 2094 382 1.
2125 317 2233 383 92.
2494 315 2670 384 1085

1601 478 1696 527 das
1738 476 2094 540 adscendenti,
2137 475 2453 536 tabellarius,
2491 476 2579 540 qui
2613 489 2670 526 se

1602 573 1669 607 ex
1695 558 2005 607 Macedonia
2033 559 2233 606 venisse
2258 556 2480 612 diceret.
2506 558 2671 607 laure-

1601 644 1714 683 atas
1736 636 1916 683 literas
1943 634 2181 684 attulisse
2201 634 2415 683 dicitur.
2451 634 2672 685 Quadri-

1604 713 1682 774 gis
1705 714 1889 773 missis,
1911 712 2084 761 consul
2109 725 2318 760 currum
2346 709 2673 770 conscendit,

1603 795 1678 846 et,
1711 804 1826 838 cum
1858 803 1950 852 per
1993 789 2192 839 circum
2235 788 2576 837 reveheretur
2608 787 2673 836 ad

1605 865 1750 915 foros
1776 866 2029 929 publicos,
2055 866 2313 914 lsureatas
2339 863 2559 913 tabellas
2586 877 2676 926 po·

1607 945 1730 1007 pulo
1750 943 2013 993 ostendit.'
2081 944 2320 995 Currum,
2338 940 2421 990 cui
2447 939 2674 989 editores

1606 1018 1844 1070 indorum
1889 1018 2224 1080 insistebant,
2282 1016 2441 1066 fuisse
2497 1015 2676 1064 trium·

1610 1096 1836 1159 finalem,
1859 1095 2075 1145 tradunt
2100 1093 2326 1158 Argolus
2352 1093 2403 1141 in
2439 1093 2575 1141 notis
2610 1092 2677 1141 ad

1609 1173 1953 1237 onuphrium,
1991 1185 2059 1222 tt.
2100 1176 2180 1221 14.
2216 1178 2271 1221 et
2310 1170 2576 1220 Rubenius
2609 1170 2678 1219 de

1613 1250 1693 1300 Re
1716 1251 1867 1299 vest.
1893 1264 1933 1300 ι.
1956 1254 2042 1300 21.
2082 1247 2188 1299 Sed
2214 1255 2269 1297 et
2293 1248 2405 1312 ipse
2432 1246 2678 1297 laudatus

1614 1325 1854 1377 Norisius
1890 1328 1927 1377 l.
1966 1340 2015 1375 c.
2038 1324 2279 1379 affirmat,
2316 1338 2433 1373 cum
2472 1322 2680 1371 summis

1613 1401 2009 1465 magistratibus
2032 1413 2248 1451 munera
2270 1396 2547 1448 edentibus
2570 1411 2681 1446 ves·

1615 1479 1683 1528 tis
1710 1478 2034 1542 triumphalis
2059 1476 2218 1527 fuerit
2257 1475 2532 1538 permissa,
2564 1488 2680 1524 cur·

1615 1569 1728 1604 rum
1768 1555 1893 1604 item
1937 1552 2300 1616 triumphalem
2334 1549 2550 1601 concedi
2590 1550 2680 1597 de-

1615 1628 1807 1691 buisse,
1831 1644 1932 1694 quo
1956 1627 2278 1692 splendidius
2303 1639 2541 1689 pompam
2567 1625 2682 1675 Cir·

1615 1705 1843 1754 censium
1887 1705 2162 1753 ducerent.
2228 1703 2361 1754 Quae
2400 1715 2527 1750 vero
2574 1702 2682 1751 sola

1617 1781 1948 1834 ratiocinatio
1974 1796 2074 1831 non
2110 1777 2407 1839 sufficeret3
2442 1792 2560 1827 cum
2583 1780 2683 1829 Ta·

1617 1860 1710 1909 cit.
1754 1860 1941 1910 Annei.
1979 1873 2020 1908 ι.
2075 1862 2154 1906 15.
2197 1854 2411 1916 reserat,
2458 1854 2682 1903 tribunis

1618 1937 1786 2002 plebis
1827 1934 2129 2000 petentibus
2170 1932 2450 1992 aTiberio‚
2480 1939 2536 1979 ut
2576 1929 2687 1980 Au·

1618 2013 1844 2076 gustales
1891 2012 2038 2060 ludos
2095 2010 2331 2071 ederent,
2385 2021 2684 2056 concessum

1617 2092 1826 2157 quidem
1866 2089 2043 2149 fuisse,
2071 2096 2127 2136 ut
2157 2101 2249 2150 per
2276 2088 2470 2135 circum
2507 2085 2687 2134 trium-

1618 2168 1755 2232 phali
1791 2174 1936 2215 veste
1977 2172 2281 2222 uterentur3
2313 2168 2497 2209 ‘curru
2537 2158 2691 2220 vehi,’

1618 2244 1753 2292 liaud
1793 2241 2126 2306 permissum;
2161 2236 2297 2301 quod
2340 2235 2458 2283 ideo
2491 2232 2687 2283 factum

1620 2319 1907 2379 videretur,
1932 2331 1997 2365 ue
2036 2314 2227 2363 tribuni
2269 2312 2437 2375 plebis
2476 2311 2687 2359 summis

1624 2392 2014 2458 magistratibus
2031 2391 2224 2439 ltouore
2244 2394 2591 2453 aequarentur.
2617 2385 2689 2434 At

1625 2471 1760 2520 bene
1808 2468 2039 2520 ostendit
2089 2465 2346 2524 Norisius,
2383 2465 2432 2513 iu
2473 2463 2691 2511 nummis

1627 2546 1903 2601 Maxentii,
1960 2558 2257 2608 processum
2330 2540 2557 2605 ejusdem
2623 2538 2687 2587 ad

1626 2622 1859 2672 edendos
1883 2621 2031 2671 ludos
2073 2618 2325 2681 exbiberi,
2363 2615 2690 2678 eundemque

1625 2709 1853 2749 stantem
1910 2699 1961 2747 iu
2017 2695 2275 2761 quadriga
2328 2692 2690 2756 triumphalem

1626 2776 1876 2838 conspici,
1917 2773 2195 2836 adscriptis
2220 2772 2296 2821 liis
2321 2768 2531 2819 verbis:
2571 2781 2688 2818 nt..

1629 2864 1855 2902 enoces.
1879 2863 2111 2901 consu.
2145 2861 2279 2897 Avo.
2308 2859 2366 2896 n.
2386 2846 2420 2895 i.
2442 2860 2487 2894 e.
2511 2844 2526 2872 ‘
2545 2845 2692 2893 Felix

1627 2930 1911 2980 Processus
1935 2927 2173 2978 Consulis
2211 2922 2437 2987 Augusti
2479 2920 2696 2971 Nostri-⁹

1624 3008 1711 3058 sic
1754 3008 1989 3070 legimus,
2023 3004 2181 3052 etiam
2219 3001 2387 3050 adbuc
2418 2999 2694 3048 Theodosii

1626 3082 1956 3147 imperatoris
2013 3078 2329 3141 temporibus
2375 3078 2390 3105 ‘
2426 3076 2694 3125 consulem

1627 3158 1940 3216 suffectum,’
1967 3157 2018 3205 iu
2055 3154 2368 3205 celebritate
2403 3151 2590 3201 natalis
2615 3165 2695 3200 nr-

1627 3237 1706 3286 bis
1728 3238 1920 3295 Romae,
1936 3236 2123 3281 ‘curru
2139 3238 2344 3280 vectum
2360 3228 2513 3281 esse?
2549 3228 2696 3292 Sym·

1629 3313 1838 3362 machus
1861 3311 2017 3365 euim.
2047 3309 2216 3373 Epist.
2242 3320 2320 3355 tv.
2340 3310 2422 3355 40.
2447 3305 2557 3353 baec
2582 3316 2696 3352 uar-

1634 3398 1713 3439 rat
1734 3409 1747 3435 ε
1784 3396 1797 3418 ·
1819 3388 1952 3438 Illud
1993 3394 2110 3436 unte
2136 3384 2308 3435 omnia
2332 3379 2697 3444 interpretatio

1635 3466 1799 3516 tristis
1851 3463 2124 3519 horrescit,
2171 3459 2310 3526 qnod
2357 3459 2511 3508 natali
2559 3456 2699 3505 urbis

1633 3541 1907 3593 suffectum
1929 3540 2192 3589 consulem
2216 3549 2418 3597 currus,
2434 3546 2532 3597 quo
2558 3533 2698 3581 iuve-

1633 3619 1873 3674 hebatur‚
1914 3614 2109 3665 evolvit
2144 3627 2237 3677 per
2267 3610 2516 3660 ferociam
2549 3608 2700 3670 biga·

1635 3711 1768 3756 rum,
1789 3709 1905 3759 quae
1933 3691 2245 3754 triumphum
2270 3687 2545 3736 vehebant.
2598 3684 2702 3732 Ita·

1637 3787 1736 3837 que
1762 3773 1989 3835 palmata
2013 3767 2250 3823 amictus,
2275 3772 2329 3813 et
2352 3761 2605 3812 consulari
2626 3760 2701 3807 iu·

1636 3850 1793 3914 signis
1830 3855 2038 3909 ornatu,
2077 3844 2247 3893 fracto
2278 3853 2431 3891 crure
2464 3835 2700 3885 sublatus

1637 3927 1750 3977 est.’
1814 3926 1956 3975 Dum
1975 3937 2096 3971 vero
2116 3919 2349 3971 Norisius
2371 3912 2562 3965 ibidem
2578 3925 2703 3961 cou-

1639 4014 1721 4054 tra
1745 3998 2164 4052 Chimentellium
2190 4000 2366 4055 negat,
2388 3993 2441 4041 in
2466 3989 2558 4039 tali
2585 4002 2702 4036 cur-

1640 4095 1697 4129 ru
1723 4078 1878 4127 etism
1904 4073 2127 4138 positam
2165 4069 2323 4118 fuisse
2347 4067 2524 4115 sellam
2549 4077 2701 4112 curu·

1639 4159 1776 4214 lem;
1831 4150 2023 4203 nescio,
2079 4143 2334 4210 quomodo
2389 4138 2705 4206 explicanda

1639 4234 1742 4284 siut
1778 4226 1936 4280 rerba
1974 4221 2229 4274 Ammiani
2268 4218 2579 4274 Marcellini.
2616 4215 2704 4281 qui
