3060 4902
479 388 615 455 528

486 558 597 599 tam
617 547 717 598 sibi
739 547 962 612 optavit,
983 548 1066 598 vel
1096 547 1366 599 divinavit.
1419 550 1552 601 Luc.

488 639 550 675 ιι.
575 629 655 674 29.
693 624 841 673 Idem.

553 701 699 751 Nunc
743 702 897 763 magis
933 716 1032 751 esse
1072 702 1346 766 vivendum]
1394 701 1551 751 Aliud

488 785 664 826 votum
690 791 889 837 eorum,
911 779 1018 843 qui,
1061 787 1181 842 post
1215 781 1416 828 tristem
1449 779 1550 843 pri·

488 865 635 901 orum
674 857 966 915 temporum
1006 854 1324 917 memoriam,
1368 854 1555 906 laetitia

488 930 742 978 adventus
779 929 1108 992 imperatoris
1142 932 1323 995 optimi
1349 945 1554 980 recrea·

486 1007 548 1070 ti,
585 1013 784 1069 optant.
823 1014 882 1056 ut
918 1006 1111 1056 diutius
1152 1009 1346 1065 vivant,
1374 1007 1551 1058 fruan-

489 1091 679 1147 turque
712 1083 809 1130 ista
837 1081 1110 1132 felicitate.
1177 1083 1265 1133 Sic
1298 1083 1554 1133 Pbaedro·

487 1173 602 1208 mus
644 1158 781 1222 apud
826 1161 1002 1210 Plaut.
1038 1161 1192 1211 Cure.
1214 1174 1248 1210 ι.
1272 1164 1321 1211 8.
1349 1167 1426 1211 16.
1466 1161 1552 1211 ubi

490 1236 598 1286 voti
641 1237 720 1284 sui
763 1249 974 1300 compos
1015 1235 1185 1288 factus
1223 1246 1356 1298 erat,
1390 1240 1405 1267 ⁸
1432 1239 1552 1287 Hoc

488 1313 643 1362 etiam
699 1311 822 1368 est,'
866 1313 1156 1379 inquiebat,
1189 1314 1552 1379 ‘quamobrem

487 1387 693 1450 cupiam
744 1386 958 1437 vivere?
1047 1388 1117 1437 Et
1157 1387 1293 1452 apud
1336 1390 1553 1439 Terent.

488 1462 716 1527 Adelph.
744 1476 830 1512 ιιι.
851 1467 899 1514 8.
921 1467 1003 1514 90.
1074 1464 1288 1525 Demea,
1312 1466 1421 1514 viso
1444 1465 1555 1514 He-

487 1539 659 1601 gione,
714 1539 918 1589 lioiuine
975 1540 1192 1604 antiqua
1248 1540 1444 1590 virtute
1492 1554 1555 1590 ac

487 1615 613 1678 fide,
659 1616 860 1667 ‘Quam
906 1616 1145 1680 gaudeo,'
1202 1617 1388 1682 iuquit.
1425 1619 1440 1646 ⁴
1467 1617 1555 1667 ubi

487 1694 648 1743 etiam
673 1693 821 1755 hujus
852 1694 1059 1756 generis
1083 1693 1330 1758 reliquias
1357 1700 1556 1742 restare

489 1770 670 1819 video!
746 1770 872 1824 Vab,
910 1770 1086 1819 vivere
1122 1770 1278 1819 etiam
1319 1776 1457 1819 nune
1498 1770 1556 1820 li·

491 1845 646 1897 beti'
681 1846 835 1894 Idem.

557 1923 893 1972 Fecundum·
908 1919 1030 1986 sue]
1055 1922 1289 1971 ‘Tollere
1311 1920 1443 1972 tilios
1465 1937 1554 1972 cu·

489 1999 664 2062 piunt,
686 2008 742 2046 et
779 1998 999 2061 publicis
1035 1997 1180 2047 malis
1203 1999 1453 2047 sterilitas
1478 1999 1554 2048 in-

490 2073 636 2123 dicta
679 2072 982 2122 recluditur.
1064 2073 1210 2121 Bene
1248 2087 1305 2120 se
1342 2075 1553 2123 meritu-

492 2165 602 2200 rum
628 2151 693 2199 de
720 2148 892 2199 liberis
916 2150 1022 2199 suis
1041 2151 1255 2215 quisque
1280 2165 1380 2199 non
1405 2149 1555 2200 dubi·

490 2233 590 2288 tat,
617 2226 803 2290 quibus
829 2227 934 2275 tale
966 2227 1196 2275 seculum
1227 2224 1558 2277 ostenderit-⁹

489 2304 612 2353 Sen.
637 2303 801 2352 Clem.
827 2315 866 2351 ι.
892 2307 972 2351 16.
1008 2302 1162 2351 Rern.

544 2379 748 2439 Referta
769 2377 917 2441 tecto]
937 2378 1203 2441 Supremoe
1228 2377 1415 2427 aedium
1438 2392 1555 2441 par·

491 2465 589 2518 tes,
613 2458 792 2507 vicine
816 2457 987 2506 tectis.
1055 2454 1137 2504 Au
1174 2463 1230 2508 et
1266 2455 1381 2519 ipsa
1413 2464 1557 2505 tecta

493 2534 699 2598 proprie
718 2534 883 2596 capis,
915 2547 1031 2596 quae
1072 2532 1221 2594 plana
1244 2540 1300 2580 et
1324 2540 1558 2581 constra-

493 2619 545 2658 ta
576 2623 720 2672 soepe
759 2609 901 2668 olim,
938 2607 1158 2672 ideoque
1202 2616 1324 2671 apta
1361 2608 1559 2657 insisti?

492 2686 804 2736 Claudianus
821 2685 1086 2735 stiliconis
1103 2686 1362 2749 ingressu:
1379 2691 1395 2714 ·
1412 2686 1556 2735 Non·

490 2778 557 2812 ne
582 2763 810 2823 vides,et
830 2761 977 2824 plebe
1003 2762 1130 2816 vias,
1154 2770 1209 2812 et
1236 2769 1374 2810 tecta
1390 2763 1555 2812 latere

491 2838 757 2888 Matribus
772 2837 811 2886 ?'
841 2837 1042 2886 Iterum
1060 2837 1110 2884 in
1135 2836 1337 2887 Houor.
1361 2845 1376 2865 ‘
1396 2851 1556 2900 quan-

493 2919 603 2966 tum
649 2914 796 2963 licuit
860 2927 1175 2975 consurgere
1235 2914 1390 2962 tectis
1440 2914 1558 2964 Una

493 2992 665 3056 replet
703 2991 869 3039 turbae
907 2988 1085 3047 facies,
1121 2988 1316 3039 undare
1350 2990 1554 3040 videres

491 3069 605 3119 Ima
648 3067 792 3130 viris,
836 3068 967 3115 altus
1006 3063 1259 3130 effulgere
1303 3066 1556 3116 matribus

494 3143 671 3193 edes-¹
740 3144 927 3206 Itaque
967 3143 1153 3191 altiora
1186 3141 1372 3192 aedium
1406 3141 1555 3192 femi·

493 3219 594 3275 nis,
620 3220 670 3267 iu
702 3218 780 3267 bis
810 3219 1145 3280 spectaculis,
1175 3219 1373 3281 dicata,
1410 3228 1465 3268 ut
1501 3226 1558 3268 et

490 3295 543 3344 in
569 3293 806 3343 theatris.
835 3293 971 3356 Lipo.

555 3371 872 3436 laborantia]
908 3371 996 3422 Sic
1032 3371 1274 3423 dicuntur
1305 3373 1404 3423 boc
1439 3372 1557 3424 loco

490 3454 650 3504 tecta.
671 3463 787 3514 quie
809 3449 967 3498 nimio
991 3463 1152 3499 onere
1188 3464 1364 3514 pressa
1402 3450 1557 3499 vacil-

491 3526 703 3587 lant,ac
735 3526 1039 3574 minitantur
1075 3525 1293 3588 ruinam,
1327 3525 1422 3575 uisi
1458 3525 1560 3575 ful·

491 3606 713 3656 ciantur.
764 3606 915 3657 Quod
942 3606 1103 3656 ovid.
1120 3605 1186 3654 de
1207 3605 1358 3655 Nuce
1383 3619 1458 3655 vs.
1475 3609 1557 3655 1⁴.

491 3684 618 3732 dicit
643 3682 709 3731 de
733 3695 877 3731 ramo
899 3681 1119 3745 arboris,
1155 3681 1385 3744 pondere
1418 3679 1557 3732 fruc·

492 3765 638 3808 tuum
677 3772 876 3821 presso,
897 3757 986 3821 qui
1013 3757 1179 3819 impar
1201 3764 1282 3806 est
1310 3758 1455 3807 oneri
1482 3757 1558 3808 fe·

492 3836 683 3886 teudo:
715 3835 731 3863 ⁸
751 3833 1015 3897 Pomaque
1040 3833 1293 3882 laesissent
1316 3842 1557 3897 matrem,

488 3909 774 3976 [arborem]
797 3910 848 3959 ni
873 3910 1081 3959 subdita
1099 3923 1260 3966 ramo.
1281 3911 1458 3974 Longa
1483 3911 1557 3960 la·

490 3986 693 4039 boranti
719 3984 869 4036 furca
894 3986 1097 4036 tulisset
1127 3985 1318 4048 opem.'
1383 3986 1473 4036 Ita
1499 3994 1557 4036 et

489 4078 554 4114 ea
591 4064 765 4114 omnia
806 4062 1052 4112 dicuntur
1089 4063 1401 4127 ‘laborare,'
1438 4079 1555 4129 qum

491 4139 725 4204 periculo
756 4146 1049 4198 versantur,
1081 4152 1146 4186 ne
1177 4140 1555 4201 opprimantur.

488 4213 697 4265 Sallust.
734 4216 889 4265 Catil.
927 4228 973 4263 c.
1002 4218 1085 4263 6⁰.
1118 4215 1266 4269 dicit,
1305 4215 1322 4242 ⁸
1348 4228 1555 4264 succur-

493 4306 609 4344 rere
641 4291 1040 4349 laborantibus,'
1062 4306 1253 4358 nempe
1282 4291 1551 4356 militibus,

1191 404 1406 456 No'rAE
1457 404 1864 455 vAmomJM
1916 404 1999 455 IN

1627 551 1715 615 qui
1756 550 1804 598 in
1847 549 2031 613 proelio
2072 548 2139 598 ab
2173 548 2324 597 hoste
2366 554 2693 612 premuntur,

1629 628 2020 690 periculumque
2067 625 2312 689 subeunt,
2348 637 2415 674 ne
2457 625 2697 689 oppressi

1631 711 1867 766 pereant.
1901 703 2142 752 Schwen-

1694 780 1983 843 Suspensum
2003 778 2281 842 vestigium]
2310 777 2567 842 Loquitur
2585 779 2696 828 Pn-

1627 856 1743 905 nius
1767 857 1832 905 de
1859 855 2111 919 ejusmodi
2137 857 2265 908 loco,
2287 855 2374 904 ubi
2411 856 2494 902 vix
2522 856 2696 903 tantil-

1629 932 1731 981 lum
1770 934 1924 996 spatii
1965 938 2225 995 superest,
2249 940 2307 981 ut
2337 932 2451 995 quis
2481 930 2528 979 el
2570 933 2696 981 totis

1629 1009 1819 1072 pedum
1859 1009 2050 1073 plantis
2090 1009 2326 1057 insistere
2367 1008 2562 1071 possit3
2597 1006 2693 1057 sed

1628 1085 1884 1134 duntaxat
1920 1085 1999 1133 vel
2027 1099 2127 1133 ιιιιο
2154 1085 2304 1148 pede,
2323 1085 2406 1133 vel
2431 1091 2578 1134 certe
2618 1084 2697 1133 di-

1629 1161 1750 1223 gitis
1789 1162 2124 1225 primoribus,
2165 1162 2316 1211 inniti
2352 1154 2567 1210 necesse
2604 1162 2694 1210 ba·

1631 1236 1770 1286 beat.
1829 1237 1986 1300 Alias,
2016 1239 2032 1267 ⁸
2059 1237 2246 1300 gradus
2269 1236 2576 1300 suspensus⁸
2597 1238 2696 1286 eti·

1628 1326 1709 1360 am
1734 1312 1927 1362 dicitur
1951 1311 2144 1376 gradus
2161 1321 2264 1362 tam
2289 1313 2417 1361 lenis
2434 1320 2492 1361 et
2505 1313 2697 1371 mollis,

1632 1397 1688 1437 ιιι
1711 1397 1916 1445 euntes,
1931 1389 2148 1451 pedibus
2171 1388 2312 1453 quasi
2336 1388 2576 1451 sublatis,
2593 1401 2697 1439 nou

1631 1462 1787 1514 facile
1811 1466 2118 1514 sentiantur.
2180 1465 2390 1513 Terent.
2411 1465 2619 1516 phorm.
2642 1478 2697 1514 v.

1629 1544 1678 1590 ὃ.
1703 1545 1787 1590 28.
1820 1541 1837 1569 ‘
1855 1540 1936 1590 Ad
1964 1539 2100 1590 fores
2125 1555 2372 1602 suspenso
2393 1540 2556 1605 gradu
2584 1543 2696 1605 pln-

1632 1617 1748 1667 cide
1785 1618 1860 1668 ire
1902 1616 2143 1680 perrexi?
2210 1618 2421 1666 Pbaedr.
2450 1632 2514 1667 ιι.
2548 1623 2599 1668 4.
2625 1618 2694 1667 de

1632 1694 1764 1745 feles
1804 1694 1819 1721 ‘
1846 1695 1981 1745 Inde
1997 1684 2224 1757 ‘evagata
2248 1703 2424 1755 noctu,
2445 1710 2697 1758 suspenso

1633 1770 1813 1836 pede.'
1876 1771 2036 1821 ovid.
2065 1772 2208 1820 Fast.
2243 1784 2281 1819 1.
2324 1774 2440 1820 425.
2474 1773 2492 1800 ⁸
2517 1772 2697 1833 Surgit

1633 1862 1823 1901 amans,
1863 1847 2190 1910 animamque
2226 1854 2429 1902 teneus,
2472 1848 2698 1910 vestigia

1632 1923 1809 1974 furtim
1830 1925 2096 1986 Suspenso
2116 1923 2289 1987 digitis
2310 1921 2416 1972 fert
2438 1926 2700 1973 taciturna

1631 2000 1833 2066 gradu.'
1869 2000 2021 2050 Ideni.

1697 2078 1986 2142 Suspensum
2019 2081 2066 2127 et
2103 2075 2349 2139 instabile]
2384 2076 2455 2126 Ut
2487 2076 2538 2126 in
2575 2091 2696 2141 sug·

1630 2154 1878 2217 grundiis,
1924 2162 2014 2204 aut
2059 2153 2372 2217 projecturis
2421 2153 2700 2217 parietum.

1630 2232 1766 2294 Lips.

1700 2310 1817 2358 Tum
1838 2308 2055 2372 equalis]
2096 2306 2329 2362 Plurimi,
2352 2314 2406 2356 et
2430 2308 2480 2356 in
2504 2307 2581 2357 his
2604 2322 2699 2372 po·

1633 2384 1881 2433 tissimum
1916 2383 2251 2447 antiquiores,
2288 2383 2402 2432 libri
2442 2383 2581 2448 typis
2606 2399 2699 2433 ex·

1632 2462 1760 2516 cusi,
1800 2462 1989 2511 babent
2022 2463 2139 2512 Tum
2169 2464 2430 2526 equaliter.
2499 2463 2695 2511 Verum

1631 2553 1828 2595 omnes,
1877 2539 2062 2602 quibus
2116 2540 2191 2587 usi
2247 2554 2438 2594 sumus,
2494 2540 2699 2590 codices

1631 2615 1764 2664 Mss.
1807 2622 1864 2663 et
1907 2615 1958 2663 iu
2004 2615 2291 2677 impressis,
2327 2615 2700 2677 Cuspinianus,

1632 2689 1918 2753 Gryphius‚
1974 2691 2269 2752 Plantiuus,
2315 2691 2698 2754 Berneggerus,

1629 2766 1745 2817 Jac.
1773 2769 1856 2818 De
1881 2768 1929 2816 la
1954 2768 2155 2824 Baune,
2179 2775 2232 2817 et
2257 2768 2409 2830 pauci
2440 2767 2548 2824 alii,
2578 2783 2693 2832 pro·

1630 2844 1761 2894 dunt
1789 2846 1906 2894 Tum
1926 2846 2139 2908 equalis.
2194 2846 2361 2897 Quam
2384 2845 2697 2908 scripturam

1631 2921 1786 2970 etiam
1817 2920 2013 2971 Antou.
2050 2921 2370 2971 Sconbovius
2407 2923 2699 2974 annotavit.

1633 2996 1843 3053 Fateor,
1878 3011 1978 3059 me,
2019 2998 2163 3060 quasi
2205 2998 2492 3061 aequalibus
2527 3000 2699 3048 calcu·

1631 3074 1711 3127 lis,
1736 3073 1823 3122 diu
1862 3088 2137 3136 suspensas
2173 3073 2412 3123 habuisse
2451 3076 2701 3138 rationes,

1632 3156 1801 3197 utram
1843 3148 2119 3197 lectionem
2165 3149 2531 3214 admitterem3
2579 3165 2698 3201 cum

1628 3230 1849 3289 utraque
1872 3224 2039 3272 locum
2064 3222 2256 3272 babere
2272 3238 2421 3288 posse
2441 3224 2702 3275 videatur.

1632 3300 1840 3350 Etenim
1898 3308 1954 3350 et
2002 3300 2307 3350 adverbium
2339 3301 2355 3328 ‘
2390 3302 2704 3366 oeqnaliter,'

1632 3377 1667 3426 i.
1702 3391 1751 3428 e.
1789 3376 2006 3440 pariter,
2028 3385 2081 3426 et
2106 3379 2215 3426 sine
2251 3377 2570 3435 discrimine,
2590 3393 2699 3429 nou

1631 3452 1798 3501 solum
1855 3452 2057 3501 Plinius
2113 3458 2294 3501 noster
2347 3452 2469 3504 alibi
2534 3454 2697 3504 etiam

1634 3528 1933 3592 usurpavit;
1967 3543 2018 3578 v.
2041 3544 2090 3591 g.
2116 3528 2314 3591 Paneg.
2340 3541 2434 3580 xc,
2451 3533 2500 3579 4.
2527 3529 2704 3593 Epist.

1631 3617 1695 3653 ιι.
1718 3607 1767 3654 9.
1791 3610 1839 3654 5.
1872 3605 2041 3668 Epist.
2064 3617 2188 3655 νιιι.
2209 3609 2259 3654 2.
2277 3608 2330 3653 2.
2365 3605 2457 3654 sed
2482 3611 2539 3654 et
2560 3607 2699 3669 opti·

1633 3682 1701 3731 mi
1726 3682 1916 3746 quique
1940 3680 2173 3744 probatae
2190 3679 2491 3729 Latinitatis
2516 3690 2700 3731 aucto·

1632 3773 1714 3808 res
1734 3759 1870 3807 idem
1892 3756 2191 3807 adverbium
2215 3757 2517 3808 adhibuere.
2558 3756 2701 3808 Satis

1631 3842 1730 3890 est,
1749 3849 1882 3884 nunc
1904 3834 2133 3883 excitare
2152 3833 2477 3890 Ciceronem,
2495 3833 2582 3898 qui
2603 3847 2700 3897 pro

1632 3912 1852 3974 Milone,
1889 3924 1936 3960 c.
1968 3912 2053 3959 28.
2097 3910 2113 3938 ⁸
2139 3907 2355 3959 Clodius
2393 3909 2703 3972 equaliter}

1633 3987 1819 4052 inquit,
1850 3988 1866 4015 ⁴
1890 3986 1939 4035 in
1961 3984 2355 4048 rempublicam,
2376 3985 2427 4034 in
2447 3985 2703 4048 privatos,

1632 4065 1682 4113 iu
1706 4063 2034 4127 longinquos,
2057 4061 2108 4110 in
2140 4061 2473 4126 propinquos,
2494 4061 2549 4111 ln
2573 4063 2701 4114 alie·

1632 4153 1748 4194 nos,
1768 4139 1818 4188 iu
1841 4152 1979 4193 suos,
2003 4134 2272 4186 irruebat!
2337 4137 2402 4185 Et
2433 4136 2485 4186 iu
2518 4136 2699 4202 Latio,

1631 4230 1680 4266 c.
1708 4220 1789 4265 16.
1818 4219 1834 4244 ⁸
1860 4216 1933 4265 Ut
1957 4221 2137 4264 nostra
2172 4214 2223 4263 in
2253 4213 2446 4263 amicos
2474 4215 2701 4267 benevo-

1631 4292 1794 4342 lentia
1817 4291 2022 4342 illorum
2044 4304 2172 4355 erga
2201 4304 2294 4341 nos
2321 4289 2698 4345 benevolentia
