3060 4902
524 351 657 420 854

525 530 752 574 mentum
790 525 1017 590 aliquod,
1044 525 1109 577 de
1146 543 1248 592 quo
1279 529 1435 579 etiam
1460 544 1589 580 non-

528 601 649 652 dum
683 608 762 650 est
795 610 984 652 actum.
1049 604 1168 655 Jam
1195 613 1363 654 autem
1390 607 1592 657 Plinius

530 690 706 740 supra,
729 692 845 741 cap.
872 691 988 728 nvi.
1011 682 1218 730 omuino
1244 691 1297 731 et
1323 681 1388 731 de
1407 697 1591 733 secun·

524 751 612 809 do,
655 761 707 802 et
751 753 818 802 de
863 756 1023 804 tertio
1061 758 1333 808 consulatu
1380 760 1591 823 Trajani

523 842 682 890 agere
698 837 964 892 coeperat3
998 839 1054 880 et
1073 847 1118 882 c.
1141 846 1277 882 nvn.
1298 847 1456 883 ινιιι.
1476 849 1593 884 mx.

521 911 579 952 et
599 918 690 953 nx.
708 906 1018 969 praedicarat
1037 908 1443 959 moderationem
1458 912 1590 960 Tra-

513 979 647 1043 jani,
668 982 880 1031 tertium
897 986 1218 1033 consulatum
1239 986 1591 1047 deprecantis.

523 1056 750 1112 Deinde,
770 1057 820 1106 in
837 1058 1018 1108 eodem
1032 1061 1207 1123 capite
1223 1074 1310 1110 nx.
1330 1062 1455 1111 item
1476 1076 1590 1112 ut.

522 1139 578 1181 et
624 1146 764 1181 ωῑιι.
806 1134 1091 1184 inseruerat
1134 1139 1479 1187 narrationem
1522 1141 1588 1188 de

522 1206 726 1258 duobus
773 1212 1120 1268 senatoribus.
1163 1227 1293 1277 quos
1333 1215 1586 1279 Trajanus

523 1284 680 1333 tertio
694 1287 929 1334 consules
945 1286 1163 1349 fecerat,
1178 1290 1293 1337 etin
1311 1292 1589 1342 consulatu

518 1374 611 1409 suo
636 1363 810 1419 tertio,
840 1364 1060 1413 alterum
1086 1364 1292 1427 quidem
1319 1375 1435 1428 post
1458 1368 1588 1417 alte-

522 1452 655 1502 rum,
676 1448 982 1490 assumserat
1000 1442 1247 1505 collegas.
1282 1444 1437 1494 Nunc
1456 1445 1587 1496 adeo

519 1517 806 1565 revertitur
841 1517 905 1566 ad
938 1518 1105 1582 ipsum
1133 1521 1451 1570 consulatum
1485 1530 1585 1572 ter·

519 1594 669 1655 tium,
694 1610 724 1643 a
746 1595 969 1659 Trajano
994 1604 1217 1659 gestum.
1286 1597 1399 1647 Vox
1424 1601 1516 1649 etsi
1533 1603 1584 1648 in

516 1670 820 1733 quibusdam
846 1672 989 1720 libris
1013 1673 1222 1735 scriptis
1242 1679 1295 1722 et
1319 1674 1582 1737 impressis

517 1745 722 1795 divisim
771 1747 1097 1810 exprimitur,
1139 1753 1187 1797 et
1231 1748 1316 1808 si,·
1374 1750 1424 1797 in
1469 1751 1582 1799 aliis

515 1824 856 1886 conjunctim,
880 1832 1120 1889 tanquam
1138 1827 1443 1890 conjunctio
1459 1843 1582 1878 con·

512 1905 730 1952 cessiva.
798 1902 1043 1966 Ambigo,
1086 1912 1251 1953 utram
1292 1907 1584 1969 amplectar

514 1978 857 2040 scripturam;
891 1980 982 2027 sed
1011 1980 1182 2043 video,
1203 1996 1381 2045 parum
1418 1981 1580 2032 refer-

513 2068 594 2109 re.
630 2054 934 2102 utramlibet
958 2054 1219 2104 admittas.
1284 2056 1341 2106 Si
1376 2057 1579 2108 divisim

513 2130 789 2191 scribatur,
818 2135 863 2179 et
888 2130 950 2187 si,
984 2131 1062 2181 sic
1096 2132 1344 2194 explicari
1382 2140 1580 2198 potest,

511 2207 528 2233 ⁸
554 2208 810 2256 Revertor
839 2207 947 2271 jam
973 2208 1037 2256 ad
1061 2210 1382 2260 consulatum
1417 2220 1579 2268 tuum,

514 2293 567 2331 et
594 2284 856 2346 [revertor
892 2284 956 2332 ad
995 2287 1103 2349 ea,]
1122 2287 1161 2334 si
1196 2295 1314 2336 sunt
1339 2288 1579 2352 quaedam

513 2357 579 2405 ad
621 2361 945 2410 consulatum
991 2362 1198 2425 quidem
1241 2366 1579 2429 pertinentia,

512 2442 638 2484 ante
675 2437 999 2485 consulatum
1038 2444 1207 2486 tamen
1247 2437 1424 2490 facta)
1486 2441 1579 2491 Sin

511 2513 934 2575 conjunctionem
972 2517 1320 2564 concessivam
1368 2519 1461 2566 etsi
1499 2534 1581 2568 as-

428 2631 430 2634 <
508 2603 701 2643 sumas.
735 2590 953 2638 eandem
977 2589 1085 2638 fere
1117 2591 1334 2641 habebis
1368 2601 1579 2645 senten·

510 2666 654 2726 tiam,
687 2669 703 2695 ‘
730 2668 987 2729 Revertor
1014 2670 1126 2732 jam
1164 2670 1228 2718 ad
1255 2672 1578 2723 consulatum

510 2750 651 2792 tuum
682 2744 916 2803 tertium,
945 2743 1030 2807 [ut
1064 2761 1341 2812 exponam,
1364 2763 1577 2813 quomo·

508 2820 578 2868 do
601 2833 718 2869 eum
742 2821 958 2883 gesseris
977 2822 1016 2885 ς]
1051 2825 1148 2872 etsi
1183 2833 1302 2873 sunt
1337 2825 1575 2890 quaedam

506 2895 572 2944 ad
614 2898 941 2946 consulatum
985 2899 1190 2964 quidem
1235 2902 1578 2967 pertinentia,

507 2982 631 3022 ante
648 2976 973 3024 consulatum
991 2985 1159 3026 tamen
1177 2975 1318 3026 facta
1334 2978 1441 3027 sive
1458 2993 1574 3041 ges-

509 3050 602 3113 ta:
625 3068 739 3116 quae
766 3066 953 3116 nempe
980 3068 1077 3102 nou
1103 3055 1270 3104 minus
1291 3061 1410 3104 sunt
1433 3070 1575 3105 com-

505 3128 858 3177 memoranda.
899 3132 914 3156 ⁸
932 3127 1073 3179 Ante
1099 3132 1422 3180 consulatum
1443 3130 1455 3151 ¹
1478 3147 1574 3195 per

506 3204 720 3267 ἔλλειψιν
746 3205 958 3269 dicitur,
984 3215 1040 3254 ut
1067 3206 1387 3269 intelligatur
1412 3209 1572 3271 parti·

505 3282 732 3345 cipiumf
749 3280 928 3340 facta‚'
947 3284 1026 3330 vel
1043 3284 1057 3309 ‘
1075 3291 1218 3345 gesta
1234 3283 1267 3344 ;’
1283 3283 1572 3347 cujusmodi

507 3357 765 3419 ἐλλείψεως
805 3360 1043 3421 exempla
1089 3361 1320 3422 qttoedam
1369 3363 1573 3412 notavit

504 3432 716 3482 Cottius
734 3433 796 3481 ad
819 3434 1136 3497 Sallustium,
1155 3437 1572 3500 insugurthax.

502 3511 552 3556 4.
617 3506 904 3571 Aliquanto
937 3509 1071 3556 euim
1098 3510 1399 3560 insolentius
1432 3513 1570 3562 dice·

505 3591 673 3639 retur,
692 3585 1028 3646 ‘pertinentia
1058 3594 1180 3634 ante
1215 3589 1572 3640 consulatum.’

504 3660 707 3710 Clarius
729 3667 784 3709 et
818 3661 1043 3723 plenius,
1066 3669 1081 3690 ·
1103 3678 1216 3726 quae
1240 3668 1568 3718 consulatum

504 3745 677 3786 tamen
705 3737 1139 3786 antecesserunt!
1177 3739 1417 3790 Scluoarz.

568 3811 830 3874 Revertor]
865 3812 1143 3862 Proevertor
1166 3816 1230 3866 V.
1269 3817 1435 3869 Livia.

569 3889 806 3939 Revertor
844 3887 977 3951 jam]
1028 3889 1231 3953 Sequor
1283 3901 1567 3955 praevertor.

503 3963 662 4013 Auct.
707 3964 873 4029 Epist.
918 3977 967 4011 v.
1017 3968 1096 4012 16.
1131 3966 1464 4020 ‘Praevertor
1499 3972 1564 4021 ad

500 4053 583 4102 ea,
621 4056 734 4105 quae
784 4057 866 4091 me
909 4052 1149 4102 agentem
1206 4045 1287 4094 hic
1350 4048 1568 4099 nuncius

501 4115 883 4178 deprehendit.'
947 4118 1018 4166 Et
1037 4118 1160 4168 alibi
1186 4134 1344 4184 saepe.
1400 4122 1566 4172 Hora-

1227 342 1446 428 uorjz
1495 373 1902 427 unionum
1955 378 2037 429 tu

1668 525 1873 585 tempus
1906 529 1989 574 est
2024 521 2089 572 ad
2131 523 2380 588 epistolas
2412 523 2735 579 Pudentilla

1668 597 1949 659 praeverti?
1981 599 2133 650 Ideni.

1733 676 1990 741 Revertor]
2023 680 2160 729 Nam
2198 686 2324 730 ante
2361 680 2525 744 coepit
2552 681 2730 733 dicere

1667 751 1733 800 de
1753 754 1910 803 tertio
1925 755 2037 818 ejus
2051 757 2344 818 consulatu,
2362 765 2571 821 aperte.
2609 759 2729 810 Non

1667 842 1793 892 ergo
1811 830 1966 880 audio
1984 839 2210 882 veterem
2231 834 2453 899 aliquem
2476 834 2730 901 codicem,

1668 904 1754 969 qui
1778 912 2060 968 provereor.
2097 907 2242 972 Lips.

1734 981 1874 1037 Quod
1895 983 2102 1032 comitiis
2129 984 2228 1033 tais
2255 983 2547 1048 interfuisti]
2579 986 2644 1036 ln
2666 986 2728 1036 li·

1668 1053 1760 1103 bro
1786 1053 2036 1106 vossiano
2061 1072 2153 1120 pro
2180 1060 2439 1122 particula
2469 1062 2623 1124 quod,
2643 1076 2730 1112 aa·

1665 1136 1878 1181 notatur
1900 1133 2072 1196 quas&
2103 1133 2219 1191 sed,
2249 1142 2500 1198 qnantum
2538 1137 2730 1187 intelli·

1664 1224 1747 1272 go,
1770 1210 1878 1260 sine
1902 1227 2016 1261 usu.
2071 1214 2404 1262 Deuotantur
2428 1228 2551 1264 vero
2572 1215 2727 1264 comi·

1664 1288 1738 1336 tia
1778 1289 2082 1344 consularia.
2122 1288 2307 1353 quibus
2349 1289 2611 1354 Trajanus
2648 1305 2728 1340 re-

1663 1364 1929 1412 nuntiatus
1952 1372 2030 1413 est
2058 1365 2267 1414 tertium
2294 1367 2490 1415 consul.
2560 1367 2618 1417 Si
2647 1365 2727 1416 di·

1663 1452 1768 1499 cas,
1791 1438 1930 1490 Quid
1956 1453 2084 1503 opus
2105 1440 2349 1501 comitiis,
2367 1455 2483 1490 cnm
2512 1448 2627 1491 tota
2643 1456 2725 1493 res

1662 1514 1989 1578 dependeret
2016 1530 2045 1563 a
2073 1515 2339 1564 voluntate
2363 1517 2638 1581 principis,
2659 1518 2725 1568 si·

1661 1606 1725 1640 ve
1766 1592 1879 1654 ipse
1915 1591 2205 1655 susciperet
2238 1592 2582 1651 consulatum,
2617 1596 2725 1662 siva

1652 1668 1870 1731 juberet
1889 1669 2017 1718 aiios
2038 1670 2323 1718 renuntiari
2343 1671 2618 1722 eonsules?
2649 1680 2724 1735 et,

1660 1758 1725 1792 an
1764 1751 1886 1793 tunc
1921 1744 2126 1794 omnino
2152 1744 2363 1795 comitia
2398 1747 2605 1796 habita?
2640 1762 2721 1798 res

1660 1827 1808 1871 certe
1833 1821 2077 1871 intricata
2106 1821 2332 1882 videtur,
2364 1829 2419 1872 at
2450 1834 2599 1874 certe
2620 1829 2720 1875 non

1660 1897 1887 1962 indigua,
1924 1913 2040 1962 quae
2085 1899 2362 1964 aliqnando
2406 1902 2723 1952 excutiatur.

1661 1972 1846 2035 Neque
1871 1975 2023 2023 alium
2046 1974 2187 2032 novi,
2205 1974 2295 2039 qui
2315 1974 2447 2024 hanc
2471 1990 2581 2025 rem
2606 1990 2726 2026 ner·

1658 2049 1832 2098 vosius
1846 2051 2144 2112 exposuerit
2159 2050 2359 2114 Lipsio,
2371 2066 2486 2101 cnm
2505 2053 2556 2101 in
2573 2054 2722 2103 Com·

1658 2133 1881 2174 mentar.
1924 2125 1989 2174 ad
2044 2124 2141 2174 ltoc
2187 2135 2346 2191 caput
2388 2127 2722 2192 Panegyrici,

1657 2206 1765 2250 tum
1791 2202 1841 2250 in
1869 2203 2106 2251 Excursu
2135 2203 2199 2251 E.
2229 2201 2295 2252 ad
2329 2202 2506 2254 Tacit.
2532 2203 2735 2255 Annal.'

1655 2292 1696 2326 1.
1741 2283 1820 2326 15.
1855 2278 2004 2341 cujus
2040 2280 2259 2342 vestigia
2295 2279 2480 2329 lubens
2514 2295 2721 2346 sequor.

1655 2354 1876 2403 Interim
1902 2362 2128 2410 constat,
2164 2355 2483 2418 temporibus
2510 2358 2721 2421 reipub·

1653 2430 1767 2480 licae
1784 2429 1978 2495 libera,
1987 2431 2075 2494 jns
2095 2430 2434 2482 creandorum
2447 2437 2719 2486 consulum

1655 2517 1925 2572 spectasse
1949 2511 2013 2557 ad
2049 2507 2295 2573 suffragia
2325 2512 2487 2560 totins
2523 2515 2702 2576 populi

1655 2585 1707 2633 in
1743 2585 1968 2633 comitiis
2006 2584 2214 2650 quidem
2247 2587 2573 2651 centuriatis,
2611 2590 2720 2654 qni-

1654 2661 1746 2710 bus
1784 2661 2003 2723 populns
2038 2675 2133 2725 per
2170 2663 2411 2713 classium
2447 2667 2717 2716 centurias

1654 2738 1848 2787 divisus
1872 2736 2113 2802 suffragia
2147 2737 2369 2798 ferebat.
2403 2755 2522 2790 eum
2548 2751 2715 2794 totum

1651 2816 1839 2864 civium
1865 2831 2057 2879 corpus
2095 2824 2360 2867 constaret
2398 2821 2513 2868 193.
2538 2827 2718 2870 centn·

1652 2892 1758 2941 riis.
1826 2893 1955 2942 Cum
1979 2908 2043 2942 ea
2068 2893 2246 2956 populi
2276 2894 2495 2944 libertas
2519 2894 2717 2959 incipe-

1652 2975 1735 3017 ret
1776 2969 2077 3031 exspirare3
2122 2970 2294 3021 Julius
2337 2969 2537 3027 Cesar.
2580 2970 2717 3022 refe·

1651 3053 1799 3094 rente
1834 3045 2049 3095 Sueton.
2085 3062 2202 3110 cap.
2240 3051 2324 3097 ⁴1.
2353 3049 2569 3098 comitia
2597 3063 2713 3099 eum

1649 3122 1844 3185 populo
1869 3123 2091 3185 partitus
2113 3130 2217 3187 est,
2240 3126 2572 3189 ut,exceptis
2594 3140 2716 3188 con·

1649 3199 1845 3247 sulatus
1868 3200 2198 3263 petitoribus,
2226 3200 2292 3250 de
2321 3208 2501 3250 cetero
2538 3216 2717 3252 nume·

1649 3291 1706 3325 ro
1736 3277 2148 3336 candidatorum,
2183 3293 2278 3342 pro
2301 3284 2453 3342 parte
2478 3278 2716 3337 dimidia,

1648 3368 1779 3419 qnos
1818 3356 2039 3419 populns
2085 3356 2264 3411 vellet,
2311 3358 2711 3420 pronuntiaren-

1649 3439 1763 3490 tur;
1800 3445 1895 3494 pro
1921 3438 2069 3494 parte
2095 3432 2274 3495 altera,
2303 3447 2431 3496 quos
2464 3437 2581 3497 ipse
2607 3433 2715 3485 edi-

1645 3506 1825 3557 disset.
1891 3509 1961 3558 Et
1997 3507 2192 3559 edebat
2231 3524 2324 3574 per
2356 3509 2580 3568 libellos,
2610 3513 2712 3562 cir·

1645 3598 1761 3634 cum
1801 3585 1964 3634 tribus
2000 3587 2204 3648 missos,
2240 3586 2504 3651 scriptura
2545 3588 2711 3652 brevi,

1643 3664 1745 3711 ὅτε.
1814 3661 2005 3725 ltaque
2040 3660 2218 3711 Caesar
2261 3663 2535 3713 consulum
2571 3665 2712 3716 elee-

1646 3738 1839 3788 tionem
1886 3750 1987 3786 non
2033 3736 2224 3800 populo
2269 3730 2577 3804 reliquerat,
2613 3741 2706 3791 sed

1642 3820 1951 3878 seposuerat
1990 3811 2091 3862 sibi
2127 3814 2366 3872 maxime.
2395 3820 2453 3865 et
2483 3819 2710 3868 senatui.

1642 3891 1877 3953 Augusto
1911 3891 2221 3953 impet-ante,
2256 3891 2354 3940 etsi
2390 3891 2710 3945 haberentur

1643 3966 1820 4030 populi
1861 3966 2113 4026 comitia;
2174 3973 2370 4030 tamen,
2414 3972 2554 4034 quod
2604 3971 2708 4021 Dio

1641 4050 1841 4104 narrat,
1862 4043 1951 4092 lib.
1974 4055 2098 4092 mu.
2124 4057 2180 4105 p.
2201 4046 2318 4092 ⁶11.
2335 4044 2462 4094 nibil
2479 4045 2551 4095 ibi
2573 4062 2704 4113 prn-

1640 4129 1721 4170 ter
1768 4120 2088 4169 voluntatem
2141 4117 2365 4181 Augusti
2413 4120 2703 4181 agebatnn

502 4189 627 4248 tius,
663 4191 833 4240 ‘Illuc
866 4202 1243 4255 praevertamus·
1282 4204 1564 4248 amatorem
1636 4209 1749 4246 cum
1790 4193 2127 4256 magistratus
2166 4193 2360 4257 partim
2391 4194 2503 4259 ipse
2535 4196 2709 4261 desig-⁴

500 4266 641 4335 quod
664 4266 844 4316 amicoe
868 4268 1061 4332 Turpia
1075 4270 1564 4336 decipiunteaeenm

497 4340 668 4395 vitia!
735 4340 1002 4408 ‘Apuleius
1042 4348 1322 4415 Apologia,
1367 4348 1383 4380 ⁴
1403 4353 1451 4404 N
1459 4367 1563 4405 nnc

1638 4278 1807 4331 naret,
1827 4269 2017 4333 partim
2043 4269 2236 4334 populo
2253 4267 2503 4334 plebique
2524 4286 2701 4321 crean.

1638 4350 1731 4399 dos
1753 4344 2105 4413 permitteret.
2169 4340 2356 4396 Adhuc
2386 4348 2586 4399 arctius
2612 4363 2700 4416 po·
