3060 4902
752 322 815 367 c.
865 321 1108 368 PLINI!
1161 320 1495 370 saeuum
1550 322 1825 371 pauno.
1876 326 1924 372 1.
1971 310 2077 374 66.

313 463 535 515 isausus
566 469 649 511 est
684 465 817 512 lianc
853 465 1205 530 conjecturam
1249 466 1379 516 reci-

313 553 434 603 pere
455 539 507 588 in
528 545 836 589 contextum
855 555 873 600 ς
900 542 1100 603 recepit
1121 557 1234 591 eam
1251 556 1381 591 unus

314 614 655 676 Arntzenitts,
696 615 818 678 quia
865 618 915 665 iu
956 617 1085 667 libro
1128 619 1382 668 Vossiuno

313 706 406 756 pro
443 706 572 742 voce
598 691 824 754 facilius,
860 705 1140 744 annotatur
1166 695 1383 754 felicius.

312 769 413 820 Sed
474 769 733 818 incertum
790 776 890 826 est,
949 779 1120 820 utrum
1168 772 1380 819 Vossius

317 845 448 895 banc
486 846 765 895 lectionem
801 861 865 895 ex
903 849 1119 912 antiquo
1160 848 1379 914 quodam

321 924 522 982 codice.
568 939 634 974 an
673 941 736 975 ex
784 927 873 976 illa
916 928 1030 991 ipsa
1075 929 1381 990 conjectura

319 1004 482 1067 Lipsii
550 1004 801 1054 hauserit.
889 1005 953 1055 In
1024 1007 1166 1056 nullo
1244 1009 1380 1056 enim

316 1079 514 1144 scripto
558 1095 859 1144 excusaque
903 1083 1035 1132 libro
1081 1084 1385 1133 variationis

317 1156 534 1219 alicujus
573 1156 740 1208 volam
781 1160 1158 1223 vestigiumque
1196 1161 1382 1224 depre-

316 1231 489 1280 hendi.
559 1232 716 1280 Vocis
761 1234 969 1297 quidem
998 1235 1196 1293 felicius
1242 1236 1384 1285 notio

316 1309 443 1359 satis
465 1316 594 1372 apta
615 1310 753 1361 foret
773 1327 789 1372 ς
811 1312 899 1361 sed
921 1320 976 1362 et
996 1314 1204 1375 vulgata
1226 1313 1385 1362 lectio

318 1393 462 1436 recte
501 1388 669 1437 locum
705 1402 850 1438 suum
879 1392 1013 1440 tueri
1041 1399 1230 1454 potest,
1258 1393 1299 1440 si
1324 1407 1385 1442 ea

318 1478 413 1527 per
463 1464 479 1491 ⁴
517 1465 712 1515 levius’
745 1473 800 1516 et
841 1475 855 1497 ⁸
889 1468 1215 1519 tolerabilius
1240 1469 1252 1489 '
1298 1484 1383 1518 ex-

318 1540 563 1603 plicetur.
608 1543 692 1592 Ita
711 1543 845 1592 euim
865 1552 919 1594 et
944 1545 1066 1594 alibi
1091 1545 1149 1593 τὸ
1171 1554 1185 1576 ·
1212 1544 1390 1595 facile’

315 1617 604 1668 identidem
648 1621 930 1683 opponitur
985 1624 1050 1686 ei,
1110 1624 1246 1687 quod
1304 1630 1386 1672 est

318 1709 495 1758 grave.
555 1697 849 1756 molestum,
913 1706 968 1747 et
1035 1699 1385 1749 intolerabile.

317 1773 529 1828 ‚Gellius
555 1774 716 1822 ΝΟΜ.
745 1774 856 1823 Att.
882 1788 918 1823 t.
939 1780 990 1824 6.
1025 1775 1039 1802 ‘
1069 1777 1250 1825 Nullas
1276 1779 1384 1840 ple·

321 1864 537 1910 rumque
555 1865 668 1899 esse
686 1852 735 1899 in
757 1853 1096 1902 matrimoniis
1121 1854 1384 1902 molestias

321 1929 677 1989 asseverabat,
711 1937 784 1984 et,
822 1930 861 1977 si
901 1945 1015 1992 qua·
1055 1939 1227 1978 tamen
1252 1932 1383 1979 acci·

320 2003 448 2051 dere
483 2018 583 2054 non
623 2018 881 2067 nunquam
909 2005 1233 2068 viderentur,
1272 2021 1387 2069 par·

323 2097 432 2138 vas,
489 2089 546 2131 et
596 2084 756 2141 leves,
810 2081 1094 2147 facilesque
1145 2087 1390 2140 toleratu,

324 2157 573 2207 dicebat!
613 2159 723 2207 Liv.
753 2173 803 2208 V.
835 2163 914 2209 22.
951 2162 964 2187 ‘
996 2162 1158 2210 Deam
1186 2163 1388 2225 accepi·

325 2249 441 2283 snus
476 2236 639 2284 levem
678 2249 738 2283 ac
776 2232 982 2284 facilem
1024 2236 1277 2285 translatu
1309 2237 1387 2285 sn-

325 2310 468 2360 isse.'
548 2312 713 2361 Immo
749 2319 803 2360 ct
842 2313 1122 2374 aliquando
1155 2315 1170 2341 ‘
1194 2314 1393 2370 sacilis‚’

325 2387 434 2440 sine
477 2386 837 2437 additamento
875 2388 1064 2438 dicitur
1090 2404 1184 2451 pro
1220 2391 1235 2416 ⁴
1261 2390 1390 2438 levi'

325 2473 382 2519 et
418 2472 432 2491 ‘
461 2464 757 2515 tolerabili!
803 2465 984 2528 virgil.
1022 2465 1139 2516 AEn.
1181 2482 1240 2516 tt.
1276 2471 1389 2516 646.

323 2542 339 2568 ‘
369 2541 557 2591 Facilis
590 2542 802 2603 jactura
836 2543 1058 2605 sepulcri
1079 2542 1115 2591 :'
1158 2544 1244 2591 ubi
1273 2545 1389 2592 Ser-

325 2620 488 2681 vius,‘
507 2617 706 2673 Facilis.
728 2619 757 2664 i.
782 2633 829 2667 e.
851 2619 1221 2669 contemtibilis
1246 2631 1298 2670 et
1324 2623 1391 2669 le·

328 2695 402 2742 vis
440 2695 664 2756 sapienti
713 2695 840 2757 viro,
879 2702 934 2743 ttt
973 2696 1254 2755 sitjactura
1291 2697 1392 2744 dis·

323 2768 604 2832 pendium.'
657 2769 769 2819 Cic.
804 2784 897 2833 pro
934 2772 1001 2821 Q.
1034 2771 1240 2834 Roscio,
1278 2787 1393 2835 cap.

324 2851 376 2896 6.
409 2854 424 2873 ⁴
451 2847 685 2898 Quorum
720 2847 936 2895 alterum
975 2856 1051 2896 est
1090 2850 1294 2909 gravius
1340 2859 1391 2897 et

325 2924 588 2983 odiosins3
635 2924 876 2984 alterum,
925 2925 1086 2972 levius
1128 2935 1178 2974 et
1232 2924 1393 2973 facili·

325 3015 438 3053 ⁸⁸..
459 3033 473 3048 .
494 3035 507 3049 .
539 3000 653 3050 Hoc
677 3000 786 3064 jam
819 3014 985 3063 neque
1021 3003 1205 3049 leviter
1226 2999 1393 3050 feren·

326 3078 450 3127 dum
495 3086 598 3136 est,
638 3092 804 3141 neque
843 3079 1171 3141 negligenter
1220 3078 1395 3126 defen-

325 3152 594 3207 dendum?
662 3155 747 3204 Sic
777 3161 834 3204 et
868 3155 1119 3205 Quinctil.
1161 3155 1397 3203 Decium.

334 3245 443 3281 ιιι.
472 3235 550 3281 15.
586 3245 702 3280 cunt
733 3231 1003 3281 ostendere
1032 3231 1210 3286 vellet,
1237 3231 1397 3293 pesti-

329 3307 566 3363 lentiam,
587 3314 806 3366 stragem
824 3307 1136 3371 praliot‘ttm,
1161 3316 1214 3355 et
1235 3311 1395 3369 ipsam

329 3391 575 3438 mortem,
619 3382 780 3432 multo
825 3384 1019 3432 leviora
1064 3392 1118 3430 et
1162 3384 1398 3432 tolerabi-

328 3460 466 3510 liora
490 3460 623 3507 mala
644 3473 777 3517 esse,
815 3474 968 3522 quatn
998 3456 1220 3508 famem:
1259 3459 1274 3486 ‘
1304 3461 1398 3508 Fe-

329 3535 405 3584 lix
448 3532 788 3599 pestilentia,¹
833 3535 1022 3597 inquit,
1056 3537 1071 3563 ‘
1097 3535 1223 3584 felix
1269 3552 1401 3598 prae·

329 3613 518 3662 liornrn
557 3621 776 3675 strages,
816 3613 1039 3676 denique
1068 3617 1230 3662 omnis
1269 3629 1401 3663 mors

328 3688 499 3740 facilis
519 3706 536 3749 5
567 3688 732 3739 fames
769 3705 957 3753 aspera
998 3691 1175 3738 vitalia
1212 3692 1401 3752 baut-it,

333 3766 625 3830 pracordia
649 3768 840 3829 carpit,
876 3767 1027 3815 animi
1067 3775 1402 3827 tormentum,

332 3844 570 3907 corporis
615 3843 778 3897 tabes.
824 3843 1072 3906 magistra
1127 3842 1403 3905 peccandi,

335 3919 608 3968 durissima
623 3919 821 3967 necessi
833 3927 899 3965 tat
911 3932 1011 3980 um,
1027 3917 1402 3966 deformissime

336 3993 630 4046 malorum!
700 3996 798 4044 Ubi
826 3995 987 4056 vides,
1014 4008 1163 4043 voces
1198 3996 1212 4021 ‘
1242 3993 1367 4043 felix
1391 3994 1402 4014 ’

338 4088 484 4137 seque
520 4088 583 4123 ac
624 4078 637 4099 ⁶
660 4070 862 4133 facilit&
898 4071 947 4120 in
972 4072 1153 4120 eadem
1186 4071 1404 4122 materia

341 4166 491 4214 posse
510 4151 682 4201 locum
701 4149 910 4198 habete.
956 4149 1208 4214 Loquitur
1228 4157 1401 4199 autem

2392 313 2534 378 8837

1458 466 1662 517 Plinius
1698 467 1764 518 de
1806 469 1868 518 iis
1908 471 2150 534 propitiis
2186 472 2527 536 principibus,

1455 563 1674 610 qnorum
1697 547 1842 599 favor
1873 564 2120 616 amorque
2145 566 2243 601 non
2268 560 2402 615 erat,
2430 556 2527 603 nisi

1454 623 1612 674 fictus
1633 632 1689 674 et
1712 626 2003 677 simulatus.
2045 630 2165 681 Jam
2191 638 2364 680 antem
2385 630 2525 681 idem

1457 700 1608 764 infra,
1626 716 1672 750 c.
1689 716 1901 752 Lxxxv.
1921 711 2064 754 recte
2088 705 2238 770 dicit,
2259 714 2275 735 ⁶
2292 706 2524 771 pejorem

1454 779 1575 828 odio
1595 795 1709 830 esse
1729 782 1916 831 amoris
1936 783 2347 834 simulationem!
2395 785 2525 835 Inde

1457 871 1558 905 nec
1598 858 1818 907 obscure
1862 865 2028 922 patet,
2063 874 2160 909 cut·
2205 859 2528 911 tolerabilius

1459 933 1715 998 videatur,
1781 936 1959 998 iratos,
2014 950 2165 999 qnam
2218 938 2314 986 hoc
2374 938 2528 987 modo

1459 1011 1732 1072 propitios,
1777 1011 1971 1060 babere
2027 1012 2334 1075 principes;
2393 1015 2533 1077 qnia,

1460 1086 1595 1148 qnod
1636 1086 1993 1148 Cassiodorus,
2015 1089 2185 1152 Epist.
2225 1103 2279 1138 v.
2319 1093 2401 1138 48.
2436 1091 2532 1148 ait,

1458 1163 1473 1188 ⁴
1511 1164 1673 1211 multo
1719 1167 1925 1224 gravius
1979 1166 2120 1215 dolet
2166 1166 2372 1228 injuria,
2414 1182 2528 1232 qnae

1460 1239 1741 1300 contigerit
1762 1239 2044 1302 insperata,
2071 1248 2124 1289 et
2141 1242 2181 1289 si
2201 1241 2322 1290 inde
2345 1256 2531 1304 prove-

1460 1313 1588 1374 niat,
1626 1314 1761 1362 unde
1782 1315 2095 1365 credebatur
2132 1316 2436 1366 beneficium
2476 1327 2531 1367 et

1461 1392 1741 1440 auxilium.’
1801 1392 1920 1441 Huc
1945 1401 1998 1443 et
2026 1395 2255 1456 pertinet
2278 1396 2415 1444 lusus
2434 1397 2531 1444 Lu-

1462 1468 1590 1516 cillii
1627 1469 1681 1516 in
1722 1468 1936 1518 Anthol.
1963 1471 2148 1520 Graec.
2174 1483 2233 1522 tt.
2261 1475 2342 1521 16.
2367 1476 2415 1520 l.
2440 1486 2531 1521 cu-

1452 1545 1542 1608 jus
1565 1546 1824 1596 sententia
1851 1547 2036 1595 Latine
2061 1548 2266 1596 reddita
2284 1549 2394 1598 ltaec
2416 1557 2493 1597 est
2516 1567 2529 1598 z

1461 1622 1477 1647 ‘
1503 1622 1758 1671 Omnibus
1792 1623 2084 1672 hominibus
2119 1638 2215 1687 ego
2241 1625 2403 1674 multo
2428 1640 2530 1674 tne-

1464 1699 1643 1746 liot·em
1680 1697 1798 1747 dico
1836 1697 2160 1748 manifestant
2186 1700 2530 1760 inimicitiam,

1463 1789 1614 1839 quam
1649 1775 1881 1824 dolosum
1923 1775 2260 1842 fucatntnqne
2285 1792 2533 1827 amorem.

1465 1852 1661 1901 Dicunt
1695 1853 1853 1912 enirn,
1889 1861 1942 1902 et
1979 1853 2197 1903 navibus
2225 1855 2275 1903 in
2302 1856 2428 1903 mari
2453 1870 2534 1904 er·

1465 1928 1700 1977 rantibus
1759 1931 1908 1991 pejus
1964 1944 2150 1979 nocere
2209 1929 2531 1980 submarinas

1465 2013 1660 2067 petras,
1705 2020 1858 2069 qnam
1911 2005 2211 2055 manifestos
2260 2007 2536 2069 scopulos?

1466 2080 1661 2129 Adltaec
1703 2088 1887 2143 aperta
1927 2083 2140 2131 aliorum
2178 2083 2255 2131 ira
2288 2097 2381 2132 nos
2415 2098 2535 2132 cau-

1468 2166 1583 2216 tos;
1618 2157 1890 2205 simulatus
1922 2172 2081 2212 antor,
2118 2157 2276 2207 facile
2302 2174 2534 2221 securos,

1467 2231 1663 2279 reddit.
1734 2232 2014 2292 Vulgatam
2060 2234 2335 2282 lectionem
2377 2235 2535 2284 etiam

1470 2308 1736 2356 Gesncrns
1770 2308 1867 2356 hoc
1908 2309 2022 2357 loco
2057 2308 2378 2357 retinendam
2415 2325 2538 2359 cen·

1469 2385 1590 2432 suit.
1668 2383 1922 2433 Quaedam
1966 2384 2134 2434 tristia
2175 2386 2392 2449 propitii
2431 2387 2535 2435 Do-

1470 2462 1666 2510 mitiani
1683 2462 1921 2524 exempla
1937 2471 2306 2513 commemorat
2321 2466 2538 2515 sueton.

1473 2538 1670 2587 Domit.
1695 2553 1812 2600 cap.
1840 2544 1918 2588 ll.
1955 2540 2103 2590 Idem.

1538 2615 1771 2679 Pacilius]
1788 2615 1966 2677 Friget
1982 2617 2270 2666 sententiat
2288 2617 2536 2667 animabi-

1471 2702 1573 2746 tur.
1598 2694 1640 2741 si
1669 2692 2030 2755 legasselicius.
2072 2694 2404 2757 Inopinatum
2426 2696 2535 2744 dic·

1472 2777 1610 2830 tutn;
1650 2784 1767 2818 nam
1801 2785 1976 2819 omnes
1998 2778 2171 2820 amant
2195 2772 2424 2821 volentes
2449 2771 2539 2820 lta·

1472 2847 1596 2895 bere
1613 2848 1876 2910 principes
1893 2864 1907 2907 ;
1927 2856 1976 2896 at
1994 2849 2207 2896 istorum
2226 2862 2286 2895 ea
2300 2847 2440 2896 fraus
2456 2852 2536 2898 vel

1470 2924 1675 2982 levitas,
1718 2930 1776 2972 ut
1825 2925 2041 2987 juvaret
2091 2922 2321 2985 affligere
2366 2926 2538 2973 subito

1473 3001 1664 3048 amicos
1690 3008 1776 3048 ant
1806 3000 2139 3062 propinquos.
2203 3001 2455 3060 Spectant
2485 3002 2536 3049 in

1477 3077 1849 3137 Domitianum,
1872 3075 1935 3124 de
1957 3076 2107 3139 cnjus
2128 3083 2142 3105 ¹
2162 3075 2346 3124 callida
2374 3078 2539 3139 inopi-

1473 3161 1700 3216 nataque
1718 3150 1957 3211 saevitia,'
1983 3153 2052 3199 ita
2080 3151 2305 3215 loquitur
2328 3152 2543 3201 Sueton-

1473 3243 1647 3292 qnetn,
1693 3229 1860 3287 sodes,
1904 3241 2018 3290 cap.
2051 3231 2128 3277 11.
2174 3226 2290 3276 vide
2329 3235 2386 3276 et
2426 3229 2538 3278 baec

1474 3318 1623 3366 cape.
1694 3304 1947 3352 Universe
1975 3310 2144 3350 autem
2170 3304 2327 3352 etiam
2360 3319 2537 3353 verum

1476 3391 1573 3437 est.
1610 3380 1773 3443 Πόῤῥω
1797 3378 1909 3429 Διός
1930 3397 1988 3428 τε
2012 3378 2089 3428 καὶ
2121 3382 2361 3442 κεραυνοῦ.
2416 3383 2537 3430 Pro-

1474 3461 1551 3507 cul
1571 3474 1600 3506 u
1623 3460 1746 3506 Jove
1767 3462 1810 3505 et
1823 3457 2046 3516 fulmine.
2085 3458 2226 3521 Lips.

1548 3533 1781 3597 Facilius]
1821 3533 2020 3595 Lipsius
2045 3534 2324 3597 legendum
2346 3534 2542 3582 ‹livina-

1476 3614 1811 3671 batselicius,·
1833 3625 1928 3660 nec
1954 3613 2105 3670 male,
2131 3626 2243 3663 mea
2267 3611 2543 3661 sententia.

1478 3691 1695 3740 Patarol.

1541 3768 1693 3816 Jubes
1709 3781 1808 3816 esse
1825 3766 2027 3823 liberos:
2057 3766 2258 3829 erimus]
2296 3771 2309 3792 ¹
2340 3763 2514 3813 Liberi
2534 3766 2546 3786 '

1476 3844 1559 3892 ltic
1600 3844 1864 3903 dicuntur,
1908 3844 1994 3906 qui
2042 3842 2205 3890 libere
2243 3844 2542 3902 loquuntur,

1477 3921 1875 3983 libertatemque
1918 3917 2229 3966 defendunt.
2312 3917 2541 3964 Verbum

1476 3999 1651 4047 erimus
1674 3998 1800 4045 mire
1827 4003 2126 4056 corruptum
2153 4000 2232 4041 est
2256 3993 2306 4040 in
2332 3992 2542 4055 quibus-

1478 4075 1597 4123 dam
1645 4072 1909 4122 codicibus
1957 4072 2085 4119 Μαι.
2170 4069 2231 4118 In
2286 4068 2544 4117 Vaticano

1478 4154 1627 4200 3461.
1667 4163 1769 4212 pro.
1797 4162 1860 4197 eo
1885 4148 2135 4210 scriptum
2171 4153 2254 4194 est
2290 4146 2542 4201 cernimus,
