<?xml version="1.0" encoding="UTF-8"?>
<!DOCTYPE html PUBLIC "-//W3C//DTD XHTML 1.0 Transitional//EN"
    "http://www.w3.org/TR/xhtml1/DTD/xhtml1-transitional.dtd">
<html xmlns="http://www.w3.org/1999/xhtml" xml:lang="en" lang="en">
 <head>
  <title>
</title>
<meta http-equiv="Content-Type" content="text/html;charset=utf-8" />
  <meta name='ocr-system' content='tesseract 3.04.00' />
  <meta name='ocr-capabilities' content='ocr_page ocr_carea ocr_par ocr_line ocrx_word'/>
</head>
<body>
  <div class='ocr_page' id='page_1' title='image "./panegyriciveter02unkngoog_0581.png"; bbox 0 0 3060 4902; ppageno 0'>
   <div class='ocr_carea' id='block_1_1' title="bbox 809 371 1868 428">
    <p class='ocr_par' dir='ltr' id='par_1_1' title="bbox 809 371 1868 428">
     <span class='ocr_line' id='line_1_1' title="bbox 809 371 1868 428; baseline -0.001 -1"><span class='ocrx_word' id='word_1_1' title='bbox 809 382 875 427; x_wconf 82' lang='lat' dir='ltr'><strong>G.</strong></span> <span class='ocrx_word' id='word_1_2' title='bbox 926 379 1160 427; x_wconf 77' lang='lat' dir='ltr'><strong>PLtNu</strong></span> <span class='ocrx_word' id='word_1_3' title='bbox 1210 378 1544 428; x_wconf 65' lang='lat' dir='ltr'><strong>suevum</strong></span> <span class='ocrx_word' id='word_1_4' title='bbox 1596 371 1868 428; x_wconf 71' lang='lat' dir='ltr'><strong>PANEG.</strong></span> 
     </span>
    </p>
   </div>
   <div class='ocr_carea' id='block_1_2' title="bbox 366 523 1453 4354">
    <p class='ocr_par' dir='ltr' id='par_1_2' title="bbox 366 523 1438 1960">
     <span class='ocr_line' id='line_1_2' title="bbox 366 523 1432 588; baseline -0.001 -14"><span class='ocrx_word' id='word_1_5' title='bbox 366 525 571 574; x_wconf 85' lang='lat' dir='ltr'><strong>dicibus</strong></span> <span class='ocrx_word' id='word_1_6' title='bbox 608 524 740 574; x_wconf 84' lang='lat' dir='ltr'><strong>Mss.</strong></span> <span class='ocrx_word' id='word_1_7' title='bbox 778 523 964 588; x_wconf 89' lang='lat' dir='ltr'><strong>quibus</strong></span> <span class='ocrx_word' id='word_1_8' title='bbox 1003 538 1123 572; x_wconf 77' lang='lat' dir='ltr'><strong>ustis</strong></span> <span class='ocrx_word' id='word_1_9' title='bbox 1163 538 1296 584; x_wconf 86' lang='lat' dir='ltr'><strong>sum,</strong></span> <span class='ocrx_word' id='word_1_10' title='bbox 1336 538 1432 586; x_wconf 85' lang='lat' dir='ltr'><strong>pro</strong></span> 
     </span>
     <span class='ocr_line' id='line_1_3' title="bbox 367 600 1433 667; baseline -0.003 -15"><span class='ocrx_word' id='word_1_11' title='bbox 367 604 533 663; x_wconf 80' lang='lat' dir='ltr'><strong>etium,</strong></span> <span class='ocrx_word' id='word_1_12' title='bbox 555 603 746 667; x_wconf 79' lang='lat' dir='ltr'><strong>legitur</strong></span> <span class='ocrx_word' id='word_1_13' title='bbox 773 607 840 657; x_wconf 83' lang='lat' dir='ltr'><strong>et,</strong></span> <span class='ocrx_word' id='word_1_14' title='bbox 864 609 1086 663; x_wconf 85' lang='lat' dir='ltr'><strong>excepto</strong></span> <span class='ocrx_word' id='word_1_15' title='bbox 1118 600 1296 650; x_wconf 89' lang='lat' dir='ltr'><strong>codice</strong></span> <span class='ocrx_word' id='word_1_16' title='bbox 1331 602 1433 649; x_wconf 87' lang='lat' dir='ltr'><strong>Pa·</strong></span> 
     </span>
     <span class='ocr_line' id='line_1_4' title="bbox 367 678 1433 743; baseline -0.004 -13"><span class='ocrx_word' id='word_1_17' title='bbox 367 680 569 743; x_wconf 77' lang='lat' dir='ltr'><strong>tarino,</strong></span> <span class='ocrx_word' id='word_1_18' title='bbox 605 688 656 727; x_wconf 89' lang='lat' dir='ltr'><strong>et</strong></span> <span class='ocrx_word' id='word_1_19' title='bbox 693 679 827 726; x_wconf 89' lang='lat' dir='ltr'><strong>libro</strong></span> <span class='ocrx_word' id='word_1_20' title='bbox 860 679 1132 742; x_wconf 79' lang='lat' dir='ltr'><strong>vossiano,</strong></span> <span class='ocrx_word' id='word_1_21' title='bbox 1164 678 1214 726; x_wconf 91' lang='lat' dir='ltr'><strong>in</strong></span> <span class='ocrx_word' id='word_1_22' title='bbox 1250 678 1433 741; x_wconf 89' lang='lat' dir='ltr'><strong>quibus</strong></span> 
     </span>
     <span class='ocr_line' id='line_1_5' title="bbox 368 755 1434 821; baseline -0.004 -17"><span class='ocrx_word' id='word_1_23' title='bbox 368 772 540 821; x_wconf 71' lang='lat' dir='ltr'><strong>reque,</strong></span> <span class='ocrx_word' id='word_1_24' title='bbox 562 771 622 806; x_wconf 87' lang='lat' dir='ltr'><strong>ac</strong></span> <span class='ocrx_word' id='word_1_25' title='bbox 648 756 700 804; x_wconf 92' lang='lat' dir='ltr'><strong>in</strong></span> <span class='ocrx_word' id='word_1_26' title='bbox 724 755 959 804; x_wconf 85' lang='lat' dir='ltr'><strong>omnibus</strong></span> <span class='ocrx_word' id='word_1_27' title='bbox 990 756 1129 805; x_wconf 89' lang='lat' dir='ltr'><strong>libris</strong></span> <span class='ocrx_word' id='word_1_28' title='bbox 1161 755 1434 818; x_wconf 86' lang='lat' dir='ltr'><strong>impressis,</strong></span> 
     </span>
     <span class='ocr_line' id='line_1_6' title="bbox 368 833 1434 899; baseline -0.002 -17"><span class='ocrx_word' id='word_1_29' title='bbox 368 834 612 899; x_wconf 77' lang='lat' dir='ltr'><strong>proditur</strong></span> <span class='ocrx_word' id='word_1_30' title='bbox 625 833 785 883; x_wconf 78' lang='lat' dir='ltr'><strong>etiam.</strong></span> <span class='ocrx_word' id='word_1_31' title='bbox 830 834 948 882; x_wconf 88' lang='lat' dir='ltr'><strong>Non</strong></span> <span class='ocrx_word' id='word_1_32' title='bbox 963 841 1106 882; x_wconf 83' lang='lat' dir='ltr'><strong>certe</strong></span> <span class='ocrx_word' id='word_1_33' title='bbox 1126 846 1289 895; x_wconf 87' lang='lat' dir='ltr'><strong>pauca</strong></span> <span class='ocrx_word' id='word_1_34' title='bbox 1303 845 1434 894; x_wconf 78' lang='lat' dir='ltr'><strong>prae·</strong></span> 
     </span>
     <span class='ocr_line' id='line_1_7' title="bbox 367 908 1435 973; baseline -0.003 -14"><span class='ocrx_word' id='word_1_35' title='bbox 367 917 454 959; x_wconf 83' lang='lat' dir='ltr'><strong>sto</strong></span> <span class='ocrx_word' id='word_1_36' title='bbox 474 917 594 959; x_wconf 88' lang='lat' dir='ltr'><strong>sunt</strong></span> <span class='ocrx_word' id='word_1_37' title='bbox 617 911 856 973; x_wconf 86' lang='lat' dir='ltr'><strong>exempla</strong></span> <span class='ocrx_word' id='word_1_38' title='bbox 879 910 1190 971; x_wconf 88' lang='lat' dir='ltr'><strong>optimorum</strong></span> <span class='ocrx_word' id='word_1_39' title='bbox 1215 908 1435 970; x_wconf 90' lang='lat' dir='ltr'><strong>scripto-</strong></span> 
     </span>
     <span class='ocr_line' id='line_1_8' title="bbox 370 986 1434 1051; baseline -0.004 -14"><span class='ocrx_word' id='word_1_40' title='bbox 370 1003 505 1043; x_wconf 86' lang='lat' dir='ltr'><strong>rum.</strong></span> <span class='ocrx_word' id='word_1_41' title='bbox 529 987 616 1051; x_wconf 90' lang='lat' dir='ltr'><strong>qni</strong></span> <span class='ocrx_word' id='word_1_42' title='bbox 651 986 936 1035; x_wconf 80' lang='lat' dir='ltr'>identidem</span> <span class='ocrx_word' id='word_1_43' title='bbox 968 991 1014 1035; x_wconf 78' lang='lat' dir='ltr'><strong>et</strong></span> <span class='ocrx_word' id='word_1_44' title='bbox 1047 1000 1140 1049; x_wconf 90' lang='lat' dir='ltr'><strong>pro</strong></span> <span class='ocrx_word' id='word_1_45' title='bbox 1169 986 1314 1035; x_wconf 79' lang='lat' dir='ltr'><strong>etium</strong></span> <span class='ocrx_word' id='word_1_46' title='bbox 1346 1000 1434 1047; x_wconf 83' lang='lat' dir='ltr'><strong>po·</strong></span> 
     </span>
     <span class='ocr_line' id='line_1_9' title="bbox 371 1062 1435 1127; baseline -0.003 -13"><span class='ocrx_word' id='word_1_47' title='bbox 371 1072 605 1114; x_wconf 81' lang='lat' dir='ltr'><strong>suer‘tmt.</strong></span> <span class='ocrx_word' id='word_1_48' title='bbox 686 1064 838 1113; x_wconf 84' lang='lat' dir='ltr'>Unde</span> <span class='ocrx_word' id='word_1_49' title='bbox 879 1062 1192 1112; x_wconf 80' lang='lat' dir='ltr'><strong>Arntzenius</strong></span> <span class='ocrx_word' id='word_1_50' title='bbox 1230 1077 1435 1127; x_wconf 86' lang='lat' dir='ltr'><strong>quoque</strong></span> 
     </span>
     <span class='ocr_line' id='line_1_10' title="bbox 370 1138 1435 1203; baseline -0.002 -13"><span class='ocrx_word' id='word_1_51' title='bbox 370 1146 418 1190; x_wconf 78' lang='lat' dir='ltr'><strong>et</strong></span> <span class='ocrx_word' id='word_1_52' title='bbox 442 1142 539 1190; x_wconf 87' lang='lat' dir='ltr'><strong>hoc</strong></span> <span class='ocrx_word' id='word_1_53' title='bbox 563 1141 613 1190; x_wconf 91' lang='lat' dir='ltr'><strong>in</strong></span> <span class='ocrx_word' id='word_1_54' title='bbox 636 1142 755 1189; x_wconf 89' lang='lat' dir='ltr'><strong>loco</strong></span> <span class='ocrx_word' id='word_1_55' title='bbox 790 1140 1020 1203; x_wconf 80' lang='lat' dir='ltr'><strong>praetulit</strong></span> <span class='ocrx_word' id='word_1_56' title='bbox 1043 1140 1112 1200; x_wconf 70' lang='grc' dir='ltr'><strong>τῷ</strong></span> <span class='ocrx_word' id='word_1_57' title='bbox 1132 1139 1311 1195; x_wconf 80' lang='lat' dir='ltr'><strong>etiam,-</strong></span> <span class='ocrx_word' id='word_1_58' title='bbox 1343 1138 1435 1188; x_wconf 87' lang='lat' dir='ltr'><strong>do·</strong></span> 
     </span>
     <span class='ocr_line' id='line_1_11' title="bbox 369 1215 1434 1277; baseline -0.005 -9"><span class='ocrx_word' id='word_1_59' title='bbox 369 1218 588 1277; x_wconf 84' lang='lat' dir='ltr'><strong>cuitque</strong></span> <span class='ocrx_word' id='word_1_60' title='bbox 627 1230 691 1264; x_wconf 76' lang='lat' dir='ltr'><strong>ex</strong></span> <span class='ocrx_word' id='word_1_61' title='bbox 728 1216 1092 1266; x_wconf 81' lang='lat' dir='ltr'><strong>observatione</strong></span> <span class='ocrx_word' id='word_1_62' title='bbox 1124 1215 1434 1264; x_wconf 86' lang='lat' dir='ltr'><strong>Broukbusii</strong></span> 
     </span>
     <span class='ocr_line' id='line_1_12' title="bbox 371 1290 1434 1356; baseline -0.002 -15"><span class='ocrx_word' id='word_1_63' title='bbox 371 1293 439 1341; x_wconf 81' lang='lat' dir='ltr'><strong>ad</strong></span> <span class='ocrx_word' id='word_1_64' title='bbox 481 1294 723 1356; x_wconf 85' lang='lat' dir='ltr'><strong>Propert.</strong></span> <span class='ocrx_word' id='word_1_65' title='bbox 755 1306 814 1341; x_wconf 89' lang='grc' dir='ltr'><strong>ιι.</strong></span> <span class='ocrx_word' id='word_1_66' title='bbox 844 1298 893 1342; x_wconf 85' lang='grc'><strong>9.</strong></span> <span class='ocrx_word' id='word_1_67' title='bbox 926 1297 1007 1341; x_wconf 74' lang='grc'><strong>32.</strong></span> <span class='ocrx_word' id='word_1_68' title='bbox 1040 1300 1097 1342; x_wconf 88' lang='lat' dir='ltr'><strong>et</strong></span> <span class='ocrx_word' id='word_1_69' title='bbox 1132 1292 1336 1340; x_wconf 86' lang='lat' dir='ltr'><strong>Heiusii</strong></span> <span class='ocrx_word' id='word_1_70' title='bbox 1369 1290 1434 1339; x_wconf 86' lang='lat' dir='ltr'><strong>ad</strong></span> 
     </span>
     <span class='ocr_line' id='line_1_13' title="bbox 373 1369 1434 1432; baseline -0.001 -16"><span class='ocrx_word' id='word_1_71' title='bbox 373 1370 512 1418; x_wconf 79' lang='lat' dir='ltr'><strong>Vell-</strong></span> <span class='ocrx_word' id='word_1_72' title='bbox 540 1383 603 1419; x_wconf 85' lang='grc' dir='ltr'><strong>ιι.</strong></span> <span class='ocrx_word' id='word_1_73' title='bbox 637 1374 747 1418; x_wconf 91' lang='grc'><strong>116.</strong></span> <span class='ocrx_word' id='word_1_74' title='bbox 774 1374 823 1417; x_wconf 77' lang='grc'><strong>3.</strong></span> <span class='ocrx_word' id='word_1_75' title='bbox 859 1370 1093 1432; x_wconf 86' lang='lat' dir='ltr'><strong>copulam</strong></span> <span class='ocrx_word' id='word_1_76' title='bbox 1127 1374 1173 1417; x_wconf 84' lang='lat' dir='ltr'><strong>et</strong></span> <span class='ocrx_word' id='word_1_77' title='bbox 1210 1369 1434 1430; x_wconf 84' lang='lat' dir='ltr'><strong>singula-</strong></span> 
     </span>
     <span class='ocr_line' id='line_1_14' title="bbox 374 1446 1436 1509; baseline -0.004 -13"><span class='ocrx_word' id='word_1_78' title='bbox 374 1461 485 1496; x_wconf 88' lang='lat' dir='ltr'><strong>rem</strong></span> <span class='ocrx_word' id='word_1_79' title='bbox 504 1448 764 1509; x_wconf 73' lang='lat' dir='ltr'>emphasin</span> <span class='ocrx_word' id='word_1_80' title='bbox 783 1448 1056 1505; x_wconf 84' lang='lat' dir='ltr'><strong>habere,et</strong></span> <span class='ocrx_word' id='word_1_81' title='bbox 1076 1446 1189 1508; x_wconf 87' lang='lat' dir='ltr'><strong>plus</strong></span> <span class='ocrx_word' id='word_1_82' title='bbox 1205 1446 1436 1508; x_wconf 85' lang='lat' dir='ltr'><strong>aliquan·</strong></span> 
     </span>
     <span class='ocr_line' id='line_1_15' title="bbox 371 1522 1436 1588; baseline -0.002 -15"><span class='ocrx_word' id='word_1_83' title='bbox 371 1524 444 1573; x_wconf 89' lang='lat' dir='ltr'><strong>do</strong></span> <span class='ocrx_word' id='word_1_84' title='bbox 477 1523 671 1586; x_wconf 78' lang='lat' dir='ltr'>dicere,</span> <span class='ocrx_word' id='word_1_85' title='bbox 693 1538 844 1588; x_wconf 85' lang='lat' dir='ltr'><strong>quam</strong></span> <span class='ocrx_word' id='word_1_86' title='bbox 871 1525 1032 1573; x_wconf 80' lang='lat' dir='ltr'><strong>etiam.</strong></span> <span class='ocrx_word' id='word_1_87' title='bbox 1098 1524 1215 1573; x_wconf 91' lang='lat' dir='ltr'><strong>Non</strong></span> <span class='ocrx_word' id='word_1_88' title='bbox 1250 1522 1436 1571; x_wconf 84' lang='lat' dir='ltr'><strong>damno</strong></span> 
     </span>
     <span class='ocr_line' id='line_1_16' title="bbox 372 1601 1436 1660; baseline -0.004 -8"><span class='ocrx_word' id='word_1_89' title='bbox 372 1609 424 1652; x_wconf 81' lang='lat' dir='ltr'><strong>et</strong></span> <span class='ocrx_word' id='word_1_90' title='bbox 440 1619 460 1660; x_wconf 90' lang='grc'><strong>,·</strong></span> <span class='ocrx_word' id='word_1_91' title='bbox 494 1602 586 1651; x_wconf 83' lang='lat' dir='ltr'><strong>sed</strong></span> <span class='ocrx_word' id='word_1_92' title='bbox 612 1617 709 1652; x_wconf 91' lang='lat' dir='ltr'><strong>nec</strong></span> <span class='ocrx_word' id='word_1_93' title='bbox 733 1602 1071 1651; x_wconf 85' lang='lat' dir='ltr'><strong>sufficientem</strong></span> <span class='ocrx_word' id='word_1_94' title='bbox 1094 1602 1340 1650; x_wconf 87' lang='lat' dir='ltr'><strong>rationem</strong></span> <span class='ocrx_word' id='word_1_95' title='bbox 1362 1601 1436 1648; x_wconf 84' lang='lat' dir='ltr'><strong>vi·</strong></span> 
     </span>
     <span class='ocr_line' id='line_1_17' title="bbox 373 1680 1437 1743; baseline -0.001 -15"><span class='ocrx_word' id='word_1_96' title='bbox 373 1680 496 1743; x_wconf 90' lang='lat' dir='ltr'><strong>deo,</strong></span> <span class='ocrx_word' id='word_1_97' title='bbox 512 1694 604 1729; x_wconf 88' lang='lat' dir='ltr'><strong>cur</strong></span> <span class='ocrx_word' id='word_1_98' title='bbox 624 1681 880 1742; x_wconf 74' lang='lat' dir='ltr'><strong>vulgatam</strong></span> <span class='ocrx_word' id='word_1_99' title='bbox 901 1681 1194 1736; x_wconf 88' lang='lat' dir='ltr'><strong>lectionem,</strong></span> <span class='ocrx_word' id='word_1_100' title='bbox 1213 1694 1329 1743; x_wconf 79' lang='lat' dir='ltr'><strong>quae</strong></span> <span class='ocrx_word' id='word_1_101' title='bbox 1347 1692 1437 1727; x_wconf 88' lang='lat' dir='ltr'><strong>ne·</strong></span> 
     </span>
     <span class='ocr_line' id='line_1_18' title="bbox 374 1756 1437 1820; baseline -0.002 -15"><span class='ocrx_word' id='word_1_102' title='bbox 374 1770 479 1820; x_wconf 85' lang='lat' dir='ltr'><strong>qne</strong></span> <span class='ocrx_word' id='word_1_103' title='bbox 521 1770 730 1819; x_wconf 84' lang='lat' dir='ltr'><strong>prorsus</strong></span> <span class='ocrx_word' id='word_1_104' title='bbox 764 1758 987 1805; x_wconf 89' lang='lat' dir='ltr'><strong>omnium</strong></span> <span class='ocrx_word' id='word_1_105' title='bbox 1028 1758 1260 1805; x_wconf 90' lang='lat' dir='ltr'><strong>codicum</strong></span> <span class='ocrx_word' id='word_1_106' title='bbox 1308 1756 1437 1804; x_wconf 84' lang='lat' dir='ltr'><strong>Mss.</strong></span> 
     </span>
     <span class='ocr_line' id='line_1_19' title="bbox 375 1833 1438 1896; baseline -0.001 -14"><span class='ocrx_word' id='word_1_107' title='bbox 375 1835 688 1883; x_wconf 81' lang='lat' dir='ltr'><strong>anctoritate</strong></span> <span class='ocrx_word' id='word_1_108' title='bbox 734 1833 1055 1896; x_wconf 84' lang='lat' dir='ltr'><strong>destituitur,</strong></span> <span class='ocrx_word' id='word_1_109' title='bbox 1091 1833 1342 1895; x_wconf 78' lang='lat' dir='ltr'><strong>rejiciam.</strong></span> <span class='ocrx_word' id='word_1_110' title='bbox 1390 1833 1438 1881; x_wconf 88' lang='lat'><strong>1-</strong></span> 
     </span>
     <span class='ocr_line' id='line_1_20' title="bbox 372 1913 497 1960; baseline 0 -1"><span class='ocrx_word' id='word_1_111' title='bbox 372 1913 497 1960; x_wconf 75' lang='lat' dir='ltr'><strong>dent.</strong></span> 
     </span>
    </p>

    <p class='ocr_par' dir='ltr' id='par_1_3' title="bbox 451 1984 1276 2049">
     <span class='ocr_line' id='line_1_21' title="bbox 451 1984 1276 2049; baseline -0.006 -14"><span class='ocrx_word' id='word_1_112' title='bbox 451 1986 611 2035; x_wconf 69' lang='lat' dir='ltr'><strong>Etiam</strong></span> <span class='ocrx_word' id='word_1_113' title='bbox 631 1984 766 2049; x_wconf 70' lang='lat' dir='ltr'><strong>dum]</strong></span> <span class='ocrx_word' id='word_1_114' title='bbox 800 1987 867 2034; x_wconf 77' lang='lat' dir='ltr'><strong>Ee</strong></span> <span class='ocrx_word' id='word_1_115' title='bbox 884 1987 995 2033; x_wconf 75' lang='lat' dir='ltr'><strong>dum</strong></span> <span class='ocrx_word' id='word_1_116' title='bbox 1018 1984 1082 2031; x_wconf 86' lang='lat' dir='ltr'><strong>V.</strong></span> <span class='ocrx_word' id='word_1_117' title='bbox 1116 1984 1276 2033; x_wconf 75' lang='lat' dir='ltr'><strong>Liuiis.</strong></span> 
     </span>
    </p>

    <p class='ocr_par' dir='ltr' id='par_1_4' title="bbox 372 2058 1453 4354">
     <span class='ocr_line' id='line_1_22' title="bbox 443 2058 1438 2124; baseline -0.007 -10"><span class='ocrx_word' id='word_1_118' title='bbox 443 2064 579 2114; x_wconf 70' lang='lat' dir='ltr'><strong>Car».</strong></span> <span class='ocrx_word' id='word_1_119' title='bbox 614 2076 828 2113; x_wconf 66' lang='lat' dir='ltr'><strong>cxxxv.</strong></span> <span class='ocrx_word' id='word_1_120' title='bbox 872 2064 990 2111; x_wconf 71' lang='lat' dir='ltr'><strong>Jews</strong></span> <span class='ocrx_word' id='word_1_121' title='bbox 1021 2062 1165 2110; x_wconf 77' lang='lat' dir='ltr'><strong>etiam</strong></span> <span class='ocrx_word' id='word_1_122' title='bbox 1196 2061 1268 2124; x_wconf 86' lang='lat' dir='ltr'><strong>et]</strong></span> <span class='ocrx_word' id='word_1_123' title='bbox 1308 2058 1438 2112; x_wconf 85' lang='lat' dir='ltr'><strong>Quis</strong></span> 
     </span>
     <span class='ocr_line' id='line_1_23' title="bbox 374 2139 1440 2204; baseline -0.003 -15"><span class='ocrx_word' id='word_1_124' title='bbox 374 2153 480 2189; x_wconf 85' lang='lat' dir='ltr'><strong>non</strong></span> <span class='ocrx_word' id='word_1_125' title='bbox 538 2146 709 2204; x_wconf 90' lang='lat' dir='ltr'><strong>putet,</strong></span> <span class='ocrx_word' id='word_1_126' title='bbox 751 2140 1051 2189; x_wconf 77' lang='lat' dir='ltr'><strong>alterutram</strong></span> <span class='ocrx_word' id='word_1_127' title='bbox 1109 2139 1440 2202; x_wconf 76' lang='lat' dir='ltr'><strong>particulam,</strong></span> 
     </span>
     <span class='ocr_line' id='line_1_24' title="bbox 375 2214 1442 2280; baseline -0.004 -15"><span class='ocrx_word' id='word_1_128' title='bbox 375 2218 488 2265; x_wconf 80' lang='lat' dir='ltr'><strong>sive</strong></span> <span class='ocrx_word' id='word_1_129' title='bbox 522 2218 683 2280; x_wconf 78' lang='lat' dir='ltr'><strong>etiam,</strong></span> <span class='ocrx_word' id='word_1_130' title='bbox 705 2218 811 2265; x_wconf 79' lang='lat' dir='ltr'><strong>sive</strong></span> <span class='ocrx_word' id='word_1_131' title='bbox 844 2222 914 2277; x_wconf 82' lang='lat' dir='ltr'><strong>et,</strong></span> <span class='ocrx_word' id='word_1_132' title='bbox 943 2217 1025 2265; x_wconf 85' lang='lat' dir='ltr'><strong>bic</strong></span> <span class='ocrx_word' id='word_1_133' title='bbox 1058 2216 1129 2264; x_wconf 82' lang='lat' dir='ltr'><strong>ita</strong></span> <span class='ocrx_word' id='word_1_134' title='bbox 1161 2214 1442 2278; x_wconf 83' lang='lat' dir='ltr'><strong>abundare,</strong></span> 
     </span>
     <span class='ocr_line' id='line_1_25' title="bbox 381 2289 1438 2355; baseline -0.002 -14"><span class='ocrx_word' id='word_1_135' title='bbox 381 2301 443 2341; x_wconf 82' lang='lat' dir='ltr'><strong>nt</strong></span> <span class='ocrx_word' id='word_1_136' title='bbox 484 2302 626 2343; x_wconf 87' lang='lat' dir='ltr'><strong>recte</strong></span> <span class='ocrx_word' id='word_1_137' title='bbox 673 2294 819 2354; x_wconf 80' lang='lat' dir='ltr'><strong>rejici</strong></span> <span class='ocrx_word' id='word_1_138' title='bbox 864 2292 1065 2355; x_wconf 85' lang='lat' dir='ltr'><strong>possit?</strong></span> <span class='ocrx_word' id='word_1_139' title='bbox 1119 2289 1220 2340; x_wconf 82' lang='lat' dir='ltr'><strong>Sed</strong></span> <span class='ocrx_word' id='word_1_140' title='bbox 1262 2305 1438 2339; x_wconf 85' lang='lat' dir='ltr'><strong>onmes</strong></span> 
     </span>
     <span class='ocr_line' id='line_1_26' title="bbox 376 2368 1437 2432; baseline -0.002 -15"><span class='ocrx_word' id='word_1_141' title='bbox 376 2371 561 2432; x_wconf 81' lang='lat' dir='ltr'><strong>scripti</strong></span> <span class='ocrx_word' id='word_1_142' title='bbox 595 2370 879 2432; x_wconf 85' lang='lat' dir='ltr'><strong>excusique</strong></span> <span class='ocrx_word' id='word_1_143' title='bbox 916 2368 1033 2417; x_wconf 88' lang='lat' dir='ltr'><strong>libri</strong></span> <span class='ocrx_word' id='word_1_144' title='bbox 1066 2369 1115 2416; x_wconf 91' lang='lat' dir='ltr'><strong>in</strong></span> <span class='ocrx_word' id='word_1_145' title='bbox 1138 2368 1270 2416; x_wconf 80' lang='lat' dir='ltr'><strong>lianc</strong></span> <span class='ocrx_word' id='word_1_146' title='bbox 1294 2368 1437 2417; x_wconf 88' lang='lat' dir='ltr'><strong>lecti·</strong></span> 
     </span>
     <span class='ocr_line' id='line_1_27' title="bbox 377 2444 1440 2509; baseline 0 -15"><span class='ocrx_word' id='word_1_147' title='bbox 377 2461 530 2495; x_wconf 80' lang='lat' dir='ltr'><strong>onem</strong></span> <span class='ocrx_word' id='word_1_148' title='bbox 567 2446 881 2509; x_wconf 85' lang='lat' dir='ltr'><strong>conspirant,</strong></span> <span class='ocrx_word' id='word_1_149' title='bbox 905 2455 1095 2509; x_wconf 82' lang='lat' dir='ltr'><strong>praeter</strong></span> <span class='ocrx_word' id='word_1_150' title='bbox 1119 2459 1272 2493; x_wconf 88' lang='lat' dir='ltr'><strong>unum</strong></span> <span class='ocrx_word' id='word_1_151' title='bbox 1299 2444 1440 2494; x_wconf 90' lang='lat' dir='ltr'><strong>codi-</strong></span> 
     </span>
     <span class='ocr_line' id='line_1_28' title="bbox 377 2523 1440 2587; baseline -0.001 -16"><span class='ocrx_word' id='word_1_152' title='bbox 377 2536 494 2571; x_wconf 85' lang='lat' dir='ltr'><strong>cem</strong></span> <span class='ocrx_word' id='word_1_153' title='bbox 532 2523 861 2577; x_wconf 87' lang='lat' dir='ltr'><strong>Patavinum,</strong></span> <span class='ocrx_word' id='word_1_154' title='bbox 882 2537 1031 2587; x_wconf 88' lang='lat' dir='ltr'><strong>quem</strong></span> <span class='ocrx_word' id='word_1_155' title='bbox 1064 2536 1205 2571; x_wconf 91' lang='lat' dir='ltr'><strong>more</strong></span> <span class='ocrx_word' id='word_1_156' title='bbox 1239 2537 1330 2570; x_wconf 88' lang='lat' dir='ltr'><strong>suo</strong></span> <span class='ocrx_word' id='word_1_157' title='bbox 1362 2537 1440 2573; x_wconf 88' lang='lat' dir='ltr'><strong>se-</strong></span> 
     </span>
     <span class='ocr_line' id='line_1_29' title="bbox 378 2601 1441 2666; baseline 0.002 -18"><span class='ocrx_word' id='word_1_158' title='bbox 378 2603 556 2666; x_wconf 82' lang='lat' dir='ltr'><strong>qnitur</strong></span> <span class='ocrx_word' id='word_1_159' title='bbox 578 2603 712 2650; x_wconf 89' lang='lat' dir='ltr'><strong>liber</strong></span> <span class='ocrx_word' id='word_1_160' title='bbox 733 2602 899 2650; x_wconf 72' lang='lat' dir='ltr'><strong>vossii</strong></span> <span class='ocrx_word' id='word_1_161' title='bbox 921 2616 935 2663; x_wconf 90' lang='lat'>;</span> <span class='ocrx_word' id='word_1_162' title='bbox 975 2601 1059 2649; x_wconf 88' lang='lat' dir='ltr'><strong>ubi</strong></span> <span class='ocrx_word' id='word_1_163' title='bbox 1085 2602 1252 2649; x_wconf 89' lang='lat' dir='ltr'><strong>inutili</strong></span> <span class='ocrx_word' id='word_1_164' title='bbox 1278 2608 1441 2650; x_wconf 86' lang='lat' dir='ltr'><strong>muta-</strong></span> 
     </span>
     <span class='ocr_line' id='line_1_30' title="bbox 381 2679 1442 2741; baseline 0.002 -15"><span class='ocrx_word' id='word_1_165' title='bbox 381 2679 528 2727; x_wconf 86' lang='lat' dir='ltr'><strong>tione</strong></span> <span class='ocrx_word' id='word_1_166' title='bbox 550 2680 797 2741; x_wconf 81' lang='lat' dir='ltr'><strong>scriptum</strong></span> <span class='ocrx_word' id='word_1_167' title='bbox 823 2688 919 2739; x_wconf 87' lang='lat' dir='ltr'><strong>est,</strong></span> <span class='ocrx_word' id='word_1_168' title='bbox 939 2680 1056 2727; x_wconf 80' lang='lat' dir='ltr'><strong>Jum</strong></span> <span class='ocrx_word' id='word_1_169' title='bbox 1076 2693 1207 2726; x_wconf 80' lang='lat' dir='ltr'><strong>omne</strong></span> <span class='ocrx_word' id='word_1_170' title='bbox 1226 2680 1370 2728; x_wconf 80' lang='lat' dir='ltr'><strong>etiam</strong></span> <span class='ocrx_word' id='word_1_171' title='bbox 1391 2679 1442 2728; x_wconf 81' lang='lat' dir='ltr'><strong>its</strong></span> 
     </span>
     <span class='ocr_line' id='line_1_31' title="bbox 372 2756 1442 2819; baseline 0.001 -15"><span class='ocrx_word' id='word_1_172' title='bbox 372 2756 687 2819; x_wconf 69' lang='lat' dir='ltr'><strong>privator-am,</strong></span> <span class='ocrx_word' id='word_1_173' title='bbox 706 2759 786 2818; x_wconf 60' lang='grc' dir='ltr'><strong>ξε.</strong></span> <span class='ocrx_word' id='word_1_174' title='bbox 840 2756 1105 2818; x_wconf 86' lang='lat' dir='ltr'><strong>Ejusmodi</strong></span> <span class='ocrx_word' id='word_1_175' title='bbox 1129 2764 1301 2804; x_wconf 85' lang='lat' dir='ltr'><strong>autem</strong></span> <span class='ocrx_word' id='word_1_176' title='bbox 1328 2771 1442 2819; x_wconf 88' lang='lat' dir='ltr'><strong>par·-</strong></span> 
     </span>
     <span class='ocr_line' id='line_1_32' title="bbox 377 2833 1442 2896; baseline 0.004 -17"><span class='ocrx_word' id='word_1_177' title='bbox 377 2833 654 2880; x_wconf 83' lang='lat' dir='ltr'><strong>ticularum</strong></span> <span class='ocrx_word' id='word_1_178' title='bbox 689 2835 971 2882; x_wconf 79' lang='lat' dir='ltr'><strong>cumulatio</strong></span> <span class='ocrx_word' id='word_1_179' title='bbox 1002 2847 1103 2882; x_wconf 88' lang='lat' dir='ltr'><strong>non</strong></span> <span class='ocrx_word' id='word_1_180' title='bbox 1131 2845 1212 2883; x_wconf 79' lang='lat' dir='ltr'><strong>est</strong></span> <span class='ocrx_word' id='word_1_181' title='bbox 1236 2848 1442 2896; x_wconf 89' lang='lat' dir='ltr'><strong>prorsus</strong></span> 
     </span>
     <span class='ocr_line' id='line_1_33' title="bbox 380 2908 1442 2972; baseline 0.004 -15"><span class='ocrx_word' id='word_1_182' title='bbox 380 2908 630 2957; x_wconf 86' lang='lat' dir='ltr'><strong>insolens.</strong></span> <span class='ocrx_word' id='word_1_183' title='bbox 683 2911 766 2959; x_wconf 87' lang='lat' dir='ltr'><strong>Sic</strong></span> <span class='ocrx_word' id='word_1_184' title='bbox 789 2912 971 2972; x_wconf 81' lang='lat' dir='ltr'><strong>passim</strong></span> <span class='ocrx_word' id='word_1_185' title='bbox 989 2912 1125 2972; x_wconf 91' lang='lat' dir='ltr'><strong>apud</strong></span> <span class='ocrx_word' id='word_1_186' title='bbox 1147 2910 1306 2960; x_wconf 90' lang='lat' dir='ltr'><strong>bonos</strong></span> <span class='ocrx_word' id='word_1_187' title='bbox 1325 2926 1442 2961; x_wconf 90' lang='lat' dir='ltr'><strong>auc-</strong></span> 
     </span>
     <span class='ocr_line' id='line_1_34' title="bbox 384 2986 1443 3053; baseline 0.005 -20"><span class='ocrx_word' id='word_1_188' title='bbox 384 2994 528 3034; x_wconf 87' lang='lat' dir='ltr'><strong>tores</strong></span> <span class='ocrx_word' id='word_1_189' title='bbox 557 2986 915 3048; x_wconf 73' lang='lat' dir='ltr'>deprehendes</span> <span class='ocrx_word' id='word_1_190' title='bbox 951 2989 1214 3052; x_wconf 71' lang='lat' dir='ltr'><strong>conjungi,</strong></span> <span class='ocrx_word' id='word_1_191' title='bbox 1248 2988 1265 3015; x_wconf 91' lang='lat'>‘</span> <span class='ocrx_word' id='word_1_192' title='bbox 1290 2999 1443 3053; x_wconf 84' lang='lat' dir='ltr'><strong>atque</strong></span> 
     </span>
     <span class='ocr_line' id='line_1_35' title="bbox 383 3064 1446 3131; baseline 0.002 -18"><span class='ocrx_word' id='word_1_193' title='bbox 383 3064 582 3120; x_wconf 83' lang='lat' dir='ltr'><strong>etiam,&#39;</strong></span> <span class='ocrx_word' id='word_1_194' title='bbox 602 3067 617 3092; x_wconf 79' lang='lat'><strong>⁴</strong></span> <span class='ocrx_word' id='word_1_195' title='bbox 642 3080 703 3114; x_wconf 87' lang='lat' dir='ltr'><strong>ac</strong></span> <span class='ocrx_word' id='word_1_196' title='bbox 726 3064 971 3129; x_wconf 89' lang='lat' dir='ltr'><strong>quoque‚’</strong></span> <span class='ocrx_word' id='word_1_197' title='bbox 995 3068 1008 3091; x_wconf 92' lang='lat'>‘</span> <span class='ocrx_word' id='word_1_198' title='bbox 1026 3068 1180 3115; x_wconf 85' lang='lat' dir='ltr'><strong>etiam</strong></span> <span class='ocrx_word' id='word_1_199' title='bbox 1205 3066 1446 3131; x_wconf 86' lang='lat' dir='ltr'><strong>quoque,&#39;</strong></span> 
     </span>
     <span class='ocr_line' id='line_1_36' title="bbox 381 3142 1445 3209; baseline 0.003 -20"><span class='ocrx_word' id='word_1_200' title='bbox 381 3150 399 3172; x_wconf 73' lang='lat'>⁸</span> <span class='ocrx_word' id='word_1_201' title='bbox 423 3156 526 3206; x_wconf 85' lang='lat' dir='ltr'><strong>que</strong></span> <span class='ocrx_word' id='word_1_202' title='bbox 557 3142 645 3197; x_wconf 83' lang='lat' dir='ltr'><strong>et,&#39;</strong></span> <span class='ocrx_word' id='word_1_203' title='bbox 680 3144 695 3169; x_wconf 89' lang='lat'>‘</span> <span class='ocrx_word' id='word_1_204' title='bbox 723 3159 820 3206; x_wconf 82' lang='lat' dir='ltr'><strong>que</strong></span> <span class='ocrx_word' id='word_1_205' title='bbox 853 3142 1045 3198; x_wconf 87' lang='lat' dir='ltr'><strong>etiam,&#39;</strong></span> <span class='ocrx_word' id='word_1_206' title='bbox 1078 3152 1093 3173; x_wconf 80' lang='lat'><em>‘</em></span> <span class='ocrx_word' id='word_1_207' title='bbox 1120 3151 1171 3193; x_wconf 84' lang='lat' dir='ltr'><strong>et</strong></span> <span class='ocrx_word' id='word_1_208' title='bbox 1202 3144 1445 3209; x_wconf 90' lang='lat' dir='ltr'><strong>quoque,&#39;</strong></span> 
     </span>
     <span class='ocr_line' id='line_1_37' title="bbox 380 3219 1446 3283; baseline 0.006 -18"><span class='ocrx_word' id='word_1_209' title='bbox 380 3219 396 3246; x_wconf 78' lang='lat'><em>⁴</em></span> <span class='ocrx_word' id='word_1_210' title='bbox 418 3233 623 3281; x_wconf 89' lang='lat' dir='ltr'><strong>quoque</strong></span> <span class='ocrx_word' id='word_1_211' title='bbox 655 3219 741 3280; x_wconf 89' lang='lat' dir='ltr'><strong>et,&#39;</strong></span> <span class='ocrx_word' id='word_1_212' title='bbox 772 3229 785 3250; x_wconf 83' lang='lat'><strong><em>⁴</em></strong></span> <span class='ocrx_word' id='word_1_213' title='bbox 806 3230 857 3268; x_wconf 88' lang='lat' dir='ltr'><strong>et</strong></span> <span class='ocrx_word' id='word_1_214' title='bbox 894 3221 1085 3283; x_wconf 87' lang='lat' dir='ltr'><strong>etiam,&#39;</strong></span> <span class='ocrx_word' id='word_1_215' title='bbox 1117 3224 1132 3250; x_wconf 88' lang='lat'>‘</span> <span class='ocrx_word' id='word_1_216' title='bbox 1152 3223 1308 3270; x_wconf 86' lang='lat' dir='ltr'><strong>etiam</strong></span> <span class='ocrx_word' id='word_1_217' title='bbox 1341 3222 1446 3282; x_wconf 67' lang='grc' dir='ltr'><strong>εἰς’</strong></span> 
     </span>
     <span class='ocr_line' id='line_1_38' title="bbox 384 3297 1446 3362; baseline 0.003 -19"><span class='ocrx_word' id='word_1_218' title='bbox 384 3311 502 3358; x_wconf 77' lang='lat' dir='ltr'><strong>quae</strong></span> <span class='ocrx_word' id='word_1_219' title='bbox 545 3297 746 3358; x_wconf 83' lang='lat' dir='ltr'><strong>singula</strong></span> <span class='ocrx_word' id='word_1_220' title='bbox 789 3312 986 3359; x_wconf 86' lang='lat' dir='ltr'><strong>possem</strong></span> <span class='ocrx_word' id='word_1_221' title='bbox 1032 3298 1283 3362; x_wconf 86' lang='lat' dir='ltr'><strong>exemplis</strong></span> <span class='ocrx_word' id='word_1_222' title='bbox 1329 3311 1446 3361; x_wconf 89' lang='lat' dir='ltr'><strong>pro·</strong></span> 
     </span>
     <span class='ocr_line' id='line_1_39' title="bbox 383 3373 1444 3434; baseline 0.003 -13"><span class='ocrx_word' id='word_1_223' title='bbox 383 3373 530 3434; x_wconf 82' lang='lat' dir='ltr'><strong>bare,</strong></span> <span class='ocrx_word' id='word_1_224' title='bbox 569 3374 663 3421; x_wconf 77' lang='lat' dir='ltr'><strong>uisi</strong></span> <span class='ocrx_word' id='word_1_225' title='bbox 705 3383 926 3422; x_wconf 86' lang='lat' dir='ltr'><strong>metuam</strong></span> <span class='ocrx_word' id='word_1_226' title='bbox 975 3373 1180 3423; x_wconf 82' lang='lat' dir='ltr'><strong>taedium</strong></span> <span class='ocrx_word' id='word_1_227' title='bbox 1218 3375 1444 3425; x_wconf 83' lang='lat' dir='ltr'><strong>lectoris.</strong></span> 
     </span>
     <span class='ocr_line' id='line_1_40' title="bbox 388 3449 1447 3514; baseline 0.001 -16"><span class='ocrx_word' id='word_1_228' title='bbox 388 3449 607 3498; x_wconf 82' lang='lat' dir='ltr'><strong>Interim</strong></span> <span class='ocrx_word' id='word_1_229' title='bbox 634 3465 794 3514; x_wconf 84' lang='lat' dir='ltr'><strong>pauca</strong></span> <span class='ocrx_word' id='word_1_230' title='bbox 819 3459 1071 3500; x_wconf 88' lang='lat' dir='ltr'><strong>annotare</strong></span> <span class='ocrx_word' id='word_1_231' title='bbox 1093 3452 1236 3500; x_wconf 89' lang='lat' dir='ltr'><strong>libet.</strong></span> <span class='ocrx_word' id='word_1_232' title='bbox 1289 3453 1447 3500; x_wconf 89' lang='lat' dir='ltr'><strong>Plau-</strong></span> 
     </span>
     <span class='ocr_line' id='line_1_41' title="bbox 384 3526 1447 3592; baseline 0.004 -19"><span class='ocrx_word' id='word_1_233' title='bbox 384 3533 472 3574; x_wconf 83' lang='lat' dir='ltr'><strong>tus</strong></span> <span class='ocrx_word' id='word_1_234' title='bbox 497 3527 710 3590; x_wconf 82' lang='lat' dir='ltr'><strong>Prolog.</strong></span> <span class='ocrx_word' id='word_1_235' title='bbox 738 3526 994 3589; x_wconf 82' lang='lat' dir='ltr'><strong>Amphitr.</strong></span> <span class='ocrx_word' id='word_1_236' title='bbox 1012 3533 1092 3576; x_wconf 79' lang='lat'><strong>30.</strong></span> <span class='ocrx_word' id='word_1_237' title='bbox 1127 3529 1143 3556; x_wconf 80' lang='lat'><em>⁴</em></span> <span class='ocrx_word' id='word_1_238' title='bbox 1162 3529 1332 3592; x_wconf 83' lang='lat' dir='ltr'><strong>Atque</strong></span> <span class='ocrx_word' id='word_1_239' title='bbox 1351 3543 1447 3590; x_wconf 80' lang='lat' dir='ltr'><strong>ego</strong></span> 
     </span>
     <span class='ocr_line' id='line_1_42' title="bbox 387 3605 1449 3667; baseline 0.004 -18"><span class='ocrx_word' id='word_1_240' title='bbox 387 3616 588 3666; x_wconf 87' lang='lat' dir='ltr'><strong>quoque</strong></span> <span class='ocrx_word' id='word_1_241' title='bbox 627 3606 802 3658; x_wconf 84' lang='lat' dir='ltr'><strong>etiam,</strong></span> <span class='ocrx_word' id='word_1_242' title='bbox 842 3605 926 3667; x_wconf 90' lang='lat' dir='ltr'><strong>qui</strong></span> <span class='ocrx_word' id='word_1_243' title='bbox 960 3605 1105 3655; x_wconf 80' lang='lat' dir='ltr'><strong>Jovis</strong></span> <span class='ocrx_word' id='word_1_244' title='bbox 1142 3618 1251 3653; x_wconf 88' lang='lat' dir='ltr'><strong>sum</strong></span> <span class='ocrx_word' id='word_1_245' title='bbox 1292 3605 1449 3667; x_wconf 83' lang='lat' dir='ltr'><strong>lilius,</strong></span> 
     </span>
     <span class='ocr_line' id='line_1_43' title="bbox 387 3679 1449 3730; baseline 0.002 -3"><span class='ocrx_word' id='word_1_246' title='bbox 387 3688 562 3727; x_wconf 89' lang='lat' dir='ltr'><strong>metuo</strong></span> <span class='ocrx_word' id='word_1_247' title='bbox 597 3679 824 3728; x_wconf 62' lang='lat' dir='ltr'><strong>malum!</strong></span> <span class='ocrx_word' id='word_1_248' title='bbox 891 3680 1036 3730; x_wconf 86' lang='lat' dir='ltr'><strong>Idem</strong></span> <span class='ocrx_word' id='word_1_249' title='bbox 1065 3680 1287 3728; x_wconf 84' lang='lat' dir='ltr'><strong>Mercst.</strong></span> <span class='ocrx_word' id='word_1_250' title='bbox 1313 3694 1375 3730; x_wconf 84' lang='lat' dir='ltr'><strong>tt.</strong></span> <span class='ocrx_word' id='word_1_251' title='bbox 1398 3684 1449 3729; x_wconf 83' lang='grc'><strong>2.</strong></span> 
     </span>
     <span class='ocr_line' id='line_1_44' title="bbox 388 3757 1446 3819; baseline 0.002 -15"><span class='ocrx_word' id='word_1_252' title='bbox 388 3760 470 3804; x_wconf 80' lang='grc'><strong>36.</strong></span> <span class='ocrx_word' id='word_1_253' title='bbox 506 3758 521 3784; x_wconf 86' lang='lat'>‘</span> <span class='ocrx_word' id='word_1_254' title='bbox 546 3757 685 3809; x_wconf 83' lang='lat' dir='ltr'><strong>Quin</strong></span> <span class='ocrx_word' id='word_1_255' title='bbox 711 3757 832 3804; x_wconf 84' lang='lat' dir='ltr'><strong>mihi</strong></span> <span class='ocrx_word' id='word_1_256' title='bbox 853 3771 1055 3819; x_wconf 80' lang='lat' dir='ltr'><strong>quoque</strong></span> <span class='ocrx_word' id='word_1_257' title='bbox 1087 3757 1241 3805; x_wconf 86' lang='lat' dir='ltr'><strong>etiam</strong></span> <span class='ocrx_word' id='word_1_258' title='bbox 1276 3764 1354 3805; x_wconf 85' lang='lat' dir='ltr'><strong>est</strong></span> <span class='ocrx_word' id='word_1_259' title='bbox 1384 3759 1446 3807; x_wconf 85' lang='lat' dir='ltr'><strong>ad</strong></span> 
     </span>
     <span class='ocr_line' id='line_1_45' title="bbox 390 3832 1451 3895; baseline 0.001 -15"><span class='ocrx_word' id='word_1_260' title='bbox 390 3840 597 3895; x_wconf 84' lang='lat' dir='ltr'><strong>portum</strong></span> <span class='ocrx_word' id='word_1_261' title='bbox 617 3832 909 3893; x_wconf 82' lang='lat' dir='ltr'><strong>negotimu.&#39;</strong></span> <span class='ocrx_word' id='word_1_262' title='bbox 951 3834 1226 3881; x_wconf 83' lang='lat' dir='ltr'><strong>Terentius</strong></span> <span class='ocrx_word' id='word_1_263' title='bbox 1244 3833 1451 3882; x_wconf 77' lang='lat' dir='ltr'><strong>Pltorm.</strong></span> 
     </span>
     <span class='ocr_line' id='line_1_46' title="bbox 388 3910 1446 3965; baseline 0.001 -8"><span class='ocrx_word' id='word_1_264' title='bbox 388 3920 469 3957; x_wconf 78' lang='grc' dir='ltr'><strong>ιν.</strong></span> <span class='ocrx_word' id='word_1_265' title='bbox 492 3911 539 3956; x_wconf 76' lang='lat'><strong>8.</strong></span> <span class='ocrx_word' id='word_1_266' title='bbox 566 3913 613 3956; x_wconf 93' lang='grc'><strong>1.</strong></span> <span class='ocrx_word' id='word_1_267' title='bbox 648 3910 664 3937; x_wconf 84' lang='lat'>‘</span> <span class='ocrx_word' id='word_1_268' title='bbox 692 3911 756 3957; x_wconf 88' lang='lat' dir='ltr'><strong>Et</strong></span> <span class='ocrx_word' id='word_1_269' title='bbox 781 3910 939 3957; x_wconf 86' lang='lat' dir='ltr'><strong>etiam</strong></span> <span class='ocrx_word' id='word_1_270' title='bbox 963 3923 1119 3965; x_wconf 85' lang='lat' dir='ltr'><strong>nunc,</strong></span> <span class='ocrx_word' id='word_1_271' title='bbox 1142 3910 1182 3957; x_wconf 84' lang='lat' dir='ltr'><strong>si</strong></span> <span class='ocrx_word' id='word_1_272' title='bbox 1209 3910 1316 3958; x_wconf 78' lang='lat' dir='ltr'><strong>vult</strong></span> <span class='ocrx_word' id='word_1_273' title='bbox 1345 3910 1446 3958; x_wconf 66' lang='lat' dir='ltr'><strong>lje·</strong></span> 
     </span>
     <span class='ocr_line' id='line_1_47' title="bbox 389 3984 1453 4046; baseline 0.001 -13"><span class='ocrx_word' id='word_1_274' title='bbox 389 3985 562 4046; x_wconf 89' lang='lat' dir='ltr'><strong>mipbo</strong></span> <span class='ocrx_word' id='word_1_275' title='bbox 586 3984 744 4039; x_wconf 84' lang='lat' dir='ltr'><strong>dare,&#39;</strong></span> <span class='ocrx_word' id='word_1_276' title='bbox 767 3988 867 4033; x_wconf 74' lang='grc' dir='ltr'><strong>διο.</strong></span> <span class='ocrx_word' id='word_1_277' title='bbox 928 3985 1092 4033; x_wconf 88' lang='lat' dir='ltr'><strong>Varro</strong></span> <span class='ocrx_word' id='word_1_278' title='bbox 1116 3984 1181 4033; x_wconf 88' lang='lat' dir='ltr'><strong>de</strong></span> <span class='ocrx_word' id='word_1_279' title='bbox 1205 3985 1281 4033; x_wconf 86' lang='lat' dir='ltr'><strong>Re</strong></span> <span class='ocrx_word' id='word_1_280' title='bbox 1308 3987 1453 4034; x_wconf 75' lang='lat' dir='ltr'><strong>Rust-</strong></span> 
     </span>
     <span class='ocr_line' id='line_1_48' title="bbox 392 4060 1449 4124; baseline 0.001 -15"><span class='ocrx_word' id='word_1_281' title='bbox 392 4072 459 4110; x_wconf 82' lang='lat'><strong>11.</strong></span> <span class='ocrx_word' id='word_1_282' title='bbox 484 4064 531 4108; x_wconf 84' lang='lat'><strong>1.</strong></span> <span class='ocrx_word' id='word_1_283' title='bbox 552 4064 604 4108; x_wconf 84' lang='grc'><strong>2.</strong></span> <span class='ocrx_word' id='word_1_284' title='bbox 638 4063 653 4086; x_wconf 90' lang='lat'>‘</span> <span class='ocrx_word' id='word_1_285' title='bbox 673 4062 859 4124; x_wconf 74' lang='lat' dir='ltr'><strong>Neque</strong></span> <span class='ocrx_word' id='word_1_286' title='bbox 882 4060 1068 4123; x_wconf 89' lang='lat' dir='ltr'><strong>patiar,</strong></span> <span class='ocrx_word' id='word_1_287' title='bbox 1085 4060 1329 4124; x_wconf 81' lang='lat' dir='ltr'><strong>Sibyllam</strong></span> <span class='ocrx_word' id='word_1_288' title='bbox 1353 4076 1449 4110; x_wconf 91' lang='lat' dir='ltr'><strong>non</strong></span> 
     </span>
     <span class='ocr_line' id='line_1_49' title="bbox 392 4136 1453 4202; baseline 0.003 -18"><span class='ocrx_word' id='word_1_289' title='bbox 392 4136 557 4185; x_wconf 86' lang='lat' dir='ltr'><strong>solum</strong></span> <span class='ocrx_word' id='word_1_290' title='bbox 598 4137 863 4195; x_wconf 72' lang='lat' dir='ltr'><strong>cecinisse,</strong></span> <span class='ocrx_word' id='word_1_291' title='bbox 900 4151 1036 4200; x_wconf 78' lang='lat' dir='ltr'><strong>quar,</strong></span> <span class='ocrx_word' id='word_1_292' title='bbox 1075 4136 1194 4184; x_wconf 87' lang='lat' dir='ltr'><strong>dum</strong></span> <span class='ocrx_word' id='word_1_293' title='bbox 1239 4137 1453 4202; x_wconf 83' lang='lat' dir='ltr'><strong>viveret,</strong></span> 
     </span>
     <span class='ocr_line' id='line_1_50' title="bbox 392 4211 1453 4277; baseline 0.004 -18"><span class='ocrx_word' id='word_1_294' title='bbox 392 4212 704 4275; x_wconf 74' lang='lat' dir='ltr'><strong>prodessent</strong></span> <span class='ocrx_word' id='word_1_295' title='bbox 758 4212 1078 4273; x_wconf 85' lang='lat' dir='ltr'><strong>hominibus;</strong></span> <span class='ocrx_word' id='word_1_296' title='bbox 1135 4211 1225 4261; x_wconf 89' lang='lat' dir='ltr'><strong>sed</strong></span> <span class='ocrx_word' id='word_1_297' title='bbox 1275 4215 1453 4277; x_wconf 89' lang='lat' dir='ltr'><strong>etiam,</strong></span> 
     </span>
     <span class='ocr_line' id='line_1_51' title="bbox 392 4290 1451 4354; baseline 0.006 -18"><span class='ocrx_word' id='word_1_298' title='bbox 392 4304 532 4354; x_wconf 71' lang='lat' dir='ltr'><strong>qua,</strong></span> <span class='ocrx_word' id='word_1_299' title='bbox 556 4303 671 4338; x_wconf 86' lang='lat' dir='ltr'><strong>cnm</strong></span> <span class='ocrx_word' id='word_1_300' title='bbox 708 4290 949 4354; x_wconf 82' lang='lat' dir='ltr'><strong>periisset</strong></span> <span class='ocrx_word' id='word_1_301' title='bbox 984 4291 1112 4353; x_wconf 83' lang='lat' dir='ltr'><strong>ipsa,</strong></span> <span class='ocrx_word' id='word_1_302' title='bbox 1136 4300 1189 4340; x_wconf 88' lang='lat' dir='ltr'><strong>et</strong></span> <span class='ocrx_word' id='word_1_303' title='bbox 1221 4290 1271 4340; x_wconf 91' lang='lat' dir='ltr'><strong>id</strong></span> <span class='ocrx_word' id='word_1_304' title='bbox 1296 4294 1451 4342; x_wconf 86' lang='lat' dir='ltr'><strong>etiam</strong></span> 
     </span>
    </p>
   </div>
   <div class='ocr_carea' id='block_1_3' title="bbox 1948 363 2563 432">
    <p class='ocr_par' dir='ltr' id='par_1_5' title="bbox 1948 363 2563 432">
     <span class='ocr_line' id='line_1_52' title="bbox 1948 363 2563 432; baseline 0.002 -5"><span class='ocrx_word' id='word_1_305' title='bbox 1948 382 1999 430; x_wconf 91' lang='lat'><strong>1.</strong></span> <span class='ocrx_word' id='word_1_306' title='bbox 2026 364 2134 430; x_wconf 83' lang='lat'><strong>85.</strong></span> <span class='ocrx_word' id='word_1_307' title='bbox 2386 363 2563 432; x_wconf 78' lang='lat'><strong>103⁵</strong></span> 
     </span>
    </p>
   </div>
   <div class='ocr_carea' id='block_1_4' title="bbox 1504 522 2588 4362">
    <p class='ocr_par' dir='ltr' id='par_1_6' title="bbox 1504 522 2569 1423">
     <span class='ocr_line' id='line_1_53' title="bbox 1504 522 2565 587; baseline 0.004 -14"><span class='ocrx_word' id='word_1_308' title='bbox 1504 524 1836 587; x_wconf 74' lang='lat' dir='ltr'><strong>ignotissimis</strong></span> <span class='ocrx_word' id='word_1_309' title='bbox 1854 525 2058 587; x_wconf 84' lang='lat' dir='ltr'><strong>quoque</strong></span> <span class='ocrx_word' id='word_1_310' title='bbox 2079 522 2405 573; x_wconf 77' lang='lat' dir='ltr'><strong>hominibus-⁹</strong></span> <span class='ocrx_word' id='word_1_311' title='bbox 2448 525 2565 577; x_wconf 88' lang='lat' dir='ltr'><strong>Cic.</strong></span> 
     </span>
     <span class='ocr_line' id='line_1_54' title="bbox 1506 599 2563 664; baseline 0.003 -16"><span class='ocrx_word' id='word_1_312' title='bbox 1506 600 1649 648; x_wconf 88' lang='lat' dir='ltr'><strong>Fam.</strong></span> <span class='ocrx_word' id='word_1_313' title='bbox 1686 613 1783 648; x_wconf 81' lang='lat' dir='ltr'><strong>vn.</strong></span> <span class='ocrx_word' id='word_1_314' title='bbox 1820 603 1903 648; x_wconf 81' lang='lat'><strong>25.</strong></span> <span class='ocrx_word' id='word_1_315' title='bbox 1944 599 2157 664; x_wconf 81' lang='lat' dir='ltr'><strong>‘Atque</strong></span> <span class='ocrx_word' id='word_1_316' title='bbox 2194 600 2437 663; x_wconf 86' lang='lat' dir='ltr'><strong>equidem</strong></span> <span class='ocrx_word' id='word_1_317' title='bbox 2473 602 2563 652; x_wconf 81' lang='lat' dir='ltr'><strong>sli-</strong></span> 
     </span>
     <span class='ocr_line' id='line_1_55' title="bbox 1505 677 2567 741; baseline 0.004 -17"><span class='ocrx_word' id='word_1_318' title='bbox 1505 686 1754 740; x_wconf 83' lang='lat' dir='ltr'><strong>quant&#39;um</strong></span> <span class='ocrx_word' id='word_1_319' title='bbox 1785 677 1894 741; x_wconf 89' lang='lat' dir='ltr'><strong>jam</strong></span> <span class='ocrx_word' id='word_1_320' title='bbox 1932 677 2087 726; x_wconf 89' lang='lat' dir='ltr'><strong>etiam</strong></span> <span class='ocrx_word' id='word_1_321' title='bbox 2125 677 2296 726; x_wconf 88' lang='lat' dir='ltr'><strong>noctis</strong></span> <span class='ocrx_word' id='word_1_322' title='bbox 2332 678 2567 729; x_wconf 76' lang='lat' dir='ltr'><strong>murno-⁹</strong></span> 
     </span>
     <span class='ocr_line' id='line_1_56' title="bbox 1507 751 2566 805; baseline 0.003 -3"><span class='ocrx_word' id='word_1_323' title='bbox 1507 753 1655 802; x_wconf 79' lang='lat' dir='ltr'><strong>Idem</strong></span> <span class='ocrx_word' id='word_1_324' title='bbox 1691 751 1815 802; x_wconf 87' lang='lat' dir='ltr'><strong>ibid.</strong></span> <span class='ocrx_word' id='word_1_325' title='bbox 1850 766 1930 801; x_wconf 83' lang='lat' dir='ltr'><strong>tx.</strong></span> <span class='ocrx_word' id='word_1_326' title='bbox 1953 757 2037 803; x_wconf 82' lang='grc'><strong>25.</strong></span> <span class='ocrx_word' id='word_1_327' title='bbox 2072 760 2087 782; x_wconf 83' lang='lat'>‘</span> <span class='ocrx_word' id='word_1_328' title='bbox 2112 751 2439 803; x_wconf 85' lang='lat' dir='ltr'><strong>Auctoritate</strong></span> <span class='ocrx_word' id='word_1_329' title='bbox 2475 763 2566 805; x_wconf 83' lang='lat' dir='ltr'><strong>tna</strong></span> 
     </span>
     <span class='ocr_line' id='line_1_57' title="bbox 1509 830 2564 893; baseline 0.002 -14"><span class='ocrx_word' id='word_1_330' title='bbox 1509 830 1656 879; x_wconf 86' lang='lat' dir='ltr'><strong>nobis</strong></span> <span class='ocrx_word' id='word_1_331' title='bbox 1692 841 1820 893; x_wconf 84' lang='lat' dir='ltr'><strong>opus</strong></span> <span class='ocrx_word' id='word_1_332' title='bbox 1852 837 1950 885; x_wconf 84' lang='lat' dir='ltr'><strong>est,</strong></span> <span class='ocrx_word' id='word_1_333' title='bbox 1978 835 2033 878; x_wconf 88' lang='lat' dir='ltr'><strong>et</strong></span> <span class='ocrx_word' id='word_1_334' title='bbox 2065 830 2296 891; x_wconf 85' lang='lat' dir='ltr'><strong>consilio,</strong></span> <span class='ocrx_word' id='word_1_335' title='bbox 2317 839 2371 881; x_wconf 92' lang='lat' dir='ltr'><strong>et</strong></span> <span class='ocrx_word' id='word_1_336' title='bbox 2405 831 2564 881; x_wconf 86' lang='lat' dir='ltr'><strong>etiam</strong></span> 
     </span>
     <span class='ocr_line' id='line_1_58' title="bbox 1507 906 2565 972; baseline 0.004 -16"><span class='ocrx_word' id='word_1_337' title='bbox 1507 906 1711 972; x_wconf 65' lang='lat' dir='ltr'><strong>gratia!</strong></span> <span class='ocrx_word' id='word_1_338' title='bbox 1787 907 2004 956; x_wconf 84' lang='lat' dir='ltr'><strong>Plautus</strong></span> <span class='ocrx_word' id='word_1_339' title='bbox 2042 907 2279 957; x_wconf 81' lang='lat' dir='ltr'><strong>Trinum.</strong></span> <span class='ocrx_word' id='word_1_340' title='bbox 2315 922 2367 957; x_wconf 81' lang='lat' dir='ltr'><strong>v.</strong></span> <span class='ocrx_word' id='word_1_341' title='bbox 2398 914 2447 959; x_wconf 85' lang='lat'><strong>2.</strong></span> <span class='ocrx_word' id='word_1_342' title='bbox 2482 914 2565 960; x_wconf 83' lang='lat'><strong>59.</strong></span> 
     </span>
     <span class='ocr_line' id='line_1_59' title="bbox 1506 985 2565 1051; baseline 0 -16"><span class='ocrx_word' id='word_1_343' title='bbox 1506 994 1523 1016; x_wconf 82' lang='lat'><strong><em>‘</em></strong></span> <span class='ocrx_word' id='word_1_344' title='bbox 1543 988 1654 1051; x_wconf 78' lang='lat' dir='ltr'><strong>Ego</strong></span> <span class='ocrx_word' id='word_1_345' title='bbox 1673 985 1875 1047; x_wconf 85' lang='lat' dir='ltr'><strong>ducam,</strong></span> <span class='ocrx_word' id='word_1_346' title='bbox 1896 993 2073 1047; x_wconf 80' lang='lat' dir='ltr'><strong>pater3</strong></span> <span class='ocrx_word' id='word_1_347' title='bbox 2111 987 2264 1033; x_wconf 86' lang='lat' dir='ltr'><strong>etiam</strong></span> <span class='ocrx_word' id='word_1_348' title='bbox 2283 992 2338 1033; x_wconf 93' lang='lat' dir='ltr'><strong>et</strong></span> <span class='ocrx_word' id='word_1_349' title='bbox 2355 986 2565 1049; x_wconf 83' lang='lat' dir='ltr'><strong>siquam</strong></span> 
     </span>
     <span class='ocr_line' id='line_1_60' title="bbox 1507 1060 2567 1126; baseline 0 -14"><span class='ocrx_word' id='word_1_350' title='bbox 1507 1063 1655 1112; x_wconf 87' lang='lat' dir='ltr'><strong>aliam</strong></span> <span class='ocrx_word' id='word_1_351' title='bbox 1672 1060 1916 1126; x_wconf 83' lang='lat' dir='ltr'><strong>jubebis.&#39;</strong></span> <span class='ocrx_word' id='word_1_352' title='bbox 1984 1061 2097 1111; x_wconf 80' lang='lat' dir='ltr'><strong>Hoc</strong></span> <span class='ocrx_word' id='word_1_353' title='bbox 2120 1076 2243 1124; x_wconf 80' lang='lat' dir='ltr'><strong>ergo</strong></span> <span class='ocrx_word' id='word_1_354' title='bbox 2269 1063 2319 1111; x_wconf 91' lang='lat' dir='ltr'><strong>in</strong></span> <span class='ocrx_word' id='word_1_355' title='bbox 2347 1062 2457 1113; x_wconf 89' lang='lat' dir='ltr'><strong>loco</strong></span> <span class='ocrx_word' id='word_1_356' title='bbox 2478 1078 2567 1112; x_wconf 83' lang='lat' dir='ltr'><strong>ex·</strong></span> 
     </span>
     <span class='ocr_line' id='line_1_61' title="bbox 1507 1139 2569 1205; baseline -0.002 -13"><span class='ocrx_word' id='word_1_357' title='bbox 1507 1141 1697 1201; x_wconf 89' lang='lat' dir='ltr'><strong>istimo,</strong></span> <span class='ocrx_word' id='word_1_358' title='bbox 1736 1139 2038 1203; x_wconf 82' lang='lat' dir='ltr'><strong>particulam</strong></span> <span class='ocrx_word' id='word_1_359' title='bbox 2082 1141 2243 1196; x_wconf 79' lang='lat' dir='ltr'><strong>etiam,</strong></span> <span class='ocrx_word' id='word_1_360' title='bbox 2283 1149 2429 1190; x_wconf 87' lang='lat' dir='ltr'><strong>recte</strong></span> <span class='ocrx_word' id='word_1_361' title='bbox 2475 1155 2569 1205; x_wconf 89' lang='lat' dir='ltr'><strong>per</strong></span> 
     </span>
     <span class='ocr_line' id='line_1_62' title="bbox 1510 1217 2565 1283; baseline 0.001 -16"><span class='ocrx_word' id='word_1_362' title='bbox 1510 1227 1524 1249; x_wconf 75' lang='lat'>⁸</span> <span class='ocrx_word' id='word_1_363' title='bbox 1543 1217 1834 1283; x_wconf 72' lang='lat' dir='ltr'><strong>praeterea‚&#39;</strong></span> <span class='ocrx_word' id='word_1_364' title='bbox 1855 1218 2104 1281; x_wconf 85' lang='lat' dir='ltr'><strong>explicari</strong></span> <span class='ocrx_word' id='word_1_365' title='bbox 2126 1231 2271 1281; x_wconf 82' lang='lat' dir='ltr'><strong>posse</strong></span> <span class='ocrx_word' id='word_1_366' title='bbox 2290 1234 2306 1278; x_wconf 89' lang='grc'><strong>;</strong></span> <span class='ocrx_word' id='word_1_367' title='bbox 2327 1224 2373 1267; x_wconf 81' lang='lat' dir='ltr'><strong>et</strong></span> <span class='ocrx_word' id='word_1_368' title='bbox 2391 1227 2565 1268; x_wconf 82' lang='lat' dir='ltr'><strong>autem</strong></span> 
     </span>
     <span class='ocr_line' id='line_1_63' title="bbox 1509 1296 2568 1360; baseline -0.001 -14"><span class='ocrx_word' id='word_1_369' title='bbox 1509 1298 1624 1359; x_wconf 86' lang='lat' dir='ltr'><strong>ejus</strong></span> <span class='ocrx_word' id='word_1_370' title='bbox 1668 1296 1891 1347; x_wconf 88' lang='lat' dir='ltr'><strong>notionis</strong></span> <span class='ocrx_word' id='word_1_371' title='bbox 1935 1296 2034 1344; x_wconf 81' lang='lat' dir='ltr'><strong>vim</strong></span> <span class='ocrx_word' id='word_1_372' title='bbox 2078 1296 2240 1360; x_wconf 82' lang='lat' dir='ltr'><strong>magis</strong></span> <span class='ocrx_word' id='word_1_373' title='bbox 2279 1296 2568 1346; x_wconf 77' lang='lat' dir='ltr'><strong>intendere.</strong></span> 
     </span>
     <span class='ocr_line' id='line_1_64' title="bbox 1509 1374 1750 1423; baseline -0.008 0"><span class='ocrx_word' id='word_1_374' title='bbox 1509 1374 1750 1423; x_wconf 64' lang='lat' dir='ltr'><strong>Schmun.</strong></span> 
     </span>
    </p>

    <p class='ocr_par' dir='ltr' id='par_1_7' title="bbox 1509 1446 2569 1577">
     <span class='ocr_line' id='line_1_65' title="bbox 1575 1446 2569 1511; baseline -0.001 -13"><span class='ocrx_word' id='word_1_375' title='bbox 1575 1452 1690 1498; x_wconf 72' lang='lat' dir='ltr'><strong>dam</strong></span> <span class='ocrx_word' id='word_1_376' title='bbox 1726 1448 1895 1511; x_wconf 78' lang='lat' dir='ltr'><strong>etiam]</strong></span> <span class='ocrx_word' id='word_1_377' title='bbox 1946 1448 2099 1498; x_wconf 82' lang='lat' dir='ltr'><strong>Forte</strong></span> <span class='ocrx_word' id='word_1_378' title='bbox 2138 1446 2434 1498; x_wconf 90' lang='lat' dir='ltr'><strong>delendum.</strong></span> <span class='ocrx_word' id='word_1_379' title='bbox 2482 1448 2569 1497; x_wconf 82' lang='lat' dir='ltr'><strong>Li-</strong></span> 
     </span>
     <span class='ocr_line' id='line_1_66' title="bbox 1509 1542 1608 1577; baseline -0.01 -1"><span class='ocrx_word' id='word_1_380' title='bbox 1509 1542 1608 1577; x_wconf 75' lang='lat' dir='ltr'><strong>ctu.</strong></span> 
     </span>
    </p>

    <p class='ocr_par' dir='ltr' id='par_1_8' title="bbox 1511 1601 2572 1807">
     <span class='ocr_line' id='line_1_67' title="bbox 1577 1601 2572 1666; baseline 0 -13"><span class='ocrx_word' id='word_1_381' title='bbox 1577 1605 1799 1653; x_wconf 75' lang='lat' dir='ltr'><strong>Priscum</strong></span> <span class='ocrx_word' id='word_1_382' title='bbox 1831 1604 2101 1653; x_wconf 73' lang='lat' dir='ltr'><strong>mortalium</strong></span> <span class='ocrx_word' id='word_1_383' title='bbox 2138 1601 2330 1666; x_wconf 73' lang='grc' dir='ltr'><strong>ὀοπαηι]</strong></span> <span class='ocrx_word' id='word_1_384' title='bbox 2371 1602 2572 1653; x_wconf 85' lang='lat' dir='ltr'><strong>Valeri·</strong></span> 
     </span>
     <span class='ocr_line' id='line_1_68' title="bbox 1511 1679 2572 1743; baseline 0 -14"><span class='ocrx_word' id='word_1_385' title='bbox 1511 1696 1595 1729; x_wconf 91' lang='lat' dir='ltr'><strong>um</strong></span> <span class='ocrx_word' id='word_1_386' title='bbox 1618 1682 1718 1743; x_wconf 86' lang='lat' dir='ltr'><strong>adi,</strong></span> <span class='ocrx_word' id='word_1_387' title='bbox 1740 1695 1817 1730; x_wconf 82' lang='lat' dir='ltr'><strong>tv.</strong></span> <span class='ocrx_word' id='word_1_388' title='bbox 1835 1685 1884 1730; x_wconf 90' lang='grc'><strong>7.</strong></span> <span class='ocrx_word' id='word_1_389' title='bbox 1942 1681 2245 1730; x_wconf 87' lang='lat' dir='ltr'><strong>Ciceronem</strong></span> <span class='ocrx_word' id='word_1_390' title='bbox 2269 1680 2335 1729; x_wconf 90' lang='lat' dir='ltr'><strong>de</strong></span> <span class='ocrx_word' id='word_1_391' title='bbox 2358 1679 2572 1732; x_wconf 83' lang='lat' dir='ltr'><strong>Amicit.</strong></span> 
     </span>
     <span class='ocr_line' id='line_1_69' title="bbox 1511 1756 2043 1807; baseline -0.006 0"><span class='ocrx_word' id='word_1_392' title='bbox 1511 1765 1567 1807; x_wconf 83' lang='lat' dir='ltr'><strong>et</strong></span> <span class='ocrx_word' id='word_1_393' title='bbox 1588 1756 1856 1806; x_wconf 75' lang='lat' dir='ltr'><strong>Senecam.</strong></span> <span class='ocrx_word' id='word_1_394' title='bbox 1890 1757 2043 1805; x_wconf 81' lang='lat' dir='ltr'><strong>Rern.</strong></span> 
     </span>
    </p>

    <p class='ocr_par' dir='ltr' id='par_1_9' title="bbox 1510 1830 2586 3353">
     <span class='ocr_line' id='line_1_70' title="bbox 1581 1830 2574 1894; baseline -0.001 -12"><span class='ocrx_word' id='word_1_395' title='bbox 1581 1834 1798 1882; x_wconf 78' lang='lat' dir='ltr'><strong>Priscum</strong></span> <span class='ocrx_word' id='word_1_396' title='bbox 1835 1833 2102 1881; x_wconf 76' lang='lat' dir='ltr'><strong>mortalium</strong></span> <span class='ocrx_word' id='word_1_397' title='bbox 2143 1830 2335 1894; x_wconf 78' lang='lat' dir='ltr'><strong>bonurn]</strong></span> <span class='ocrx_word' id='word_1_398' title='bbox 2382 1831 2446 1880; x_wconf 86' lang='lat' dir='ltr'><strong>In</strong></span> <span class='ocrx_word' id='word_1_399' title='bbox 2484 1832 2574 1881; x_wconf 84' lang='lat' dir='ltr'><strong>tri·</strong></span> 
     </span>
     <span class='ocr_line' id='line_1_71' title="bbox 1510 1909 2578 1972; baseline -0.003 -13"><span class='ocrx_word' id='word_1_400' title='bbox 1510 1910 1605 1959; x_wconf 80' lang='lat' dir='ltr'><strong>bus</strong></span> <span class='ocrx_word' id='word_1_401' title='bbox 1631 1910 1897 1959; x_wconf 85' lang='lat' dir='ltr'><strong>codicibus</strong></span> <span class='ocrx_word' id='word_1_402' title='bbox 1922 1909 2204 1970; x_wconf 72' lang='lat' dir='ltr'><strong>Vaticanis,</strong></span> <span class='ocrx_word' id='word_1_403' title='bbox 2222 1922 2405 1972; x_wconf 87' lang='lat' dir='ltr'><strong>nempe</strong></span> <span class='ocrx_word' id='word_1_404' title='bbox 2428 1911 2578 1958; x_wconf 72' lang='grc'><strong>3461.</strong></span> 
     </span>
     <span class='ocr_line' id='line_1_72' title="bbox 1513 1984 2575 2049; baseline 0 -15"><span class='ocrx_word' id='word_1_405' title='bbox 1513 1989 1658 2035; x_wconf 86' lang='grc'><strong>1776.</strong></span> <span class='ocrx_word' id='word_1_406' title='bbox 1693 1995 1743 2035; x_wconf 88' lang='lat' dir='ltr'><strong>et</strong></span> <span class='ocrx_word' id='word_1_407' title='bbox 1776 1989 1920 2036; x_wconf 79' lang='grc'><strong>1475.</strong></span> <span class='ocrx_word' id='word_1_408' title='bbox 1954 1986 2079 2035; x_wconf 89' lang='lat' dir='ltr'><strong>item</strong></span> <span class='ocrx_word' id='word_1_409' title='bbox 2116 1986 2249 2035; x_wconf 88' lang='lat' dir='ltr'><strong>etin</strong></span> <span class='ocrx_word' id='word_1_410' title='bbox 2284 1984 2575 2049; x_wconf 80' lang='lat' dir='ltr'><strong>Gnelplier·</strong></span> 
     </span>
     <span class='ocr_line' id='line_1_73' title="bbox 1512 2062 2574 2129; baseline 0 -16"><span class='ocrx_word' id='word_1_411' title='bbox 1512 2062 1725 2126; x_wconf 75' lang='lat' dir='ltr'><strong>bytano,</strong></span> <span class='ocrx_word' id='word_1_412' title='bbox 1750 2065 1944 2127; x_wconf 85' lang='lat' dir='ltr'><strong>legitur</strong></span> <span class='ocrx_word' id='word_1_413' title='bbox 1964 2064 2256 2126; x_wconf 72' lang='lat' dir='ltr'><strong>priscorum5</strong></span> <span class='ocrx_word' id='word_1_414' title='bbox 2289 2062 2423 2129; x_wconf 86' lang='lat' dir='ltr'><strong>quod</strong></span> <span class='ocrx_word' id='word_1_415' title='bbox 2450 2063 2574 2128; x_wconf 79' lang='lat' dir='ltr'><strong>quin</strong></span> 
     </span>
     <span class='ocr_line' id='line_1_74' title="bbox 1513 2139 2574 2205; baseline 0.001 -17"><span class='ocrx_word' id='word_1_416' title='bbox 1513 2140 1847 2205; x_wconf 87' lang='lat' dir='ltr'><strong>prodiderim,</strong></span> <span class='ocrx_word' id='word_1_417' title='bbox 1864 2155 2044 2202; x_wconf 86' lang='lat' dir='ltr'><strong>parum</strong></span> <span class='ocrx_word' id='word_1_418' title='bbox 2063 2139 2248 2189; x_wconf 82' lang='lat' dir='ltr'><strong>abfuit.</strong></span> <span class='ocrx_word' id='word_1_419' title='bbox 2290 2139 2479 2205; x_wconf 83' lang='lat' dir='ltr'><strong>Neque</strong></span> <span class='ocrx_word' id='word_1_420' title='bbox 2497 2148 2574 2189; x_wconf 83' lang='lat' dir='ltr'><strong>ta-</strong></span> 
     </span>
     <span class='ocr_line' id='line_1_75' title="bbox 1510 2214 2575 2266; baseline -0.001 0"><span class='ocrx_word' id='word_1_421' title='bbox 1510 2230 1628 2266; x_wconf 85' lang='lat' dir='ltr'><strong>men</strong></span> <span class='ocrx_word' id='word_1_422' title='bbox 1653 2218 2009 2266; x_wconf 82' lang='lat' dir='ltr'><strong>necessitatem</strong></span> <span class='ocrx_word' id='word_1_423' title='bbox 2042 2216 2400 2266; x_wconf 80' lang='lat' dir='ltr'><strong>animadverto</strong></span> <span class='ocrx_word' id='word_1_424' title='bbox 2430 2214 2575 2265; x_wconf 85' lang='lat' dir='ltr'><strong>dam·</strong></span> 
     </span>
     <span class='ocr_line' id='line_1_76' title="bbox 1516 2292 2578 2356; baseline -0.003 -12"><span class='ocrx_word' id='word_1_425' title='bbox 1516 2293 1699 2345; x_wconf 76' lang='lat' dir='ltr'><strong>nandae</strong></span> <span class='ocrx_word' id='word_1_426' title='bbox 1732 2297 1956 2356; x_wconf 68' lang='lat' dir='ltr'><strong>vulgatae</strong></span> <span class='ocrx_word' id='word_1_427' title='bbox 1994 2294 2248 2342; x_wconf 90' lang='lat' dir='ltr'><strong>lectionis.</strong></span> <span class='ocrx_word' id='word_1_428' title='bbox 2313 2292 2387 2342; x_wconf 90' lang='lat' dir='ltr'><strong>At</strong></span> <span class='ocrx_word' id='word_1_429' title='bbox 2409 2293 2578 2342; x_wconf 86' lang='lat' dir='ltr'><strong>minus</strong></span> 
     </span>
     <span class='ocr_line' id='line_1_77' title="bbox 1515 2369 2577 2434; baseline -0.001 -15"><span class='ocrx_word' id='word_1_430' title='bbox 1515 2371 1714 2434; x_wconf 85' lang='lat' dir='ltr'><strong>placet,</strong></span> <span class='ocrx_word' id='word_1_431' title='bbox 1738 2369 1873 2433; x_wconf 89' lang='lat' dir='ltr'><strong>quod</strong></span> <span class='ocrx_word' id='word_1_432' title='bbox 1911 2370 1962 2418; x_wconf 91' lang='lat' dir='ltr'><strong>in</strong></span> <span class='ocrx_word' id='word_1_433' title='bbox 1995 2369 2249 2419; x_wconf 85' lang='lat' dir='ltr'><strong>Vaticano</strong></span> <span class='ocrx_word' id='word_1_434' title='bbox 2279 2372 2426 2420; x_wconf 72' lang='grc'><strong>3461.</strong></span> <span class='ocrx_word' id='word_1_435' title='bbox 2457 2370 2577 2418; x_wconf 81' lang='lat' dir='ltr'><strong>asni-</strong></span> 
     </span>
     <span class='ocr_line' id='line_1_78' title="bbox 1513 2446 2578 2511; baseline 0 -15"><span class='ocrx_word' id='word_1_436' title='bbox 1513 2448 1644 2497; x_wconf 77' lang='lat' dir='ltr'><strong>ct&#39;tiae</strong></span> <span class='ocrx_word' id='word_1_437' title='bbox 1666 2447 1912 2511; x_wconf 87' lang='lat' dir='ltr'><strong>scriptum</strong></span> <span class='ocrx_word' id='word_1_438' title='bbox 1939 2457 2018 2496; x_wconf 84' lang='lat' dir='ltr'><strong>est</strong></span> <span class='ocrx_word' id='word_1_439' title='bbox 2053 2461 2145 2510; x_wconf 89' lang='lat' dir='ltr'><strong>pro</strong></span> <span class='ocrx_word' id='word_1_440' title='bbox 2168 2447 2396 2496; x_wconf 76' lang='lat' dir='ltr'><strong>amicitia.</strong></span> <span class='ocrx_word' id='word_1_441' title='bbox 2464 2446 2578 2496; x_wconf 81' lang='lat' dir='ltr'><strong>cic.</strong></span> 
     </span>
     <span class='ocr_line' id='line_1_79' title="bbox 1517 2523 2580 2587; baseline -0.002 -11"><span class='ocrx_word' id='word_1_442' title='bbox 1517 2526 1694 2582; x_wconf 78' lang='lat' dir='ltr'><strong>Laelio,</strong></span> <span class='ocrx_word' id='word_1_443' title='bbox 1712 2542 1759 2577; x_wconf 91' lang='lat' dir='ltr'><strong>c.</strong></span> <span class='ocrx_word' id='word_1_444' title='bbox 1777 2530 1827 2575; x_wconf 90' lang='grc'><strong>6.</strong></span> <span class='ocrx_word' id='word_1_445' title='bbox 1850 2525 1914 2575; x_wconf 93' lang='lat' dir='ltr'><strong>de</strong></span> <span class='ocrx_word' id='word_1_446' title='bbox 1935 2525 2207 2574; x_wconf 81' lang='lat' dir='ltr'><strong>Amicitia:</strong></span> <span class='ocrx_word' id='word_1_447' title='bbox 2240 2529 2256 2554; x_wconf 78' lang='lat'>⁸</span> <span class='ocrx_word' id='word_1_448' title='bbox 2280 2523 2431 2573; x_wconf 80' lang='lat' dir='ltr'><strong>Haud</strong></span> <span class='ocrx_word' id='word_1_449' title='bbox 2451 2525 2580 2587; x_wconf 87' lang='lat' dir='ltr'><strong>scio,</strong></span> 
     </span>
     <span class='ocr_line' id='line_1_80' title="bbox 1517 2600 2580 2666; baseline -0.001 -15"><span class='ocrx_word' id='word_1_450' title='bbox 1517 2617 1600 2662; x_wconf 88' lang='lat' dir='ltr'><strong>an,</strong></span> <span class='ocrx_word' id='word_1_451' title='bbox 1635 2609 1861 2665; x_wconf 82' lang='lat' dir='ltr'><strong>excepta</strong></span> <span class='ocrx_word' id='word_1_452' title='bbox 1898 2602 2171 2665; x_wconf 82' lang='lat' dir='ltr'><strong>sapientia,</strong></span> <span class='ocrx_word' id='word_1_453' title='bbox 2204 2600 2480 2666; x_wconf 81' lang='lat' dir='ltr'><strong>quidquam</strong></span> <span class='ocrx_word' id='word_1_454' title='bbox 2512 2600 2580 2650; x_wconf 86' lang='lat' dir='ltr'><strong>sit</strong></span> 
     </span>
     <span class='ocr_line' id='line_1_81' title="bbox 1518 2675 2578 2728; baseline -0.001 -2"><span class='ocrx_word' id='word_1_455' title='bbox 1518 2679 1709 2728; x_wconf 83' lang='lat' dir='ltr'><strong>homini</strong></span> <span class='ocrx_word' id='word_1_456' title='bbox 1753 2680 1931 2727; x_wconf 90' lang='lat' dir='ltr'><strong>melius</strong></span> <span class='ocrx_word' id='word_1_457' title='bbox 1974 2694 2004 2727; x_wconf 88' lang='lat' dir='ltr'><strong>a</strong></span> <span class='ocrx_word' id='word_1_458' title='bbox 2045 2679 2157 2726; x_wconf 86' lang='lat' dir='ltr'><strong>Diis</strong></span> <span class='ocrx_word' id='word_1_459' title='bbox 2200 2675 2578 2727; x_wconf 74' lang='lat' dir='ltr'><strong>immortalibus</strong></span> 
     </span>
     <span class='ocr_line' id='line_1_82' title="bbox 1518 2752 2579 2816; baseline 0 -15"><span class='ocrx_word' id='word_1_460' title='bbox 1518 2754 1736 2805; x_wconf 87' lang='lat' dir='ltr'><strong>datum.&#39;</strong></span> <span class='ocrx_word' id='word_1_461' title='bbox 1824 2753 1992 2803; x_wconf 86' lang='lat' dir='ltr'><strong>Galba</strong></span> <span class='ocrx_word' id='word_1_462' title='bbox 2039 2754 2103 2802; x_wconf 89' lang='lat' dir='ltr'><strong>ad</strong></span> <span class='ocrx_word' id='word_1_463' title='bbox 2151 2754 2394 2803; x_wconf 83' lang='lat' dir='ltr'><strong>Pisonem</strong></span> <span class='ocrx_word' id='word_1_464' title='bbox 2440 2752 2579 2816; x_wconf 85' lang='lat' dir='ltr'><strong>apud</strong></span> 
     </span>
     <span class='ocr_line' id='line_1_83' title="bbox 1517 2830 2581 2892; baseline -0.005 -10"><span class='ocrx_word' id='word_1_465' title='bbox 1517 2832 1689 2882; x_wconf 85' lang='lat' dir='ltr'><strong>Tacit.</strong></span> <span class='ocrx_word' id='word_1_466' title='bbox 1719 2846 1756 2881; x_wconf 85' lang='grc' dir='ltr'><strong>ι.</strong></span> <span class='ocrx_word' id='word_1_467' title='bbox 1788 2836 1865 2880; x_wconf 77' lang='grc'><strong>15.</strong></span> <span class='ocrx_word' id='word_1_468' title='bbox 1898 2838 1912 2860; x_wconf 82' lang='grc'><em>·</em></span> <span class='ocrx_word' id='word_1_469' title='bbox 1941 2830 2139 2892; x_wconf 80' lang='lat' dir='ltr'><strong>Fidem,</strong></span> <span class='ocrx_word' id='word_1_470' title='bbox 2175 2830 2493 2890; x_wconf 83' lang='lat' dir='ltr'><strong>libertatem,</strong></span> <span class='ocrx_word' id='word_1_471' title='bbox 2526 2843 2581 2878; x_wconf 87' lang='lat' dir='ltr'><strong>a·</strong></span> 
     </span>
     <span class='ocr_line' id='line_1_84' title="bbox 1519 2904 2583 2971; baseline -0.003 -14"><span class='ocrx_word' id='word_1_472' title='bbox 1519 2910 1784 2970; x_wconf 84' lang='lat' dir='ltr'><strong>micitiam,</strong></span> <span class='ocrx_word' id='word_1_473' title='bbox 1805 2908 2070 2971; x_wconf 82' lang='lat' dir='ltr'><strong>praecipua</strong></span> <span class='ocrx_word' id='word_1_474' title='bbox 2089 2906 2291 2955; x_wconf 78' lang='lat' dir='ltr'><strong>numani</strong></span> <span class='ocrx_word' id='word_1_475' title='bbox 2314 2906 2468 2955; x_wconf 87' lang='lat' dir='ltr'><strong>animi</strong></span> <span class='ocrx_word' id='word_1_476' title='bbox 2491 2904 2583 2954; x_wconf 87' lang='lat' dir='ltr'><strong>bo·</strong></span> 
     </span>
     <span class='ocr_line' id='line_1_85' title="bbox 1522 2982 2583 3048; baseline -0.002 -15"><span class='ocrx_word' id='word_1_477' title='bbox 1522 3001 1607 3045; x_wconf 90' lang='lat' dir='ltr'><strong>na,</strong></span> <span class='ocrx_word' id='word_1_478' title='bbox 1630 2994 1686 3034; x_wconf 89' lang='lat' dir='ltr'><strong>tu</strong></span> <span class='ocrx_word' id='word_1_479' title='bbox 1710 2984 1914 3048; x_wconf 82' lang='lat' dir='ltr'><strong>quidem</strong></span> <span class='ocrx_word' id='word_1_480' title='bbox 1940 2983 2119 3031; x_wconf 88' lang='lat' dir='ltr'><strong>eadem</strong></span> <span class='ocrx_word' id='word_1_481' title='bbox 2145 2982 2432 3031; x_wconf 81' lang='lat' dir='ltr'><strong>constantia</strong></span> <span class='ocrx_word' id='word_1_482' title='bbox 2458 2983 2583 3032; x_wconf 90' lang='lat' dir='ltr'><strong>reti·</strong></span> 
     </span>
     <span class='ocr_line' id='line_1_86' title="bbox 1520 3056 2582 3120; baseline -0.004 -10"><span class='ocrx_word' id='word_1_483' title='bbox 1520 3061 1702 3120; x_wconf 87' lang='lat' dir='ltr'><strong>nebis;</strong></span> <span class='ocrx_word' id='word_1_484' title='bbox 1738 3059 1825 3107; x_wconf 83' lang='lat' dir='ltr'><strong>sed</strong></span> <span class='ocrx_word' id='word_1_485' title='bbox 1857 3059 1939 3107; x_wconf 91' lang='lat' dir='ltr'><strong>alii</strong></span> <span class='ocrx_word' id='word_1_486' title='bbox 1968 3073 2060 3120; x_wconf 85' lang='lat' dir='ltr'><strong>per</strong></span> <span class='ocrx_word' id='word_1_487' title='bbox 2087 3056 2388 3120; x_wconf 86' lang='lat' dir='ltr'><strong>obsequium</strong></span> <span class='ocrx_word' id='word_1_488' title='bbox 2416 3056 2582 3106; x_wconf 88' lang='lat' dir='ltr'><strong>immi·</strong></span> 
     </span>
     <span class='ocr_line' id='line_1_87' title="bbox 1523 3132 2586 3198; baseline -0.005 -12"><span class='ocrx_word' id='word_1_489' title='bbox 1523 3144 1701 3186; x_wconf 89' lang='lat' dir='ltr'><strong>nuent.</strong></span> <span class='ocrx_word' id='word_1_490' title='bbox 1748 3135 2011 3198; x_wconf 85' lang='lat' dir='ltr'><strong>Irrumpet</strong></span> <span class='ocrx_word' id='word_1_491' title='bbox 2030 3134 2276 3194; x_wconf 87' lang='lat' dir='ltr'><strong>adulatio,</strong></span> <span class='ocrx_word' id='word_1_492' title='bbox 2298 3132 2586 3193; x_wconf 74' lang='lat' dir='ltr'><strong>blanditiae,</strong></span> 
     </span>
     <span class='ocr_line' id='line_1_88' title="bbox 1523 3208 2584 3279; baseline -0.006 -16"><span class='ocrx_word' id='word_1_493' title='bbox 1523 3216 1797 3279; x_wconf 87' lang='lat' dir='ltr'><strong>pessimum</strong></span> <span class='ocrx_word' id='word_1_494' title='bbox 1823 3213 1931 3260; x_wconf 86' lang='lat' dir='ltr'><strong>veri</strong></span> <span class='ocrx_word' id='word_1_495' title='bbox 1955 3208 2170 3260; x_wconf 82' lang='lat' dir='ltr'><strong>affectus</strong></span> <span class='ocrx_word' id='word_1_496' title='bbox 2195 3222 2466 3264; x_wconf 82' lang='lat' dir='ltr'><strong>venenum,</strong></span> <span class='ocrx_word' id='word_1_497' title='bbox 2489 3222 2584 3258; x_wconf 81' lang='lat' dir='ltr'><strong>sua</strong></span> 
     </span>
     <span class='ocr_line' id='line_1_89' title="bbox 1521 3288 2237 3353; baseline -0.006 -11"><span class='ocrx_word' id='word_1_498' title='bbox 1521 3293 1709 3353; x_wconf 88' lang='lat' dir='ltr'><strong>cuique</strong></span> <span class='ocrx_word' id='word_1_499' title='bbox 1733 3288 1966 3340; x_wconf 83' lang='lat' dir='ltr'><strong>utilitas.&#39;</strong></span> <span class='ocrx_word' id='word_1_500' title='bbox 1996 3288 2237 3338; x_wconf 67' lang='lat' dir='ltr'><strong>Schmun.</strong></span> 
     </span>
    </p>

    <p class='ocr_par' dir='ltr' id='par_1_10' title="bbox 1524 3364 2587 3733">
     <span class='ocr_line' id='line_1_90' title="bbox 1590 3364 2587 3432; baseline -0.003 -14"><span class='ocrx_word' id='word_1_501' title='bbox 1590 3368 1803 3431; x_wconf 72' lang='lat' dir='ltr'><strong>Bonam]</strong></span> <span class='ocrx_word' id='word_1_502' title='bbox 1837 3369 1903 3416; x_wconf 85' lang='lat' dir='ltr'><strong>Et</strong></span> <span class='ocrx_word' id='word_1_503' title='bbox 1933 3367 2205 3415; x_wconf 82' lang='lat' dir='ltr'><strong>maximum</strong></span> <span class='ocrx_word' id='word_1_504' title='bbox 2229 3364 2469 3432; x_wconf 87' lang='lat' dir='ltr'><strong>quidem;</strong></span> <span class='ocrx_word' id='word_1_505' title='bbox 2502 3371 2587 3416; x_wconf 85' lang='lat' dir='ltr'><strong>est</strong></span> 
     </span>
     <span class='ocr_line' id='line_1_91' title="bbox 1524 3443 2587 3511; baseline -0.005 -13"><span class='ocrx_word' id='word_1_506' title='bbox 1524 3449 1684 3511; x_wconf 88' lang='lat' dir='ltr'><strong>enim,</strong></span> <span class='ocrx_word' id='word_1_507' title='bbox 1702 3457 1834 3498; x_wconf 84' lang='lat' dir='ltr'><strong>teste</strong></span> <span class='ocrx_word' id='word_1_508' title='bbox 1858 3448 2112 3497; x_wconf 88' lang='lat' dir='ltr'><strong>Cicerone</strong></span> <span class='ocrx_word' id='word_1_509' title='bbox 2133 3446 2183 3495; x_wconf 93' lang='lat' dir='ltr'><strong>in</strong></span> <span class='ocrx_word' id='word_1_510' title='bbox 2208 3445 2388 3507; x_wconf 82' lang='lat' dir='ltr'><strong>Laelio,</strong></span> <span class='ocrx_word' id='word_1_511' title='bbox 2410 3443 2427 3471; x_wconf 87' lang='lat'>‘</span> <span class='ocrx_word' id='word_1_512' title='bbox 2443 3444 2587 3494; x_wconf 80' lang='lat' dir='ltr'><strong>Nihil</strong></span> 
     </span>
     <span class='ocr_line' id='line_1_92' title="bbox 1526 3524 2585 3589; baseline -0.004 -13"><span class='ocrx_word' id='word_1_513' title='bbox 1526 3527 1685 3589; x_wconf 87' lang='lat' dir='ltr'><strong>aliud,</strong></span> <span class='ocrx_word' id='word_1_514' title='bbox 1707 3526 1802 3576; x_wconf 86' lang='lat' dir='ltr'><strong>nisi</strong></span> <span class='ocrx_word' id='word_1_515' title='bbox 1840 3528 2126 3575; x_wconf 84' lang='lat' dir='ltr'><strong>divinarum</strong></span> <span class='ocrx_word' id='word_1_516' title='bbox 2155 3524 2376 3573; x_wconf 88' lang='lat' dir='ltr'><strong>omnium</strong></span> <span class='ocrx_word' id='word_1_517' title='bbox 2406 3524 2585 3573; x_wconf 86' lang='lat' dir='ltr'><strong>huma·</strong></span> 
     </span>
     <span class='ocr_line' id='line_1_93' title="bbox 1526 3601 2587 3667; baseline -0.003 -14"><span class='ocrx_word' id='word_1_518' title='bbox 1526 3616 1807 3667; x_wconf 81' lang='lat' dir='ltr'><strong>natumque</strong></span> <span class='ocrx_word' id='word_1_519' title='bbox 1827 3616 1994 3650; x_wconf 90' lang='lat' dir='ltr'><strong>rerum</strong></span> <span class='ocrx_word' id='word_1_520' title='bbox 2013 3615 2126 3650; x_wconf 89' lang='lat' dir='ltr'><strong>cum</strong></span> <span class='ocrx_word' id='word_1_521' title='bbox 2148 3601 2509 3650; x_wconf 78' lang='lat' dir='ltr'><strong>benevolentia</strong></span> <span class='ocrx_word' id='word_1_522' title='bbox 2529 3608 2587 3650; x_wconf 82' lang='lat' dir='ltr'><strong>et</strong></span> 
     </span>
     <span class='ocr_line' id='line_1_94' title="bbox 1527 3677 2539 3733; baseline -0.008 0"><span class='ocrx_word' id='word_1_523' title='bbox 1527 3685 1746 3733; x_wconf 84' lang='lat' dir='ltr'><strong>caritate</strong></span> <span class='ocrx_word' id='word_1_524' title='bbox 1771 3694 1962 3728; x_wconf 90' lang='lat' dir='ltr'><strong>summa</strong></span> <span class='ocrx_word' id='word_1_525' title='bbox 1986 3677 2290 3729; x_wconf 65' lang='lat' dir='ltr'><strong>consensio!</strong></span> <span class='ocrx_word' id='word_1_526' title='bbox 2322 3677 2539 3728; x_wconf 75' lang='lat' dir='ltr'><strong>parm-01.</strong></span> 
     </span>
    </p>

    <p class='ocr_par' dir='ltr' id='par_1_11' title="bbox 1529 3756 2588 3887">
     <span class='ocr_line' id='line_1_95' title="bbox 1593 3756 2588 3822; baseline -0.005 -13"><span class='ocrx_word' id='word_1_527' title='bbox 1593 3756 1950 3822; x_wconf 74' lang='lat' dir='ltr'><strong>Migrucerunt]</strong></span> <span class='ocrx_word' id='word_1_528' title='bbox 1986 3758 2162 3814; x_wconf 82' lang='lat' dir='ltr'><strong>Forte.</strong></span> <span class='ocrx_word' id='word_1_529' title='bbox 2184 3757 2588 3817; x_wconf 65' lang='lat' dir='ltr'><strong>immigraret-ant.</strong></span> 
     </span>
     <span class='ocr_line' id='line_1_96' title="bbox 1529 3838 1695 3887; baseline -0.012 0"><span class='ocrx_word' id='word_1_530' title='bbox 1529 3838 1695 3887; x_wconf 71' lang='lat' dir='ltr'><strong>Livin-</strong></span> 
     </span>
    </p>

    <p class='ocr_par' dir='ltr' id='par_1_12' title="bbox 1528 3907 2587 4200">
     <span class='ocr_line' id='line_1_97' title="bbox 1593 3907 2586 3976; baseline -0.006 -13"><span class='ocrx_word' id='word_1_531' title='bbox 1593 3913 1973 3976; x_wconf 71' lang='lat' dir='ltr'><strong>Assentaeiones]</strong></span> <span class='ocrx_word' id='word_1_532' title='bbox 2003 3911 2220 3961; x_wconf 87' lang='lat' dir='ltr'><strong>Cicero:</strong></span> <span class='ocrx_word' id='word_1_533' title='bbox 2254 3908 2369 3959; x_wconf 89' lang='lat' dir='ltr'><strong>‘Sic</strong></span> <span class='ocrx_word' id='word_1_534' title='bbox 2391 3907 2586 3957; x_wconf 82' lang='lat' dir='ltr'><strong>haben·</strong></span> 
     </span>
     <span class='ocr_line' id='line_1_98' title="bbox 1528 3984 2587 4047; baseline -0.005 -8"><span class='ocrx_word' id='word_1_535' title='bbox 1528 3991 1648 4039; x_wconf 90' lang='lat' dir='ltr'><strong>dum</strong></span> <span class='ocrx_word' id='word_1_536' title='bbox 1680 3997 1776 4046; x_wconf 80' lang='lat' dir='ltr'><strong>est,</strong></span> <span class='ocrx_word' id='word_1_537' title='bbox 1800 3989 1988 4036; x_wconf 86' lang='lat' dir='ltr'><strong>nullam</strong></span> <span class='ocrx_word' id='word_1_538' title='bbox 2023 3987 2075 4035; x_wconf 88' lang='lat' dir='ltr'><strong>in</strong></span> <span class='ocrx_word' id='word_1_539' title='bbox 2109 3984 2345 4035; x_wconf 86' lang='lat' dir='ltr'><strong>amicitiis</strong></span> <span class='ocrx_word' id='word_1_540' title='bbox 2384 3990 2587 4047; x_wconf 82' lang='lat' dir='ltr'><strong>pestem</strong></span> 
     </span>
     <span class='ocr_line' id='line_1_99' title="bbox 1528 4061 2586 4129; baseline -0.006 -13"><span class='ocrx_word' id='word_1_541' title='bbox 1528 4083 1643 4116; x_wconf 89' lang='lat' dir='ltr'><strong>esse</strong></span> <span class='ocrx_word' id='word_1_542' title='bbox 1697 4066 1964 4129; x_wconf 88' lang='lat' dir='ltr'><strong>majorem,</strong></span> <span class='ocrx_word' id='word_1_543' title='bbox 2011 4077 2161 4127; x_wconf 86' lang='lat' dir='ltr'><strong>quam</strong></span> <span class='ocrx_word' id='word_1_544' title='bbox 2217 4061 2586 4124; x_wconf 83' lang='lat' dir='ltr'><strong>adulationem,</strong></span> 
     </span>
     <span class='ocr_line' id='line_1_100' title="bbox 1528 4137 2470 4200; baseline -0.007 -8"><span class='ocrx_word' id='word_1_545' title='bbox 1528 4142 1850 4198; x_wconf 87' lang='lat' dir='ltr'><strong>blanditiam,</strong></span> <span class='ocrx_word' id='word_1_546' title='bbox 1873 4137 2305 4189; x_wconf 60' lang='lat' dir='ltr'><strong>assentationem?</strong></span> <span class='ocrx_word' id='word_1_547' title='bbox 2338 4138 2470 4200; x_wconf 77' lang='lat' dir='ltr'><strong>Lips-</strong></span> 
     </span>
    </p>

    <p class='ocr_par' dir='ltr' id='par_1_13' title="bbox 1528 4215 2588 4362">
     <span class='ocr_line' id='line_1_101' title="bbox 1595 4215 2588 4279; baseline -0.005 -10"><span class='ocrx_word' id='word_1_548' title='bbox 1595 4220 1741 4269; x_wconf 82' lang='lat' dir='ltr'><strong>Prr‘or</strong></span> <span class='ocrx_word' id='word_1_549' title='bbox 1781 4217 1910 4279; x_wconf 84' lang='lat' dir='ltr'><strong>odio]</strong></span> <span class='ocrx_word' id='word_1_550' title='bbox 1964 4215 2112 4277; x_wconf 60' lang='lat' dir='ltr'><strong>Peior·</strong></span> <span class='ocrx_word' id='word_1_551' title='bbox 2152 4217 2283 4265; x_wconf 81' lang='lat' dir='ltr'><strong>ordo.</strong></span> <span class='ocrx_word' id='word_1_552' title='bbox 2363 4215 2489 4264; x_wconf 71' lang='lat' dir='ltr'><strong>odio</strong></span> <span class='ocrx_word' id='word_1_553' title='bbox 2534 4215 2588 4264; x_wconf 88' lang='lat' dir='ltr'><strong>in</strong></span> 
     </span>
     <span class='ocr_line' id='line_1_102' title="bbox 1528 4294 1968 4362; baseline -0.011 -16"><span class='ocrx_word' id='word_1_554' title='bbox 1528 4296 1763 4362; x_wconf 76' lang='lat' dir='ltr'><strong>margine</strong></span> <span class='ocrx_word' id='word_1_555' title='bbox 1800 4294 1968 4343; x_wconf 85' lang='lat' dir='ltr'><strong>Livin.</strong></span> 
     </span>
    </p>
   </div>
  </div>
 </body>
</html>
