3060 4902
816 357 880 403 c.
932 356 1167 405 eumn
1216 356 1555 416 securim
1610 359 1881 416 mune.
1959 362 2010 410 1.
2055 345 2165 413 86.

372 502 550 552 mereri
571 514 673 550 non
698 512 905 563 temper
925 499 1159 562 ἀξιοῦσθαι
1181 499 1441 565 aiguifica·

372 593 453 641 re,
476 577 568 626 aed
594 584 650 626 et
668 574 943 637 τυγχάνειν.
969 577 1120 629 Idem.

443 655 665 704 Nimim
685 652 865 715 fortis]
909 655 955 704 1.
1000 670 1048 705 e.
1080 655 1293 706 nimium
1333 657 1443 706 ani·

371 746 565 794 moena,
590 739 646 780 et
679 730 990 781 obstinatus.
1056 732 1139 782 Ad
1181 733 1445 783 notionem

364 807 527 867 soreii
568 807 951 872 explicandam,
974 823 1037 859 ea
1071 807 1288 873 faciunt,
1322 825 1441 875 qua

373 899 553 948 anpra,
574 884 638 933 ad
679 898 886 935 xxxvi.
924 889 974 935 4.
998 889 1260 937 annotavi.
1294 894 1308 916 ⁸
1330 889 1444 937 Du·

374 961 501 1022 rna,’
516 963 548 1011 i.
568 977 615 1011 e.
633 962 936 1026 inurbanae,
952 964 1275 1022 inhumanus,
1292 981 1444 1030 paene

375 1040 636 1101 agresti03
671 1040 804 1089 aicut
826 1041 940 1090 Cic.
965 1056 1061 1104 pro
1088 1042 1166 1091 M.
1188 1042 1371 1100 Coelio,
1398 1058 1444 1093 c.

374 1121 459 1165 15.
478 1116 493 1142 ‘
510 1117 599 1164 Sin
621 1126 793 1165 autem
817 1117 1057 1166 urbanius
1076 1133 1157 1167 me
1171 1133 1328 1182 agere
1349 1121 1449 1181 via,

375 1194 454 1241 aie
479 1206 626 1255 agam
652 1199 823 1243 tecum
844 1208 860 1254 3
897 1195 1176 1245 removebo
1200 1197 1342 1246 illum
1364 1211 1442 1246 ae·

376 1283 498 1320 nem
531 1270 736 1330 durum,
758 1284 819 1319 ac
844 1285 993 1334 paene
1018 1281 1293 1335 agrestem.
1363 1275 1444 1324 Ex

374 1345 456 1396 hia
503 1346 662 1409 igitur
707 1348 810 1397 tuis
849 1363 1043 1398 rumam
1093 1350 1336 1415 aliquem,
1382 1367 1444 1403 ae

373 1423 700 1487 potissimum
721 1423 981 1473 minimum
1002 1424 1234 1488 fratrem,
1256 1427 1342 1491 qui
1365 1436 1445 1478 eat

374 1502 430 1550 in
455 1502 555 1550 iato
595 1514 787 1564 genere
829 1502 1235 1552 urbanissimus)
1303 1504 1443 1555 Plin.

375 1586 575 1632 noster,
597 1576 763 1640 Epist.
787 1591 841 1627 x.
863 1581 976 1627 107.
993 1586 1007 1607 ‘
1030 1580 1226 1629 Durum
1244 1582 1449 1644 putavi,

373 1669 568 1718 negare
586 1671 602 1715 ς
624 1669 739 1703 eum
756 1655 960 1719 scirem,
988 1665 1231 1719 quantam
1251 1658 1444 1708 soleres

376 1733 596 1781 militum
619 1732 860 1794 precibus
887 1732 1191 1795 patientiam
1214 1734 1444 1785 humani-

377 1813 647 1869 tatemque
675 1805 971 1869 prumam!
995 1807 1149 1857 Idem.

445 1886 563 1935 Nini
606 1887 753 1949 quod]
792 1885 874 1934 De
911 1886 989 1936 nis
1028 1887 1297 1949 partientiz
1331 1890 1445 1939 haec

374 1970 756 2015 commentatus
776 1972 857 2012 est
877 1964 1161 2014 cellarius:
1201 1965 1337 2013 Usus
1358 1980 1445 2015 vo-

375 2056 495 2092 cum
510 2039 604 2088 nisi
617 2041 757 2103 qnod,
773 2054 864 2103 pro
882 2046 1253 2104 ‘praeterquam
1270 2040 1444 2104 quod,’

376 2131 549 2181 neque
576 2131 740 2177 rarus,
758 2131 854 2164 nec
880 2117 1144 2179 inelegans
1168 2125 1249 2165 est
1274 2133 1290 2178 ς
1328 2119 1445 2166 ideo

377 2195 446 2245 ab
471 2195 627 2244 Valla
650 2194 893 2255 Elegant.
918 2207 980 2242 n.
1003 2197 1084 2242 19.
1104 2207 1171 2243 ex
1195 2193 1448 2246 Quinctil.

375 2270 554 2320 Inatit.
578 2283 631 2317 v.
675 2273 755 2319 lt.
781 2275 832 2318 et
871 2285 902 2319 a
933 2270 1225 2319 Tursellino
1249 2286 1314 2320 ex
1338 2272 1447 2321 Cic.

376 2348 550 2411 Epist.
577 2360 705 2397 xm.
732 2352 777 2397 1.
809 2347 1218 2398 commendatus.
1289 2348 1444 2398 Adde

378 2425 533 2475 Curt.
556 2438 637 2474 tv.
662 2428 739 2474 14.
761 2427 844 2473 22.
910 2424 984 2474 At
1019 2425 1116 2474 hoe
1149 2425 1263 2475 loco
1298 2423 1444 2475 vide·

377 2509 468 2551 tur
490 2503 613 2564 qnod
637 2500 947 2556 redundare,
970 2508 1077 2556 ant,
1111 2501 1154 2551 ai
1191 2501 1445 2550 incidere·

375 2585 467 2628 tur
499 2579 636 2627 inter
666 2577 763 2628 nisi
795 2580 851 2626 et
878 2578 1019 2641 quod,
1050 2577 1245 2642 aliquid
1267 2578 1317 2626 in
1344 2577 1444 2628 fine

379 2656 586 2719 deeaae,
604 2656 873 2704 desiderare
890 2654 1175 2718 principem,
1197 2661 1324 2718 puta
1345 2669 1445 2704 tna-

376 2734 564 2789 1ni⁸⁸et,
605 2739 698 2781 ant
738 2732 922 2780 simile.
988 2732 1145 2794 Ergo,
1177 2733 1274 2781 nisi
1304 2735 1444 2795 quod,

375 2810 432 2859 h.
479 2811 513 2858 l.
555 2816 615 2858 ut
658 2809 922 2872 singulare
970 2809 1137 2858 notari
1196 2818 1444 2860 meretur.

382 2886 656 2937 Hactenus
681 2886 968 2948 Cellariua;
1002 2887 1153 2949 cujua
1189 2887 1444 2936 annotati·

377 2978 480 3014 one
516 2962 780 3013 inductum
817 2977 926 3013 ease
948 2963 1239 3013 Geanerum
1277 2966 1444 3028 sinapi·

379 3056 488 3098 cor.
531 3050 591 3091 ut
637 3041 699 3089 ad
746 3041 882 3090 hnne
920 3043 1091 3090 locum
1137 3044 1443 3105 aeripserit:

379 3118 537 3182 Vide,
580 3133 749 3167 annon
786 3117 1076 3167 ordinatius
1112 3116 1242 3170 fluat
1280 3120 1445 3170 oratio

381 3197 488 3245 aicz
530 3197 643 3255 nisi,
678 3197 797 3260 quod
835 3212 967 3258 poene
1006 3197 1108 3256 ipso
1147 3194 1447 3246 contubernio

374 3273 609 3337 principia
615 3274 812 3332 felicius
821 3274 1166 3336 ,facundiaeque
1179 3274 1449 3335 est,deeide·

378 3355 512 3399 roret
531 3350 792 3414 principem
812 3351 1172 3400 desiderantem.
1231 3352 1447 3408 Verum,

379 3426 424 3476 ai
442 3427 566 3490 quid
583 3426 828 3490 judicare
852 3441 1077 3489 possum,
1093 3427 1177 3477 hie
1195 3427 1339 3477 locu·
1359 3443 1447 3478 ne·

380 3518 487 3568 qne
508 3504 867 3567 supplemento
888 3504 1127 3567 quodam,
1152 3519 1320 3569 neque
1347 3506 1449 3554 nlla

379 3580 724 3637 correctione,
751 3580 968 3643 indiget.
1035 3581 1206 3630 Etiam
1227 3582 1448 3633 Arntze-

379 3658 501 3706 nius
516 3658 628 3722 jam
649 3659 863 3720 monuit,
877 3661 1004 3707 lianc
1019 3659 1333 3708 locutionem
1348 3675 1446 3709 non

382 3734 517 3785 adeo
555 3735 864 3798 singularem
901 3750 1036 3792 ease,
1074 3744 1134 3784 ut
1170 3736 1447 3785 cellarium

383 3810 630 3859 debuerit
664 3812 878 3871 morari;
914 3826 1010 3874 qua
1043 3810 1109 3859 de
1143 3824 1327 3860 caussa
1361 3826 1445 3861 ex·

382 3887 569 3937 citavit
605 3887 887 3935 Burmann.
923 3887 989 3935 ad
1023 3887 1237 3937 Sueten.
1265 3888 1449 3941 Vitell.

381 3977 501 4025 cap.
522 3967 573 4011 7.
606 3970 660 4012 et
691 3963 986 4013 Dnckernm
1026 3965 1090 4013 ad
1126 3965 1259 4015 Flor.
1301 3980 1339 4014 ι.
1367 3971 1449 4018 22.

384 4041 501 4101 Ego
528 4053 649 4088 vero
684 4049 830 4103 pnto,
866 4042 995 4091 lianc
1029 4042 1191 4105 ipsam
1232 4043 1449 4092 locutio·

384 4130 505 4165 nem
546 4116 761 4179 primum
784 4119 990 4180 quidem
1028 4119 1255 4182 speciem
1290 4133 1448 4183 qnan-

386 4193 504 4241 dem
547 4194 826 4257 pleonasmi
863 4210 972 4258 prae
1011 4210 1067 4244 ae
1105 4194 1267 4257 ferre,
1296 4195 1451 4245 aienti

384 4271 501 4319 iate
544 4271 832 4334 particulae,
869 4271 998 4321 ‘nisi
1040 4270 1120 4328 ai,'
1161 4274 1329 4338 ‘quod
1372 4271 1453 4330 sil

2414 348 2588 417 1049

1516 503 1618 551 διο.
1652 503 1743 553 sed
1780 517 1836 553 re
1863 502 1978 567 ipaa
1999 504 2163 569 magis
2188 502 2405 568 ἔλλειψιν
2427 507 2592 558 invol-

1517 591 1661 640 vere,
1694 593 1960 645 perquam
1997 588 2178 631 auctor
2206 596 2261 631 se
2294 584 2442 647 quasi
2476 599 2591 635 cor.

1520 655 1694 718 rigat3
1743 663 1903 721 atque
1936 656 2065 707 adeo
2100 659 2237 707 illam
2280 660 2588 722 particulam

1518 733 1867 797 exceptivam,
1890 734 2004 798 nisi,
2030 749 2124 798 pro
2149 741 2163 763 ⁸
2180 734 2310 798 aed‚’
2338 737 2446 787 aive
2469 737 2485 764 ‘
2505 753 2592 788 ve·

1522 811 1673 873 rum‚'
1707 811 1862 875 poni;
1901 812 2209 874 particulam
2257 818 2428 864 antem
2467 817 2593 879 quod,

1520 901 1635 937 ease
1688 895 1746 935 et
1797 901 2009 936 manere
2057 890 2365 938 canaaalem.
2428 891 2590 942 Hunc

1518 963 1685 1027 igitur
1705 963 1757 1013 in
1781 962 1986 1013 modum
2009 965 2106 1013 hoc
2129 966 2247 1015 loco
2270 968 2373 1015 vim
2407 967 2589 1018 harum

1521 1040 1894 1103 particularum
1933 1042 2330 1104 explicatiorem
2368 1044 2591 1094 reddere

1520 1130 1672 1179 potae
1717 1115 1926 1167 videor:
1974 1119 2045 1166 Et
2082 1117 2301 1177 fecisset,
2340 1129 2594 1185 retroque

1520 1194 1819 1257 navigas-et
1861 1195 2143 1259 praefectus
2182 1201 2460 1261 praetorii3
2508 1215 2586 1249 ve·

1519 1286 1629 1320 rum
1689 1273 1808 1322 ideo
1863 1288 1967 1322 nou
2032 1273 2180 1337 fecit,
2235 1278 2359 1340 quod
2421 1277 2484 1342 (i.
2540 1292 2594 1330 e.

1522 1347 1671 1411 quia)
1709 1363 1843 1412 paene
1878 1351 1981 1413 ipso
2019 1351 2321 1403 contubernio
2360 1354 2596 1416 principia.

1507 1424 1708 1484 felicius
1758 1427 2109 1491 jucundiusque
2165 1437 2255 1489 eat,
2321 1433 2595 1482 desiderare*

1514 1504 1778 1567 principem
1831 1505 2194 1556 desiderantem.
2285 1508 2590 1571 cujusmodi

1520 1579 1798 1629 locutionis
1851 1595 1952 1630 nou
2014 1596 2175 1645 panca
2225 1590 2414 1646 praeato
2468 1591 2591 1634 aiunt

1519 1656 1802 1717 exempla;
1849 1671 1897 1704 v.
1944 1656 2164 1718 gaCie.
2214 1658 2378 1707 Attic.
2431 1672 2498 1707 ιι.
2542 1663 2591 1708 1.

1518 1734 1535 1761 ⁸
1557 1732 1905 1782 Tusculanum
1961 1740 2016 1782 et
2072 1733 2448 1796 Pompeianum
2505 1748 2589 1783 me

1522 1809 1670 1858 valde
1694 1809 1989 1869 delectant;
2027 1810 2124 1859 niai
2157 1809 2292 1875 quod
2332 1825 2413 1859 me
2445 1811 2590 1861 illum

1520 1887 1686 1950 ipsum
1721 1886 1980 1937 vindicem
2017 1887 2134 1936 oeria
2169 1888 2326 1937 alieni
2357 1902 2459 1936 aere
2489 1903 2594 1940 non

1520 1961 1812 2025 Corinthio,
1866 1962 1959 2012 aed
2006 1964 2102 2012 lioe
2154 1962 2587 2019 circumforaneo.

1519 2039 1841 2097 obruerunt,'
1874 2041 1909 2090 i.
1934 2055 1982 2090 e.
2015 2055 2191 2090 verum
2222 2041 2360 2103 ideo,
2387 2042 2493 2089 sive
2527 2057 2591 2102 ea

1519 2132 1586 2167 ex
1611 2126 1782 2181 parte,
1806 2132 1887 2166 me
1909 2131 2011 2167 non
2036 2117 2324 2178 delectant,
2346 2118 2482 2183 quod
2510 2134 2589 2167 me

1519 2194 1825 2255 obruerunt,
1847 2195 1947 2241 διο.
2015 2194 2184 2242 Varro
2211 2195 2360 2257 Ling.
2396 2195 2513 2244 Lat.
2537 2209 2594 2249 v.¹

1519 2274 1570 2320 2.
1605 2268 1787 2321 ‘Quod
1813 2275 2138 2330 nocet,nox;
2173 2269 2420 2333 nisiqnod
2443 2271 2591 2320 Grae·

1520 2362 1582 2397 ce
1619 2346 1716 2408 νὺξ,
1747 2346 1887 2407 nox,'
1921 2346 1956 2393 i.
1980 2359 2028 2394 e.
2063 2360 2231 2394 verum
2264 2346 2279 2373 ⁴
2303 2360 2407 2395 nox
2427 2345 2441 2367 ⁹
2473 2347 2596 2396 ideo,

1522 2439 1623 2474 non
1671 2424 1791 2473 duci
1847 2430 2019 2487 potest
2074 2438 2103 2473 a
2146 2422 2404 2485 nocendo,
2450 2426 2589 2487 quod

1521 2500 1714 2550 Graeee
1737 2498 1830 2563 νὺξ,
1853 2513 1967 2555 nox,
1992 2498 2198 2548 dicitnr.
2254 2499 2452 2548 Plinius
2476 2515 2592 2549 noa·

1521 2585 1623 2639 ter,
1644 2578 1812 2642 Epist.
1833 2590 1959 2626 vm.
1995 2580 2076 2625 17.
2110 2577 2125 2604 ⁴
2145 2577 2194 2625 N
2202 2591 2281 2625 am
2317 2576 2590 2640 parvulum

1520 2655 1717 2713 differt,
1758 2655 1974 2719 patiaris
2014 2654 2251 2710 adversa,
2291 2668 2357 2704 an
2397 2669 2589 2718 expec-

1523 2740 1635 2782 tes:
1672 2732 1766 2781 niti
1790 2730 1926 2796 quod
1953 2739 2125 2780 tamen
2157 2729 2221 2795 (i.
2248 2745 2296 2779 e.
2320 2745 2494 2779 verum
2520 2746 2589 2786 exv

1521 2824 1583 2859 ea
1609 2817 1780 2859 tamen
1805 2817 1955 2872 parte
1978 2805 2174 2871 differt,
2194 2807 2360 2871 quod)
2395 2815 2476 2857 eat
2499 2806 2589 2857 do-

1519 2885 1660 2936 lendi
1680 2886 1891 2948 modun
1922 2899 2023 2935 non
2043 2894 2120 2933 eat
2141 2884 2385 2933 timendi:
2420 2883 2600 2947 Idem,

1522 2966 1691 3027 Epist.
1719 2978 1795 3012 vt.
1816 2968 1897 3012 21.
1931 2964 1947 2989 ‘
1968 2964 2118 3012 Circa
2153 2976 2234 3009 rne
2272 2967 2469 3009 tantum
2497 2960 2588 3009 be-

1520 3040 1776 3104 nignitate
1803 3039 2004 3087 modum
2029 3036 2281 3095 excessit3
2318 3036 2592 3099 niai,quodr

1523 3124 1692 3168 tamen
1728 3116 1789 3180 (i.
1824 3130 1873 3164 e.
1904 3127 2080 3163 verum
2120 3119 2290 3160 tamen
2325 3111 2445 3162 ideo
2481 3128 2591 3162 mo·

1522 3193 1642 3244 dum
1668 3207 1770 3241 non
1805 3191 2049 3249 excessit,
2068 3187 2233 3253 quod)
2256 3187 2423 3250 poetis
2447 3203 2592 3238 men·

1523 3270 1611 3320 tiri
1653 3266 1813 3317 licet-⁹
1877 3266 2092 3315 Sueton-
2137 3264 2338 3313 Domit.
2378 3278 2501 3327 cap.
2538 3269 2591 3315 4.

1521 3353 1536 3375 ⁸
1556 3342 1919 3395 Assidentibua
1941 3341 2080 3389 Diali
2100 3339 2390 3396 sacerdote,
2406 3347 2460 3388 et
2482 3339 2589 3390 col·

1523 3422 1660 3484 legio
1705 3417 2028 3472 Flavialium.
2068 3415 2181 3480 pari
2227 3414 2440 3478 babitn;
2493 3418 2590 3467 niti

1525 3497 1663 3563 quod
1700 3496 1762 3560 (i.
1803 3509 1851 3543 e.
1887 3507 2066 3542 verum
2100 3506 2167 3541 ex
2201 3507 2261 3541 ea
2296 3502 2444 3556 parte
2483 3507 2588 3543 non

1525 3591 1622 3640 par
1645 3582 1760 3625 erat
1784 3570 2012 3632 habitus,
2034 3567 2195 3634 quod)
2219 3569 2418 3620 illorum
2443 3585 2590 3619 coro·

1525 3653 1605 3701 nis
1645 3652 1814 3698 inerat
1859 3654 1914 3698 et
1958 3647 2120 3710 ipsius
2159 3645 2366 3710 imago?
2430 3645 2591 3697 Ovid.

1524 3726 1746 3778 Heroid.
1774 3726 1944 3788 Epist.
1979 3738 2148 3774 xvnr.
2183 3728 2263 3773 ΙΙ.
2298 3731 2313 3753 ·
2335 3724 2592 3773 Ascensu-

1524 3819 1614 3854 rua
1635 3817 1775 3852 eram
1796 3817 1813 3864 ς
1847 3802 1942 3851 niai
1966 3800 2103 3866 quod
2127 3801 2190 3865 (i.
2215 3814 2262 3848 e.
2285 3815 2459 3848 verum
2485 3815 2588 3849 non

1522 3879 2105 3944 adscendebam,quod)
2122 3892 2237 3928 cnm
2257 3878 2457 3926 vincula
2476 3892 2592 3940 pro·

1523 3978 1595 4013 rae
1627 3962 1888 4017 Solveret,
1912 3958 1962 4006 in
1990 3954 2217 4019 speculis
2253 3954 2416 4003 omnia
2442 3952 2587 4018 Aby-

1521 4040 1616 4088 doa
1641 4036 1790 4087 erat!
1824 4037 1973 4084 Idem·
2575 4082 2578 4087 .

1594 4112 1912 4163 contubernio
1946 4107 2202 4173 principis]
2239 4108 2285 4157 1.
2311 4121 2359 4156 e.
2383 4106 2588 4158 convic-

1526 4201 1605 4248 tu,
1640 4197 1696 4239 et
1732 4189 1912 4237 intima
1946 4183 2297 4234 familiaritate
2322 4183 2590 4248 principia.

1526 4270 1809 4320 Cntrenae
1849 4270 1932 4315 eat
1966 4260 2447 4319 vocabulum,.eum
2492 4274 2590 4326 pro
