3060 4902
583 400 712 465 772

583 568 687 610 tur.
722 559 959 609 Schmun.

645 634 746 685 Sub
769 636 883 684 bono
904 633 1141 698 principe]
1175 635 1237 684 In
1255 633 1520 685 codicibus
1537 635 1646 699 qui-

577 711 794 761 busdam
828 712 1115 767 Vaticanis,
1156 713 1359 761 Veneto
1395 717 1443 760 2.
1482 713 1644 763 Guel-

579 788 924 852 pberbytano,
966 788 1366 852 salisburgensi,
1407 798 1460 837 et
1506 805 1644 850 meo,

564 864 769 927 -legitur
805 865 891 913 sub
922 859 1015 914 ιίηο
1041 867 1255 930 principe
1279 883 1299 925 ,-
1334 882 1641 931 quamquam

572 939 628 989 in
688 942 1069 1004 salisburgensi
1116 943 1246 998 voci,
1298 957 1409 1004 urio,
1462 958 1641 1005 super·

570 1015 824 1078 scriptum
877 1017 964 1079 sit,
1005 1017 1070 1065 ab
1125 1017 1227 1065 alia
1281 1033 1454 1080 manu,
1506 1019 1641 1068 bono.

573 1091 798 1155 opinor,
845 1094 1134 1155 argutulum
1181 1094 1434 1156 quendam
1491 1094 1640 1144 libra·

574 1168 706 1216 rium
730 1170 960 1230 argutias
997 1169 1045 1217 in
1069 1183 1132 1217 eo
1155 1178 1372 1232 captare
1400 1171 1640 1227 voluisse,

573 1250 633 1293 nt
686 1250 930 1309 utrumque
983 1245 1327 1310 conjungeret
1369 1260 1485 1296 cnm
1527 1263 1637 1298 uno.

569 1319 742 1370 Idem.

637 1395 836 1446 Secreta
869 1398 1055 1461 nostra]
1094 1398 1260 1447 Recte
1299 1399 1532 1448 Baudius
1565 1414 1656 1448 se·-

567 1478 699 1522 σιτία
733 1489 849 1522 cum
885 1475 1183 1524 domesticis
1219 1483 1274 1524 et
1298 1474 1636 1525 familiaribus

571 1550 850 1612 colloquia,
871 1549 959 1600 ubi
985 1552 1129 1600 vultu
1157 1565 1278 1602 veto
1302 1552 1522 1600 solemus
1546 1566 1635 1599 ex-

571 1627 770 1689 plicare
799 1628 1037 1676 notiones
1072 1626 1250 1683 animi,
1273 1634 1328 1675 et
1363 1628 1636 1675 interiores

570 1702 811 1753 affectus.
856 1707 1133 1753 Sermones
1157 1711 1327 1752 autem
1353 1711 1472 1751 sunt
1499 1703 1634 1752 inter

569 1781 729 1838 cives,
754 1781 804 1828 in
839 1780 1094 1828 communi
1121 1780 1247 1838 vita,
1266 1787 1323 1828 et
1356 1789 1635 1829 consuetu-

569 1854 690 1902 dine
746 1855 975 1917 publica,
1020 1854 1109 1902 nbi
1164 1854 1307 1902 nulla
1352 1857 1632 1904 necessitas

567 1929 847 1993 gaudendi.
903 1930 984 1979 Cf.
1007 1945 1165 1993 supra
1189 1943 1363 1979 xxtu.
1384 1935 1433 1978 6.
1497 1930 1632 1981 Gra·

565 2009 754 2056 tiarum
783 2007 1033 2063 actiones,
1058 2022 1174 2072 quae
1215 2009 1293 2056 vel
1329 2006 1504 2056 officio
1529 2009 1632 2070 pri·

564 2092 689 2135 vato
713 2086 1152 2149 suscipiebantur,
1178 2088 1260 2134 vel
1286 2094 1494 2133 senatus
1515 2100 1632 2134 con·

565 2163 704 2212 sulto
757 2162 1139 2212 indicebantur.
1213 2162 1439 2213 Codices
1478 2162 1630 2211 Vati·

562 2241 681 2290 cani
707 2240 756 2287 in
781 2239 1115 2304 sequentibus
1138 2239 1328 2289 babent
1348 2240 1431 2288 hoc
1456 2254 1629 2287 sermo·

561 2331 643 2365 nes
666 2317 837 2366 nostri.
877 2317 1045 2366 Idem.

625 2393 816 2454 Agant,
849 2389 1264 2455 meminerintque]
1313 2389 1494 2440 Codex
1537 2390 1629 2439 Sa·

560 2468 890 2531 lisburgensis
945 2470 1104 2518 habet
1157 2483 1185 2515 a
1241 2468 1406 2530 prima
1459 2480 1628 2521 mann,

556 2552 741 2607 agunt,-
776 2546 859 2593 cui
896 2553 1066 2593 autem
1095 2545 1206 2592 voci
1242 2542 1309 2590 ab
1342 2544 1444 2590 alia
1475 2558 1627 2592 manu

558 2623 966 2684 superscriptum
1002 2630 1082 2668 est
1115 2625 1282 2681 agant.
1350 2619 1439 2668 Sic
1469 2620 1625 2668 etiam

559 2696 902 2752 Puteolanus,
939 2696 1248 2759 Beroaldus,
1274 2694 1456 2754 Aldus,
1493 2696 1625 2744 Rbe-

556 2786 739 2828 nanus,
778 2774 842 2822 R.
884 2774 1197 2836 Stephanus,
1249 2778 1302 2819 et
1347 2771 1626 2821 sichardus

555 2848 771 2897 edidere
793 2853 945 2911 agunt
962 2865 983 2906 ,-
1017 2848 1108 2896 sed
1132 2853 1280 2908 agant
1303 2847 1483 2895 melius
1502 2862 1623 2897 con-

554 2927 703 2974 venit
748 2941 863 2975 cum
906 2924 1360 2986 antecedentibus,
1411 2923 1624 2987 prosera-

554 3016 679 3064 mus,
701 3004 936 3064 toetemur,
957 3002 1335 3063 ingemiscamus,
1344 3000 1625 3060 jaciendum

550 3085 642 3140 est,
677 3085 733 3127 et
770 3095 885 3128 cum
919 3087 1190 3144 sequente,
1219 3078 1623 3141 mernineriutque.

553 3154 809 3203 Mendose
849 3163 1022 3203 autem
1065 3154 1221 3202 habet
1266 3153 1431 3202 codex
1474 3167 1619 3202 meus

552 3230 926 3291 memineritque.
993 3231 1192 3278 Plinius
1218 3230 1427 3292 proprie
1444 3229 1619 3279 dicere

552 3306 835 3367 potuisset:
860 3307 956 3353 lioc
983 3306 1031 3354 in
1057 3307 1277 3354 secretis
1305 3305 1620 3359 nostris,boc

551 3382 602 3430 in
627 3382 968 3443 sermonibus,
992 3384 1087 3431 boc
1114 3383 1164 3431 in
1190 3382 1309 3445 ipsis
1336 3382 1618 3443 gratiarum

550 3458 862 3519 actionibus,
918 3472 1148 3521 agamus,
1212 3458 1618 3505 meminerimus-

550 3546 698 3596 que3
754 3547 951 3595 verum,
996 3540 1052 3581 nt
1098 3532 1319 3580 orationi
1366 3532 1616 3594 majorem

548 3608 853 3656 conciliaret
878 3608 1206 3670 dignitatem,
1227 3608 1338 3670 ipsa
1371 3606 1501 3656 dicit
1535 3623 1615 3657 se·

547 3692 713 3746 creta,
740 3692 795 3733 et
819 3698 1097 3738 sermones,
1122 3685 1505 3747 gratiarumque
1530 3699 1615 3733 ac-

548 3760 735 3820 tiones,
772 3770 1014 3824 tanquam
1055 3773 1318 3823 personas,
1353 3773 1525 3821 agere,
1561 3767 1615 3809 et

546 3837 858 3884 meminisse.
928 3836 1057 3885 Quae
1091 3833 1329 3898 loquendi
1369 3834 1502 3883 ratio
1534 3842 1614 3884 est

544 3912 852 3974 metaphora
907 3925 1022 3960 cum
1082 3910 1446 3975 prosopopoeia
1489 3924 1614 3959 con·

535 3989 757 4051 junctu
793 3988 857 4038 de
873 4002 973 4053 qna
991 3987 1438 4040 Quinctil-Instit.
1458 3987 1612 4036 Orat.

547 4079 671 4115 vin.
709 4070 761 4113 6.
803 4072 817 4093 ·
839 4065 1149 4129 Praecipue:
1183 4064 1367 4129 inquit,
1403 4070 1499 4111 ‘ex
1536 4063 1611 4111 bis

542 4143 709 4191 oritur
754 4143 882 4191 mira
938 4142 1245 4202 sublimitas,
1295 4154 1410 4188 cnm
1458 4138 1610 4187 rebus

543 4232 698 4266 sensu
730 4218 1027 4268 carentibus
1058 4225 1227 4266 actum
1263 4214 1520 4278 quendam
1554 4221 1609 4264 et

546 4292 741 4342 animos
775 4291 975 4357 damus¹
1010 4291 1176 4359 qualis
1215 4297 1317 4353 est,
1348 4290 1607 4342 ‘Pontem

1276 415 1493 464 No‘rlss
1544 415 1951 466 VARIORUM
2004 417 2085 467 m

1719 558 2018 624 indignatus
2045 558 2283 610 Araxes!
2348 561 2419 610 Et
2454 560 2545 610 illa
2579 559 2795 615 Cicero-

1718 637 1798 685 nis
1824 652 1918 700 pro
1943 639 2116 701 Liger.
2139 653 2186 688 c.
2209 641 2258 686 8.
2302 639 2317 665 ‘
2339 637 2481 689 Quid
2504 639 2645 687 enim
2670 645 2791 690 tuns

1719 714 1823 772 ille,
1844 713 2077 777 Tubero,
2102 713 2366 763 districtus
2399 715 2449 763 in
2484 716 2598 763 acie
2624 714 2794 765 Phar·

1719 791 1875 838 salica
1910 790 2110 852 gladius
2149 790 2375 852 agebat?
2444 790 2609 852 Cujus
2655 791 2795 840 latus

1718 865 1804 914 ille
1830 880 2006 915 mucro
2030 867 2282 929 petebat?
2340 866 2442 917 Qui
2467 882 2647 917 sensns
2673 875 2792 918 erat

1715 957 1975 992 armorum
2009 950 2214 992 tuorum
2232 941 2267 990 ?’
2286 941 2301 963 '
2343 942 2447 992 Sed
2475 950 2530 993 et
2555 942 2682 992 alibi
2707 957 2792 994 res

1716 1017 1957 1067 inanimae
2016 1017 2262 1068 dicuntur
2317 1016 2589 1080 ‘agere3’
2644 1032 2694 1066 v.
2736 1033 2791 1083 g.

1718 1093 1854 1142 Plin.
1901 1094 2073 1156 Epist.
2119 1107 2160 1141 1.
2205 1096 2256 1141 8.
2312 1091 2544 1155 ‘Quid,’
2600 1092 2789 1155 inquit,

1714 1170 1848 1231 ‘agit
1876 1170 2111 1225 Comum,
2139 1175 2244 1218 tuae
2269 1181 2502 1231 memque
2524 1166 2733 1217 delicia
2750 1166 2789 1216 θ’

1714 1248 1782 1296 Et
1812 1248 1974 1311 Epist.
1999 1261 2062 1296 ιι.
2087 1251 2168 1297 11.
2199 1247 2214 1274 ‘
2232 1246 2431 1302 Scribe,
2455 1244 2578 1310 qnid
2597 1245 2790 1296 ’arbus-

1713 1325 1844 1373 culae
1881 1333 2003 1379 tuae,
2034 1323 2156 1387 qnid
2187 1323 2374 1384 vineae,
2394 1322 2517 1386 qnid
2555 1330 2787 1386 segetes,

1711 1400 1921 1462 agant.’
2000 1401 2109 1450 Cic.
2154 1397 2319 1449 Acad.
2362 1400 2563 1450 Quasi.
2610 1412 2691 1449 ιν.
2736 1403 2786 1448 ⁸.

1711 1479 1726 1505 ‘
1752 1477 1938 1541 Neque
1984 1485 2176 1526 nostrae
2212 1475 2595 1538 disputationes
2631 1475 2785 1539 quid·

1711 1568 1863 1618 qnam
1899 1553 2038 1602 alind
2064 1560 2240 1617 agunt,
2264 1552 2360 1601 nisi
2397 1558 2454 1601 ut
2489 1552 2542 1600 in
2580 1560 2780 1604 utram-

1710 1643 1810 1692 que
1836 1636 2041 1692 partem
2066 1627 2289 1677 dicendo
2322 1634 2376 1677 et
2399 1626 2662 1678 audiendo
2686 1629 2784 1679 eli—

1709 1704 1889 1768 ciant,'
1909 1708 2009 1753 &c.
2042 1705 2194 1753 Idem.

1773 1780 1917 1829 Sectis
1935 1779 2119 1842 meriti]
2142 1779 2425 1829 Pertinace
2449 1777 2781 1831 librariorum

1707 1869 1979 1919 consensu,
2010 1871 2107 1919 pro
2142 1856 2397 1918 particula
2434 1869 2587 1912 secus,
2610 1858 2783 1921 scrip-

1710 1940 1817 1979 tum
1842 1940 1922 1980 est
1944 1946 2100 1980 secum
2136 1932 2185 1979 in
2220 1929 2485 1979 codicibus
2518 1931 2649 1979 Μαι.
2672 1932 2782 1982 Vn·

1707 2007 1860 2056 tican.
1932 2006 2235 2067 Parisiensi,
2286 2012 2504 2070 utroque
2547 2007 2781 2070 Veneta,

1706 2083 2113 2146 Salisburgensi,
2137 2081 2458 2145 Guelpberb.
2488 2096 2623 2144 nieo,
2646 2091 2701 2131 et
2726 2084 2779 2133 ln

1703 2159 1835 2208 libro
1879 2158 2148 2206 Vossiano.
2214 2155 2297 2205 An
2356 2163 2527 2220 putes,
2571 2165 2778 2208 veteres

1702 2234 1979 2299 aliquando
2035 2234 2232 2283 utravis
2289 2232 2676 2296 terminatione,
2718 2242 2777 2286 at

1705 2311 1800 2360 sub
1855 2310 2038 2360 eadem
2093 2309 2491 2373 significatione,
2541 2325 2678 2360 secus
2715 2320 2774 2361 et

1699 2402 1855 2437 secum
1886 2387 2098 2450 dixisse,
2128 2387 2205 2436 nti
2235 2386 2482 2435 dixerunt
2517 2401 2687 2437 rursus
2718 2395 2776 2438 et

1702 2480 1910 2527 rursum,
1941 2480 2135 2529 prorsus
2166 2471 2218 2513 et
2249 2479 2487 2527 parsum,
2520 2479 2686 2513 tersas
2719 2472 2774 2515 et

1702 2557 1903 2602 versum,
1935 2545 2160 2591 adversas
2195 2549 2250 2590 et
2283 2543 2554 2602 advenum,
2581 2542 2777 2592 deu-ssu

1702 2625 1756 2667 et
1781 2619 2016 2678 deors-am,
2048 2618 2288 2666 introrsus
2310 2626 2363 2665 et
2388 2617 2668 2680 introi-saun,
2698 2633 2774 2668 rs·

1702 2700 1884 2744 troi-sus
1926 2703 1979 2745 et
2026 2697 2320 2744 retrorsum?
2388 2693 2556 2742 Immo
2607 2694 2773 2745 multo

1700 2773 1852 2835 plura
1877 2781 1997 2822 sunt
2019 2772 2265 2822 adverbia
2281 2772 2504 2820 diverso
2524 2772 2775 2822 termina-

1701 2848 1855 2897 tionis
1891 2849 1985 2897 snb
2027 2848 2207 2896 eadem
2251 2846 2670 2910 significatione3
2703 2848 2771 2899 de

1698 2923 1881 2987 quibus
1898 2924 2114 2972 Vossius
2142 2923 2250 2985 agit
2273 2923 2324 2972 in
2351 2923 2466 2972 Art.
2489 2922 2676 2973 Grun-
2696 2938 2774 2976 vl.

1700 3005 1778 3050 19.
1849 3000 2042 3049 Verum
2068 3000 2270 3051 Plinius
2305 3013 2406 3048 non
2443 2998 2602 3050 facile
2628 3010 2771 3053 amat

1698 3089 1855 3125 voces
1899 3077 2199 3126 insolentes.
2281 3076 2351 3125 Et
2390 3077 2443 3125 in
2488 3077 2640 3127 libris
2680 3080 2770 3129 im·

1695 3152 1886 3214 pressis
1919 3155 2026 3216 jam
2068 3169 2098 3202 a
2138 3154 2446 3213 Puteolano,
2483 3154 2769 3219 Beroaldo,

1697 3228 1964 3287 Catanaeo,
1990 3237 2044 3278 et
2066 3229 2277 3290 ceteris,
2300 3236 2441 3277 recte
2463 3228 2664 3279 editum
2688 3239 2771 3282 est

1692 3317 1838 3355 secus.
1909 3306 2042 3354 Haec
2068 3306 2325 3369 particula
2351 3304 2613 3365 signifieat
2645 3309 2769 3359 ‘ali-

1695 3379 1816 3438 ter,'
1850 3389 1904 3430 et
1941 3395 2077 3444 soepe
2118 3395 2211 3444 per
2244 3379 2482 3429 ἀντίθεσιν
2502 3395 2622 3429 cnm
2649 3396 2769 3447 pu.

1694 3458 1886 3520 ticulis,
1936 3457 2143 3520 ‘bene,'
2192 3458 2409 3522 ‘recte,’
2460 3460 2768 3523 conjuncta,

1693 3534 1839 3598 quasi
1896 3550 1989 3598 per
2044 3534 2342 3597 εὐφημισμὸν
2398 3535 2619 3599 ponitur
2668 3551 2767 3601 pro

1692 3608 1892 3671 ‘male,'
1928 3612 2009 3659 vel
2044 3611 2298 3662 ‘conum’
2359 3611 2566 3660 Plinius
2589 3627 2771 3677 snpra,

1693 3699 1841 3735 κων.
1862 3690 1910 3735 8.
1948 3692 1961 3715 ⁸
1979 3687 2145 3735 Pront
2168 3687 2324 3749 bene,
2354 3702 2415 3737 ae
2449 3701 2630 3748 secus,
2653 3705 2768 3740 ees·

1687 3758 1792 3809 sit.'
1857 3762 2027 3823 Idem,
2066 3763 2237 3826 Epist.
2273 3776 2374 3813 vn.
2422 3767 2501 3812 1¹1.
2536 3773 2551 3794 ⁶
2574 3765 2766 3823 Recte.

1690 3852 1752 3885 an
1775 3852 1944 3901 secus,
1969 3839 2092 3887 nihil
2118 3838 2182 3887 ad
2207 3839 2326 3889 me.'
2392 3840 2507 3890 cie.
2537 3840 2657 3891 Fin.
2679 3856 2767 3894 m.

1692 3917 1772 3961 ts.
1813 3920 1827 3941 ‘
1847 3913 2010 3963 Nobis
2033 3916 2188 3964 aliter
2204 3915 2413 3965 videtur
2434 3932 2448 3965 ε
2485 3926 2663 3983 recte,
2684 3932 2767 3969 se-

1687 4004 1866 4047 cusne,
1905 3991 2123 4054 postea-⁹
2189 3991 2338 4040 Idem
2383 3992 2513 4041 ibid.
2565 4007 2645 4043 tv·
2684 3999 2770 4046 21.

1685 4065 1701 4092 ‘
1724 4063 1785 4113 In
1810 4065 1887 4114 his
1914 4081 2036 4129 pars
2073 4066 2298 4115 maxima
2334 4067 2506 4130 posita
2542 4075 2648 4131 est,
2674 4078 2769 4121 aut

1687 4139 1860 4196 beate,
1896 4149 1988 4191 aut
2026 4156 2192 4197 secus,
2232 4140 2478 4191 vivendi!
2546 4144 2767 4209 Verum,

1685 4217 1812 4265 illud
1853 4231 1985 4267 secas
2026 4219 2183 4268 etiam
2232 4218 2487 4275 absolute,
2536 4228 2594 4271 et
2647 4224 2766 4273 siae

1684 4293 1973 4359 particulis,
2006 4301 2021 4325 ⁸
2043 4293 2218 4359 bene,'
2265 4297 2476 4361 ‘reete,’
2509 4297 2764 4362 posti-m,
