<?xml version="1.0" encoding="UTF-8"?>
<!DOCTYPE html PUBLIC "-//W3C//DTD XHTML 1.0 Transitional//EN"
    "http://www.w3.org/TR/xhtml1/DTD/xhtml1-transitional.dtd">
<html xmlns="http://www.w3.org/1999/xhtml" xml:lang="en" lang="en">
 <head>
  <title>
</title>
<meta http-equiv="Content-Type" content="text/html;charset=utf-8" />
  <meta name='ocr-system' content='tesseract 3.04.00' />
  <meta name='ocr-capabilities' content='ocr_page ocr_carea ocr_par ocr_line ocrx_word'/>
</head>
<body>
  <div class='ocr_page' id='page_1' title='image "./panegyriciveter02unkngoog_0598.png"; bbox 0 0 3060 4902; ppageno 0'>
   <div class='ocr_carea' id='block_1_1' title="bbox 537 308 712 375">
    <p class='ocr_par' dir='ltr' id='par_1_1' title="bbox 537 308 712 375">
     <span class='ocr_line' id='line_1_1' title="bbox 537 308 712 375; baseline -0.011 0"><span class='ocrx_word' id='word_1_1' title='bbox 537 308 712 375; x_wconf 79' lang='lat'>1052</span> 
     </span>
    </p>
   </div>
   <div class='ocr_carea' id='block_1_2' title="bbox 515 467 1602 4365">
    <p class='ocr_par' dir='ltr' id='par_1_2' title="bbox 529 467 1602 1824">
     <span class='ocr_line' id='line_1_2' title="bbox 536 467 1602 531; baseline -0.004 -12"><span class='ocrx_word' id='word_1_2' title='bbox 536 468 778 519; x_wconf 84' lang='lat' dir='ltr'>membris</span> <span class='ocrx_word' id='word_1_3' title='bbox 812 473 985 517; x_wconf 90' lang='lat' dir='ltr'>mente</span> <span class='ocrx_word' id='word_1_4' title='bbox 1020 471 1141 517; x_wconf 90' lang='lat' dir='ltr'>sunt</span> <span class='ocrx_word' id='word_1_5' title='bbox 1174 467 1510 531; x_wconf 64' lang='lat' dir='ltr'>repetend23</span> <span class='ocrx_word' id='word_1_6' title='bbox 1551 482 1602 516; x_wconf 87' lang='lat' dir='ltr'>v.</span> 
     </span>
     <span class='ocr_line' id='line_1_3' title="bbox 537 544 1601 610; baseline 0 -16"><span class='ocrx_word' id='word_1_7' title='bbox 537 562 588 610; x_wconf 77' lang='lat' dir='ltr'>g.</span> <span class='ocrx_word' id='word_1_8' title='bbox 617 546 806 606; x_wconf 74' lang='lat' dir='ltr'>Dignus</span> <span class='ocrx_word' id='word_1_9' title='bbox 827 560 897 605; x_wconf 84' lang='lat' dir='ltr'>es,</span> <span class='ocrx_word' id='word_1_10' title='bbox 918 544 1000 608; x_wconf 77' lang='lat' dir='ltr'>qui</span> <span class='ocrx_word' id='word_1_11' title='bbox 1023 544 1289 606; x_wconf 71' lang='lat' dir='ltr'>petentibus</span> <span class='ocrx_word' id='word_1_12' title='bbox 1309 545 1601 594; x_wconf 70' lang='lat' dir='ltr'>montionem</span> 
     </span>
     <span class='ocr_line' id='line_1_4' title="bbox 536 620 1598 683; baseline 0.003 -15"><span class='ocrx_word' id='word_1_13' title='bbox 536 655 552 673; x_wconf 90' lang='lat'><strong>.</strong></span> <span class='ocrx_word' id='word_1_14' title='bbox 574 656 588 671; x_wconf 88' lang='lat'><strong>.</strong></span> <span class='ocrx_word' id='word_1_15' title='bbox 611 653 624 668; x_wconf 89' lang='lat'><strong>.</strong></span> <span class='ocrx_word' id='word_1_16' title='bbox 648 621 860 678; x_wconf 55' lang='lat' dir='ltr'>tribuam</span> <span class='ocrx_word' id='word_1_17' title='bbox 891 620 1067 681; x_wconf 64' lang='lat' dir='ltr'>dignus</span> <span class='ocrx_word' id='word_1_18' title='bbox 1082 635 1147 676; x_wconf 88' lang='lat' dir='ltr'>es,</span> <span class='ocrx_word' id='word_1_19' title='bbox 1164 620 1534 683; x_wconf 70' lang='lat' dir='ltr'>quidhomieis.</span> <span class='ocrx_word' id='word_1_20' title='bbox 1555 653 1598 671; x_wconf 76' lang='lat'>.-</span> 
     </span>
     <span class='ocr_line' id='line_1_5' title="bbox 533 696 1601 761; baseline 0 -15"><span class='ocrx_word' id='word_1_21' title='bbox 533 711 628 746; x_wconf 68' lang='grc' dir='ltr'>ποια</span> <span class='ocrx_word' id='word_1_22' title='bbox 664 701 712 746; x_wconf 81' lang='lat' dir='ltr'>te</span> <span class='ocrx_word' id='word_1_23' title='bbox 745 696 951 758; x_wconf 73' lang='lat' dir='ltr'>relinqui</span> <span class='ocrx_word' id='word_1_24' title='bbox 985 700 1127 758; x_wconf 79' lang='lat' dir='ltr'>putes</span> <span class='ocrx_word' id='word_1_25' title='bbox 1143 713 1163 755; x_wconf 89' lang='lat'>,·</span> <span class='ocrx_word' id='word_1_26' title='bbox 1206 698 1382 757; x_wconf 78' lang='lat' dir='ltr'>dig-nas</span> <span class='ocrx_word' id='word_1_27' title='bbox 1413 711 1482 759; x_wconf 81' lang='lat' dir='ltr'>es,</span> <span class='ocrx_word' id='word_1_28' title='bbox 1514 696 1601 761; x_wconf 79' lang='lat' dir='ltr'>qui</span> 
     </span>
     <span class='ocr_line' id='line_1_6' title="bbox 532 773 1601 835; baseline -0.001 -11"><span class='ocrx_word' id='word_1_29' title='bbox 532 789 714 835; x_wconf 78' lang='lat' dir='ltr'>semper</span> <span class='ocrx_word' id='word_1_30' title='bbox 736 773 970 829; x_wconf 71' lang='lat' dir='ltr'>invenias,</span> <span class='ocrx_word' id='word_1_31' title='bbox 989 776 1070 834; x_wconf 59' lang='grc' dir='ltr'>ξε.</span> <span class='ocrx_word' id='word_1_32' title='bbox 1136 773 1265 822; x_wconf 89' lang='lat' dir='ltr'>ldeo</span> <span class='ocrx_word' id='word_1_33' title='bbox 1298 781 1469 823; x_wconf 87' lang='lat' dir='ltr'>autem</span> <span class='ocrx_word' id='word_1_34' title='bbox 1494 773 1601 824; x_wconf 86' lang='lat' dir='ltr'>Pli-</span> 
     </span>
     <span class='ocr_line' id='line_1_7' title="bbox 532 848 1601 913; baseline 0.001 -14"><span class='ocrx_word' id='word_1_35' title='bbox 532 851 652 899; x_wconf 87' lang='lat' dir='ltr'>nius</span> <span class='ocrx_word' id='word_1_36' title='bbox 674 851 958 913; x_wconf 85' lang='lat' dir='ltr'>Trajauum</span> <span class='ocrx_word' id='word_1_37' title='bbox 992 850 1123 899; x_wconf 90' lang='lat' dir='ltr'>dicit</span> <span class='ocrx_word' id='word_1_38' title='bbox 1154 849 1383 912; x_wconf 82' lang='lat' dir='ltr'>dignum,</span> <span class='ocrx_word' id='word_1_39' title='bbox 1404 850 1489 913; x_wconf 90' lang='lat' dir='ltr'>qui</span> <span class='ocrx_word' id='word_1_40' title='bbox 1524 848 1601 900; x_wconf 79' lang='lat' dir='ltr'>of·</span> 
     </span>
     <span class='ocr_line' id='line_1_8' title="bbox 532 927 1599 991; baseline 0.001 -15"><span class='ocrx_word' id='word_1_41' title='bbox 532 927 653 977; x_wconf 77' lang='lat' dir='ltr'>ficia</span> <span class='ocrx_word' id='word_1_42' title='bbox 674 927 882 977; x_wconf 84' lang='lat' dir='ltr'>mandet</span> <span class='ocrx_word' id='word_1_43' title='bbox 905 927 1170 990; x_wconf 78' lang='lat' dir='ltr'>deponere</span> <span class='ocrx_word' id='word_1_44' title='bbox 1200 927 1523 991; x_wconf 87' lang='lat' dir='ltr'>optantibus,</span> <span class='ocrx_word' id='word_1_45' title='bbox 1542 935 1599 977; x_wconf 89' lang='lat' dir='ltr'>et</span> 
     </span>
     <span class='ocr_line' id='line_1_9' title="bbox 533 1004 1600 1069; baseline 0.002 -17"><span class='ocrx_word' id='word_1_46' title='bbox 533 1006 859 1055; x_wconf 78' lang='lat' dir='ltr'>vacationem</span> <span class='ocrx_word' id='word_1_47' title='bbox 898 1005 1195 1067; x_wconf 87' lang='lat' dir='ltr'>petentibus</span> <span class='ocrx_word' id='word_1_48' title='bbox 1220 1005 1440 1065; x_wconf 86' lang='lat' dir='ltr'>tribuat;</span> <span class='ocrx_word' id='word_1_49' title='bbox 1477 1004 1600 1069; x_wconf 86' lang='lat' dir='ltr'>quia</span> 
     </span>
     <span class='ocr_line' id='line_1_10' title="bbox 535 1078 1596 1144; baseline 0.002 -15"><span class='ocrx_word' id='word_1_50' title='bbox 535 1080 782 1130; x_wconf 88' lang='lat' dir='ltr'>indicium</span> <span class='ocrx_word' id='word_1_51' title='bbox 818 1078 1050 1129; x_wconf 84' lang='lat' dir='ltr'>felicium</span> <span class='ocrx_word' id='word_1_52' title='bbox 1089 1088 1380 1144; x_wconf 87' lang='lat' dir='ltr'>temporum</span> <span class='ocrx_word' id='word_1_53' title='bbox 1413 1089 1518 1143; x_wconf 87' lang='lat' dir='ltr'>est,</span> <span class='ocrx_word' id='word_1_54' title='bbox 1554 1083 1596 1131; x_wconf 85' lang='lat' dir='ltr'>si</span> 
     </span>
     <span class='ocr_line' id='line_1_11' title="bbox 535 1156 1595 1220; baseline 0.002 -15"><span class='ocrx_word' id='word_1_55' title='bbox 535 1157 794 1219; x_wconf 81' lang='lat' dir='ltr'>supersint</span> <span class='ocrx_word' id='word_1_56' title='bbox 828 1156 979 1205; x_wconf 85' lang='lat' dir='ltr'>amici</span> <span class='ocrx_word' id='word_1_57' title='bbox 1013 1157 1258 1220; x_wconf 85' lang='lat' dir='ltr'>principis</span> <span class='ocrx_word' id='word_1_58' title='bbox 1292 1166 1347 1207; x_wconf 89' lang='lat' dir='ltr'>et</span> <span class='ocrx_word' id='word_1_59' title='bbox 1372 1157 1595 1208; x_wconf 88' lang='lat' dir='ltr'>ministri</span> 
     </span>
     <span class='ocr_line' id='line_1_12' title="bbox 534 1233 1596 1299; baseline 0.004 -17"><span class='ocrx_word' id='word_1_60' title='bbox 534 1233 680 1295; x_wconf 90' lang='lat' dir='ltr'>boni,</span> <span class='ocrx_word' id='word_1_61' title='bbox 703 1235 807 1298; x_wconf 87' lang='lat' dir='ltr'>qui,</span> <span class='ocrx_word' id='word_1_62' title='bbox 839 1249 956 1284; x_wconf 87' lang='lat' dir='ltr'>cum</span> <span class='ocrx_word' id='word_1_63' title='bbox 992 1248 1143 1297; x_wconf 89' lang='lat' dir='ltr'>pares</span> <span class='ocrx_word' id='word_1_64' title='bbox 1179 1235 1282 1284; x_wconf 89' lang='lat' dir='ltr'>sint</span> <span class='ocrx_word' id='word_1_65' title='bbox 1319 1235 1473 1283; x_wconf 86' lang='lat' dir='ltr'>rebus</span> <span class='ocrx_word' id='word_1_66' title='bbox 1508 1250 1596 1299; x_wconf 80' lang='lat' dir='ltr'>ge·</span> 
     </span>
     <span class='ocr_line' id='line_1_13' title="bbox 534 1311 1597 1374; baseline 0.001 -15"><span class='ocrx_word' id='word_1_67' title='bbox 534 1311 733 1370; x_wconf 80' lang='lat' dir='ltr'>tendis,</span> <span class='ocrx_word' id='word_1_68' title='bbox 755 1324 813 1360; x_wconf 88' lang='lat' dir='ltr'>se</span> <span class='ocrx_word' id='word_1_69' title='bbox 838 1317 1011 1360; x_wconf 84' lang='lat' dir='ltr'>tamen</span> <span class='ocrx_word' id='word_1_70' title='bbox 1032 1325 1133 1360; x_wconf 90' lang='lat' dir='ltr'>non</span> <span class='ocrx_word' id='word_1_71' title='bbox 1156 1311 1389 1374; x_wconf 76' lang='lat' dir='ltr'>ingeram</span> <span class='ocrx_word' id='word_1_72' title='bbox 1415 1311 1597 1360; x_wconf 89' lang='lat' dir='ltr'>obtru-</span> 
     </span>
     <span class='ocr_line' id='line_1_14' title="bbox 532 1385 1599 1451; baseline 0.003 -17"><span class='ocrx_word' id='word_1_73' title='bbox 532 1385 761 1451; x_wconf 86' lang='lat' dir='ltr'>dantque</span> <span class='ocrx_word' id='word_1_74' title='bbox 808 1386 1111 1449; x_wconf 90' lang='lat' dir='ltr'>bonoribus,</span> <span class='ocrx_word' id='word_1_75' title='bbox 1150 1401 1317 1451; x_wconf 86' lang='lat' dir='ltr'>neque</span> <span class='ocrx_word' id='word_1_76' title='bbox 1367 1388 1599 1437; x_wconf 86' lang='lat' dir='ltr'>ambiant</span> 
     </span>
     <span class='ocr_line' id='line_1_15' title="bbox 533 1463 1600 1528; baseline 0.001 -17"><span class='ocrx_word' id='word_1_77' title='bbox 533 1477 746 1512; x_wconf 84' lang='lat' dir='ltr'>munera</span> <span class='ocrx_word' id='word_1_78' title='bbox 813 1463 1025 1527; x_wconf 85' lang='lat' dir='ltr'>publica</span> <span class='ocrx_word' id='word_1_79' title='bbox 1085 1474 1316 1528; x_wconf 78' lang='lat' dir='ltr'>quaestus</span> <span class='ocrx_word' id='word_1_80' title='bbox 1380 1478 1556 1515; x_wconf 85' lang='lat' dir='ltr'>caussa</span> <span class='ocrx_word' id='word_1_81' title='bbox 1583 1484 1600 1528; x_wconf 68' lang='grc' dir='ltr'>ς</span> 
     </span>
     <span class='ocr_line' id='line_1_16' title="bbox 532 1538 1598 1603; baseline 0.003 -16"><span class='ocrx_word' id='word_1_82' title='bbox 532 1538 764 1603; x_wconf 80' lang='lat' dir='ltr'>itemque</span> <span class='ocrx_word' id='word_1_83' title='bbox 809 1541 850 1589; x_wconf 87' lang='lat' dir='ltr'>si</span> <span class='ocrx_word' id='word_1_84' title='bbox 895 1554 1045 1589; x_wconf 87' lang='lat' dir='ltr'>nemo</span> <span class='ocrx_word' id='word_1_85' title='bbox 1085 1547 1300 1600; x_wconf 66' lang='lat' dir='ltr'>cogatur</span> <span class='ocrx_word' id='word_1_86' title='bbox 1340 1540 1405 1590; x_wconf 84' lang='lat' dir='ltr'>ad</span> <span class='ocrx_word' id='word_1_87' title='bbox 1445 1542 1598 1590; x_wconf 88' lang='lat' dir='ltr'>susti·</span> 
     </span>
     <span class='ocr_line' id='line_1_17' title="bbox 533 1616 1598 1680; baseline 0.003 -15"><span class='ocrx_word' id='word_1_88' title='bbox 533 1618 704 1665; x_wconf 88' lang='lat' dir='ltr'>nenda</span> <span class='ocrx_word' id='word_1_89' title='bbox 737 1617 931 1678; x_wconf 89' lang='lat' dir='ltr'>munia,</span> <span class='ocrx_word' id='word_1_90' title='bbox 954 1616 1045 1666; x_wconf 86' lang='lat' dir='ltr'>sed</span> <span class='ocrx_word' id='word_1_91' title='bbox 1071 1617 1336 1680; x_wconf 70' lang='lat' dir='ltr'>quibusvis</span> <span class='ocrx_word' id='word_1_92' title='bbox 1373 1617 1518 1666; x_wconf 87' lang='lat' dir='ltr'>bonis</span> <span class='ocrx_word' id='word_1_93' title='bbox 1542 1626 1598 1668; x_wconf 91' lang='lat' dir='ltr'>et</span> 
     </span>
     <span class='ocr_line' id='line_1_18' title="bbox 529 1692 1598 1745; baseline 0.002 -2"><span class='ocrx_word' id='word_1_94' title='bbox 529 1693 667 1744; x_wconf 88' lang='lat' dir='ltr'>bene</span> <span class='ocrx_word' id='word_1_95' title='bbox 690 1695 889 1743; x_wconf 88' lang='lat' dir='ltr'>meritis</span> <span class='ocrx_word' id='word_1_96' title='bbox 911 1692 1136 1743; x_wconf 84' lang='lat' dir='ltr'>facultas</span> <span class='ocrx_word' id='word_1_97' title='bbox 1159 1702 1281 1742; x_wconf 80' lang='lat' dir='ltr'>voto</span> <span class='ocrx_word' id='word_1_98' title='bbox 1307 1708 1399 1743; x_wconf 91' lang='lat' dir='ltr'>suo</span> <span class='ocrx_word' id='word_1_99' title='bbox 1422 1694 1598 1745; x_wconf 80' lang='lat' dir='ltr'>viven-</span> 
     </span>
     <span class='ocr_line' id='line_1_19' title="bbox 531 1773 1229 1824; baseline -0.003 -1"><span class='ocrx_word' id='word_1_100' title='bbox 531 1773 586 1823; x_wconf 92' lang='lat' dir='ltr'>di</span> <span class='ocrx_word' id='word_1_101' title='bbox 611 1775 947 1823; x_wconf 79' lang='lat' dir='ltr'>concedatur.</span> <span class='ocrx_word' id='word_1_102' title='bbox 982 1774 1229 1824; x_wconf 69' lang='lat' dir='ltr'>Schmun.</span> 
     </span>
    </p>

    <p class='ocr_par' dir='ltr' id='par_1_3' title="bbox 528 1850 1597 1989">
     <span class='ocr_line' id='line_1_20' title="bbox 599 1850 1597 1915; baseline 0.002 -17"><span class='ocrx_word' id='word_1_103' title='bbox 599 1852 699 1907; x_wconf 73' lang='lat' dir='ltr'>Qui</span> <span class='ocrx_word' id='word_1_104' title='bbox 724 1850 993 1913; x_wconf 74' lang='lat' dir='ltr'>petentibus</span> <span class='ocrx_word' id='word_1_105' title='bbox 1013 1852 1330 1915; x_wconf 76' lang='lat' dir='ltr'>vocatiouem]</span> <span class='ocrx_word' id='word_1_106' title='bbox 1377 1850 1597 1900; x_wconf 78' lang='lat' dir='ltr'>Vocatiu-</span> 
     </span>
     <span class='ocr_line' id='line_1_21' title="bbox 528 1926 1345 1989; baseline -0.001 -13"><span class='ocrx_word' id='word_1_107' title='bbox 528 1941 653 1976; x_wconf 80' lang='lat' dir='ltr'>stens.</span> <span class='ocrx_word' id='word_1_108' title='bbox 721 1928 849 1989; x_wconf 86' lang='lat' dir='ltr'>Leg.</span> <span class='ocrx_word' id='word_1_109' title='bbox 873 1927 1180 1976; x_wconf 78' lang='lat' dir='ltr'>oucutionem.</span> <span class='ocrx_word' id='word_1_110' title='bbox 1212 1926 1345 1975; x_wconf 76' lang='lat' dir='ltr'>Ritt-</span> 
     </span>
    </p>

    <p class='ocr_par' dir='ltr' id='par_1_4' title="bbox 529 2001 1596 2144">
     <span class='ocr_line' id='line_1_22' title="bbox 596 2001 1596 2067; baseline 0.001 -15"><span class='ocrx_word' id='word_1_111' title='bbox 596 2003 850 2066; x_wconf 73' lang='lat' dir='ltr'>Requiem]</span> <span class='ocrx_word' id='word_1_112' title='bbox 874 2005 1042 2054; x_wconf 82' lang='lat' dir='ltr'>Quam</span> <span class='ocrx_word' id='word_1_113' title='bbox 1062 2003 1187 2051; x_wconf 89' lang='lat' dir='ltr'>alias</span> <span class='ocrx_word' id='word_1_114' title='bbox 1200 2001 1481 2067; x_wconf 83' lang='lat' dir='ltr'>depoutani</span> <span class='ocrx_word' id='word_1_115' title='bbox 1501 2004 1596 2053; x_wconf 88' lang='lat' dir='ltr'>im·</span> 
     </span>
     <span class='ocr_line' id='line_1_23' title="bbox 529 2080 1014 2144; baseline -0.004 -15"><span class='ocrx_word' id='word_1_116' title='bbox 529 2080 828 2144; x_wconf 84' lang='lat' dir='ltr'>petrabant.</span> <span class='ocrx_word' id='word_1_117' title='bbox 860 2080 1014 2131; x_wconf 75' lang='lat' dir='ltr'>Ber-n.</span> 
     </span>
    </p>

    <p class='ocr_par' dir='ltr' id='par_1_5' title="bbox 530 2154 1596 2296">
     <span class='ocr_line' id='line_1_24' title="bbox 604 2154 1596 2222; baseline 0.003 -16"><span class='ocrx_word' id='word_1_118' title='bbox 604 2156 701 2206; x_wconf 81' lang='lat' dir='ltr'>Vos</span> <span class='ocrx_word' id='word_1_119' title='bbox 740 2158 941 2222; x_wconf 75' lang='lat' dir='ltr'>quoque]</span> <span class='ocrx_word' id='word_1_120' title='bbox 1002 2154 1173 2207; x_wconf 87' lang='lat' dir='ltr'>Amici</span> <span class='ocrx_word' id='word_1_121' title='bbox 1217 2164 1273 2208; x_wconf 91' lang='lat' dir='ltr'>et</span> <span class='ocrx_word' id='word_1_122' title='bbox 1318 2156 1596 2209; x_wconf 70' lang='lat' dir='ltr'>familiares</span> 
     </span>
     <span class='ocr_line' id='line_1_25' title="bbox 530 2233 825 2296; baseline 0.007 -17"><span class='ocrx_word' id='word_1_123' title='bbox 530 2233 657 2295; x_wconf 83' lang='lat' dir='ltr'>ejus.</span> <span class='ocrx_word' id='word_1_124' title='bbox 691 2234 825 2296; x_wconf 78' lang='lat' dir='ltr'>Lips-</span> 
     </span>
    </p>

    <p class='ocr_par' dir='ltr' id='par_1_6' title="bbox 533 2308 1596 2435">
     <span class='ocr_line' id='line_1_26' title="bbox 607 2308 1596 2376; baseline 0.003 -18"><span class='ocrx_word' id='word_1_125' title='bbox 607 2311 699 2358; x_wconf 85' lang='lat' dir='ltr'>Vos</span> <span class='ocrx_word' id='word_1_126' title='bbox 736 2309 937 2373; x_wconf 75' lang='lat' dir='ltr'>qusque]</span> <span class='ocrx_word' id='word_1_127' title='bbox 982 2308 1154 2360; x_wconf 79' lang='lat' dir='ltr'>Amici</span> <span class='ocrx_word' id='word_1_128' title='bbox 1194 2310 1464 2376; x_wconf 88' lang='lat' dir='ltr'>principis,</span> <span class='ocrx_word' id='word_1_129' title='bbox 1500 2312 1596 2361; x_wconf 85' lang='lat' dir='ltr'>viri</span> 
     </span>
     <span class='ocr_line' id='line_1_27' title="bbox 533 2383 931 2435; baseline 0 -2"><span class='ocrx_word' id='word_1_130' title='bbox 533 2383 676 2434; x_wconf 88' lang='lat' dir='ltr'>boni.</span> <span class='ocrx_word' id='word_1_131' title='bbox 711 2386 931 2435; x_wconf 72' lang='lat' dir='ltr'>Potui-ol.</span> 
     </span>
    </p>

    <p class='ocr_par' dir='ltr' id='par_1_7' title="bbox 524 2464 1598 3214">
     <span class='ocr_line' id='line_1_28' title="bbox 595 2464 1597 2526; baseline 0.007 -13"><span class='ocrx_word' id='word_1_132' title='bbox 595 2466 784 2514; x_wconf 77' lang='lat' dir='ltr'>Par-ens</span> <span class='ocrx_word' id='word_1_133' title='bbox 808 2464 988 2526; x_wconf 80' lang='lat' dir='ltr'>noster]</span> <span class='ocrx_word' id='word_1_134' title='bbox 1031 2466 1209 2516; x_wconf 84' lang='lat' dir='ltr'>Codex</span> <span class='ocrx_word' id='word_1_135' title='bbox 1228 2467 1515 2518; x_wconf 84' lang='lat' dir='ltr'>Patavinns</span> <span class='ocrx_word' id='word_1_136' title='bbox 1539 2477 1597 2520; x_wconf 88' lang='lat' dir='ltr'>et</span> 
     </span>
     <span class='ocr_line' id='line_1_29' title="bbox 531 2541 1596 2609; baseline 0.007 -21"><span class='ocrx_word' id='word_1_137' title='bbox 531 2541 662 2589; x_wconf 90' lang='lat' dir='ltr'>liber</span> <span class='ocrx_word' id='word_1_138' title='bbox 686 2542 973 2590; x_wconf 72' lang='lat' dir='ltr'>Vossianus</span> <span class='ocrx_word' id='word_1_139' title='bbox 1010 2543 1202 2592; x_wconf 77' lang='lat' dir='ltr'>liabent</span> <span class='ocrx_word' id='word_1_140' title='bbox 1231 2545 1453 2609; x_wconf 74' lang='lat' dir='ltr'>princeps</span> <span class='ocrx_word' id='word_1_141' title='bbox 1489 2561 1596 2595; x_wconf 79' lang='lat' dir='ltr'>nos·</span> 
     </span>
     <span class='ocr_line' id='line_1_30' title="bbox 528 2615 1594 2683; baseline 0.008 -20"><span class='ocrx_word' id='word_1_142' title='bbox 528 2621 618 2664; x_wconf 78' lang='lat' dir='ltr'>ter.</span> <span class='ocrx_word' id='word_1_143' title='bbox 687 2615 789 2665; x_wconf 88' lang='lat' dir='ltr'>Sed</span> <span class='ocrx_word' id='word_1_144' title='bbox 836 2632 937 2665; x_wconf 92' lang='lat' dir='ltr'>non</span> <span class='ocrx_word' id='word_1_145' title='bbox 982 2626 1083 2679; x_wconf 89' lang='lat' dir='ltr'>est,</span> <span class='ocrx_word' id='word_1_146' title='bbox 1117 2621 1253 2682; x_wconf 88' lang='lat' dir='ltr'>qnod</span> <span class='ocrx_word' id='word_1_147' title='bbox 1300 2623 1594 2683; x_wconf 78' lang='lat' dir='ltr'>rejiciamus</span> 
     </span>
     <span class='ocr_line' id='line_1_31' title="bbox 526 2691 1598 2760; baseline 0.01 -22"><span class='ocrx_word' id='word_1_148' title='bbox 526 2691 789 2754; x_wconf 77' lang='lat' dir='ltr'>vulgatam</span> <span class='ocrx_word' id='word_1_149' title='bbox 813 2694 1103 2752; x_wconf 82' lang='lat' dir='ltr'>lectionem,</span> <span class='ocrx_word' id='word_1_150' title='bbox 1121 2711 1419 2760; x_wconf 77' lang='lat' dir='ltr'>cumpurens</span> <span class='ocrx_word' id='word_1_151' title='bbox 1435 2706 1598 2749; x_wconf 72' lang='lat' dir='ltr'>noster·</span> 
     </span>
     <span class='ocr_line' id='line_1_32' title="bbox 526 2771 1595 2837; baseline 0.01 -22"><span class='ocrx_word' id='word_1_152' title='bbox 526 2782 622 2831; x_wconf 84' lang='lat' dir='ltr'>pro</span> <span class='ocrx_word' id='word_1_153' title='bbox 666 2773 681 2796; x_wconf 91' lang='lat'>‘</span> <span class='ocrx_word' id='word_1_154' title='bbox 709 2778 859 2831; x_wconf 87' lang='lat' dir='ltr'>patre</span> <span class='ocrx_word' id='word_1_155' title='bbox 903 2771 1133 2833; x_wconf 76' lang='lat' dir='ltr'>patriae,’</span> <span class='ocrx_word' id='word_1_156' title='bbox 1179 2774 1289 2821; x_wconf 84' lang='lat' dir='ltr'>sive</span> <span class='ocrx_word' id='word_1_157' title='bbox 1333 2779 1348 2803; x_wconf 80' lang='lat'>⁸</span> <span class='ocrx_word' id='word_1_158' title='bbox 1374 2784 1595 2837; x_wconf 84' lang='lat' dir='ltr'>parente</span> 
     </span>
     <span class='ocr_line' id='line_1_33' title="bbox 526 2844 1592 2915; baseline 0.009 -25"><span class='ocrx_word' id='word_1_159' title='bbox 526 2844 777 2906; x_wconf 82' lang='lat' dir='ltr'>publico,&#39;</span> <span class='ocrx_word' id='word_1_160' title='bbox 799 2853 1038 2908; x_wconf 88' lang='lat' dir='ltr'>ponatur.</span> <span class='ocrx_word' id='word_1_161' title='bbox 1099 2847 1187 2897; x_wconf 86' lang='lat' dir='ltr'>Sic</span> <span class='ocrx_word' id='word_1_162' title='bbox 1213 2856 1390 2898; x_wconf 88' lang='lat' dir='ltr'>noster</span> <span class='ocrx_word' id='word_1_163' title='bbox 1414 2866 1592 2915; x_wconf 89' lang='lat' dir='ltr'>snpra,</span> 
     </span>
     <span class='ocr_line' id='line_1_34' title="bbox 527 2922 1594 2991; baseline 0.007 -22"><span class='ocrx_word' id='word_1_164' title='bbox 527 2923 680 2969; x_wconf 77' lang='lat' dir='ltr'>tv.2.</span> <span class='ocrx_word' id='word_1_165' title='bbox 717 2922 950 2970; x_wconf 70' lang='lat' dir='ltr'>‘Parcus</span> <span class='ocrx_word' id='word_1_166' title='bbox 992 2933 1167 2972; x_wconf 83' lang='lat' dir='ltr'>noster</span> <span class='ocrx_word' id='word_1_167' title='bbox 1206 2926 1436 2988; x_wconf 89' lang='lat' dir='ltr'>privatas</span> <span class='ocrx_word' id='word_1_168' title='bbox 1476 2942 1594 2991; x_wconf 80' lang='lat' dir='ltr'>gra·</span> 
     </span>
     <span class='ocr_line' id='line_1_35' title="bbox 526 2997 1591 3069; baseline 0.01 -25"><span class='ocrx_word' id='word_1_169' title='bbox 526 2997 714 3046; x_wconf 81' lang='lat' dir='ltr'>tiarum</span> <span class='ocrx_word' id='word_1_170' title='bbox 751 2998 986 3048; x_wconf 75' lang='lat' dir='ltr'>actiones</span> <span class='ocrx_word' id='word_1_171' title='bbox 1022 3001 1252 3064; x_wconf 81' lang='lat' dir='ltr'>cohibet,</span> <span class='ocrx_word' id='word_1_172' title='bbox 1281 3010 1337 3052; x_wconf 91' lang='lat' dir='ltr'>et</span> <span class='ocrx_word' id='word_1_173' title='bbox 1367 3007 1591 3069; x_wconf 89' lang='lat' dir='ltr'>compri-</span> 
     </span>
     <span class='ocr_line' id='line_1_36' title="bbox 525 3074 1591 3144; baseline 0.009 -23"><span class='ocrx_word' id='word_1_174' title='bbox 525 3074 668 3135; x_wconf 77' lang='lat' dir='ltr'>mit3’</span> <span class='ocrx_word' id='word_1_175' title='bbox 704 3083 761 3125; x_wconf 92' lang='lat' dir='ltr'>ut</span> <span class='ocrx_word' id='word_1_176' title='bbox 796 3077 897 3124; x_wconf 88' lang='lat' dir='ltr'>alia</span> <span class='ocrx_word' id='word_1_177' title='bbox 931 3077 1079 3139; x_wconf 77' lang='lat' dir='ltr'>liujus</span> <span class='ocrx_word' id='word_1_178' title='bbox 1109 3079 1312 3139; x_wconf 79' lang='lat' dir='ltr'>generis</span> <span class='ocrx_word' id='word_1_179' title='bbox 1342 3079 1453 3129; x_wconf 91' lang='lat' dir='ltr'>loca</span> <span class='ocrx_word' id='word_1_180' title='bbox 1478 3082 1591 3144; x_wconf 84' lang='lat' dir='ltr'>jam</span> 
     </span>
     <span class='ocr_line' id='line_1_37' title="bbox 524 3152 1213 3214; baseline 0.001 -15"><span class='ocrx_word' id='word_1_181' title='bbox 524 3153 939 3214; x_wconf 65' lang='lat' dir='ltr'>praetermittam.</span> <span class='ocrx_word' id='word_1_182' title='bbox 975 3152 1213 3203; x_wconf 72' lang='lat' dir='ltr'>Schmun.</span> 
     </span>
    </p>

    <p class='ocr_par' dir='ltr' id='par_1_8' title="bbox 515 3229 1592 4365">
     <span class='ocr_line' id='line_1_38' title="bbox 592 3229 1592 3298; baseline 0.007 -21"><span class='ocrx_word' id='word_1_183' title='bbox 592 3229 1016 3290; x_wconf 74' lang='lat' dir='ltr'>Fovetejadiciam</span> <span class='ocrx_word' id='word_1_184' title='bbox 1037 3230 1159 3293; x_wconf 69' lang='lat' dir='ltr'>eius]</span> <span class='ocrx_word' id='word_1_185' title='bbox 1194 3231 1239 3282; x_wconf 89' lang='lat'>1.</span> <span class='ocrx_word' id='word_1_186' title='bbox 1258 3246 1306 3281; x_wconf 85' lang='lat' dir='ltr'>e.</span> <span class='ocrx_word' id='word_1_187' title='bbox 1329 3234 1467 3283; x_wconf 89' lang='lat' dir='ltr'>omni</span> <span class='ocrx_word' id='word_1_188' title='bbox 1491 3249 1592 3298; x_wconf 91' lang='lat' dir='ltr'>ope</span> 
     </span>
     <span class='ocr_line' id='line_1_39' title="bbox 524 3303 1591 3362; baseline 0.007 -10"><span class='ocrx_word' id='word_1_189' title='bbox 524 3303 779 3362; x_wconf 84' lang='lat' dir='ltr'>laborate,</span> <span class='ocrx_word' id='word_1_190' title='bbox 805 3313 861 3354; x_wconf 89' lang='lat' dir='ltr'>ut</span> <span class='ocrx_word' id='word_1_191' title='bbox 898 3306 1146 3354; x_wconf 83' lang='lat' dir='ltr'>tueamini</span> <span class='ocrx_word' id='word_1_192' title='bbox 1183 3321 1243 3355; x_wconf 89' lang='lat' dir='ltr'>ac</span> <span class='ocrx_word' id='word_1_193' title='bbox 1269 3310 1591 3359; x_wconf 87' lang='lat' dir='ltr'>conservetis</span> 
     </span>
     <span class='ocr_line' id='line_1_40' title="bbox 524 3379 1591 3449; baseline 0.007 -21"><span class='ocrx_word' id='word_1_194' title='bbox 524 3379 666 3429; x_wconf 89' lang='lat' dir='ltr'>illam</span> <span class='ocrx_word' id='word_1_195' title='bbox 695 3381 879 3430; x_wconf 87' lang='lat' dir='ltr'>bonam</span> <span class='ocrx_word' id='word_1_196' title='bbox 915 3381 1375 3444; x_wconf 82' lang='lat' dir='ltr'>existimationem,</span> <span class='ocrx_word' id='word_1_197' title='bbox 1400 3392 1456 3433; x_wconf 93' lang='lat' dir='ltr'>et</span> <span class='ocrx_word' id='word_1_198' title='bbox 1478 3386 1591 3449; x_wconf 86' lang='lat' dir='ltr'>opi·</span> 
     </span>
     <span class='ocr_line' id='line_1_41' title="bbox 522 3455 1589 3522; baseline 0.006 -17"><span class='ocrx_word' id='word_1_199' title='bbox 522 3455 729 3505; x_wconf 88' lang='lat' dir='ltr'>niouem</span> <span class='ocrx_word' id='word_1_200' title='bbox 768 3458 1119 3521; x_wconf 80' lang='lat' dir='ltr'>honorificam,</span> <span class='ocrx_word' id='word_1_201' title='bbox 1153 3474 1305 3522; x_wconf 87' lang='lat' dir='ltr'>quam</span> <span class='ocrx_word' id='word_1_202' title='bbox 1342 3459 1411 3509; x_wconf 90' lang='lat' dir='ltr'>de</span> <span class='ocrx_word' id='word_1_203' title='bbox 1441 3461 1589 3511; x_wconf 91' lang='lat' dir='ltr'>nobis</span> 
     </span>
     <span class='ocr_line' id='line_1_42' title="bbox 522 3532 1589 3601; baseline 0.006 -19"><span class='ocrx_word' id='word_1_204' title='bbox 522 3532 704 3582; x_wconf 69' lang='lat' dir='ltr'>Caesar</span> <span class='ocrx_word' id='word_1_205' title='bbox 734 3534 910 3583; x_wconf 87' lang='lat' dir='ltr'>habet.</span> <span class='ocrx_word' id='word_1_206' title='bbox 976 3535 1194 3590; x_wconf 86' lang='lat' dir='ltr'>Omnes.</span> <span class='ocrx_word' id='word_1_207' title='bbox 1217 3551 1346 3600; x_wconf 90' lang='lat' dir='ltr'>quos</span> <span class='ocrx_word' id='word_1_208' title='bbox 1371 3540 1589 3601; x_wconf 89' lang='lat' dir='ltr'>contuli,</span> 
     </span>
     <span class='ocr_line' id='line_1_43' title="bbox 521 3608 1589 3676; baseline 0.003 -16"><span class='ocrx_word' id='word_1_209' title='bbox 521 3608 730 3660; x_wconf 85' lang='lat' dir='ltr'>codices</span> <span class='ocrx_word' id='word_1_210' title='bbox 755 3611 880 3658; x_wconf 67' lang='grc' dir='ltr'>Μαι.</span> <span class='ocrx_word' id='word_1_211' title='bbox 904 3623 1001 3673; x_wconf 92' lang='lat' dir='ltr'>pro</span> <span class='ocrx_word' id='word_1_212' title='bbox 1018 3610 1202 3669; x_wconf 74' lang='lat' dir='ltr'>fovete,</span> <span class='ocrx_word' id='word_1_213' title='bbox 1226 3621 1472 3676; x_wconf 84' lang='lat' dir='ltr'>corrupte</span> <span class='ocrx_word' id='word_1_214' title='bbox 1510 3628 1589 3663; x_wconf 89' lang='lat' dir='ltr'>re-</span> 
     </span>
     <span class='ocr_line' id='line_1_44' title="bbox 519 3683 1588 3751; baseline 0.006 -17"><span class='ocrx_word' id='word_1_215' title='bbox 519 3683 844 3745; x_wconf 75' lang='lat' dir='ltr'>feruntssoet</span> <span class='ocrx_word' id='word_1_216' title='bbox 860 3700 879 3742; x_wconf 86' lang='lat'>,·</span> <span class='ocrx_word' id='word_1_217' title='bbox 911 3694 1068 3748; x_wconf 89' lang='lat' dir='ltr'>atque</span> <span class='ocrx_word' id='word_1_218' title='bbox 1089 3686 1161 3734; x_wconf 88' lang='lat' dir='ltr'>ita</span> <span class='ocrx_word' id='word_1_219' title='bbox 1186 3688 1405 3751; x_wconf 76' lang='lat' dir='ltr'>legimns</span> <span class='ocrx_word' id='word_1_220' title='bbox 1430 3690 1588 3740; x_wconf 87' lang='lat' dir='ltr'>etiam</span> 
     </span>
     <span class='ocr_line' id='line_1_45' title="bbox 520 3760 1589 3825; baseline 0.005 -14"><span class='ocrx_word' id='word_1_221' title='bbox 520 3761 577 3811; x_wconf 91' lang='lat' dir='ltr'>in</span> <span class='ocrx_word' id='word_1_222' title='bbox 623 3761 997 3825; x_wconf 83' lang='lat' dir='ltr'>antiquioribus</span> <span class='ocrx_word' id='word_1_223' title='bbox 1040 3760 1354 3812; x_wconf 86' lang='lat' dir='ltr'>editionibus</span> <span class='ocrx_word' id='word_1_224' title='bbox 1390 3766 1589 3816; x_wconf 86' lang='lat' dir='ltr'>Puteo·</span> 
     </span>
     <span class='ocr_line' id='line_1_46' title="bbox 520 3838 1589 3904; baseline 0.005 -17"><span class='ocrx_word' id='word_1_225' title='bbox 520 3839 650 3900; x_wconf 83' lang='lat' dir='ltr'>luni,</span> <span class='ocrx_word' id='word_1_226' title='bbox 680 3838 944 3901; x_wconf 80' lang='lat' dir='ltr'>Ber-oaldi,</span> <span class='ocrx_word' id='word_1_227' title='bbox 978 3838 1231 3895; x_wconf 71' lang='lat' dir='ltr'>Catanaei,</span> <span class='ocrx_word' id='word_1_228' title='bbox 1268 3840 1589 3904; x_wconf 82' lang='lat' dir='ltr'>cuspiniani.</span> 
     </span>
     <span class='ocr_line' id='line_1_47' title="bbox 520 3915 1588 3980; baseline 0.004 -15"><span class='ocrx_word' id='word_1_229' title='bbox 520 3916 730 3966; x_wconf 86' lang='lat' dir='ltr'>Primus</span> <span class='ocrx_word' id='word_1_230' title='bbox 751 3916 919 3975; x_wconf 74' lang='lat' dir='ltr'>fovete</span> <span class='ocrx_word' id='word_1_231' title='bbox 951 3915 1194 3979; x_wconf 85' lang='lat' dir='ltr'>procudit</span> <span class='ocrx_word' id='word_1_232' title='bbox 1223 3916 1410 3980; x_wconf 86' lang='lat' dir='ltr'>Aldus,</span> <span class='ocrx_word' id='word_1_233' title='bbox 1444 3928 1500 3968; x_wconf 91' lang='lat' dir='ltr'>et</span> <span class='ocrx_word' id='word_1_234' title='bbox 1534 3920 1588 3969; x_wconf 94' lang='lat' dir='ltr'>in</span> 
     </span>
     <span class='ocr_line' id='line_1_48' title="bbox 519 3991 1587 4054; baseline 0.006 -16"><span class='ocrx_word' id='word_1_235' title='bbox 519 3991 682 4040; x_wconf 88' lang='lat' dir='ltr'>tertia</span> <span class='ocrx_word' id='word_1_236' title='bbox 720 3991 948 4040; x_wconf 80' lang='lat' dir='ltr'>editione</span> <span class='ocrx_word' id='word_1_237' title='bbox 988 3992 1306 4054; x_wconf 75' lang='lat' dir='ltr'>Catanaeus3</span> <span class='ocrx_word' id='word_1_238' title='bbox 1346 4000 1455 4043; x_wconf 86' lang='lat' dir='ltr'>tum</span> <span class='ocrx_word' id='word_1_239' title='bbox 1490 3994 1587 4044; x_wconf 81' lang='lat' dir='ltr'>As-</span> 
     </span>
     <span class='ocr_line' id='line_1_49' title="bbox 516 4066 1588 4134; baseline 0.005 -19"><span class='ocrx_word' id='word_1_240' title='bbox 516 4070 744 4126; x_wconf 86' lang='lat' dir='ltr'>censius,</span> <span class='ocrx_word' id='word_1_241' title='bbox 773 4066 956 4123; x_wconf 68' lang='lat' dir='ltr'>Suum,</span> <span class='ocrx_word' id='word_1_242' title='bbox 982 4068 1277 4130; x_wconf 79' lang='lat' dir='ltr'>Rhenanus,</span> <span class='ocrx_word' id='word_1_243' title='bbox 1300 4069 1588 4134; x_wconf 76' lang='lat' dir='ltr'>Grypbius,</span> 
     </span>
     <span class='ocr_line' id='line_1_50' title="bbox 518 4143 1584 4199; baseline 0.008 -9"><span class='ocrx_word' id='word_1_244' title='bbox 518 4143 814 4199; x_wconf 78' lang='lat' dir='ltr'>Sicbardns,</span> <span class='ocrx_word' id='word_1_245' title='bbox 838 4152 894 4192; x_wconf 85' lang='lat' dir='ltr'>et</span> <span class='ocrx_word' id='word_1_246' title='bbox 928 4144 1115 4193; x_wconf 84' lang='lat' dir='ltr'>ceteri.</span> <span class='ocrx_word' id='word_1_247' title='bbox 1186 4145 1383 4195; x_wconf 83' lang='lat' dir='ltr'>Unicus</span> <span class='ocrx_word' id='word_1_248' title='bbox 1417 4148 1584 4198; x_wconf 82' lang='lat' dir='ltr'>codex</span> 
     </span>
     <span class='ocr_line' id='line_1_51' title="bbox 515 4218 1586 4282; baseline 0.007 -14"><span class='ocrx_word' id='word_1_249' title='bbox 515 4218 844 4282; x_wconf 84' lang='lat' dir='ltr'>Guelpbicus</span> <span class='ocrx_word' id='word_1_250' title='bbox 867 4218 1065 4269; x_wconf 87' lang='lat' dir='ltr'>deserit</span> <span class='ocrx_word' id='word_1_251' title='bbox 1092 4221 1219 4271; x_wconf 86' lang='lat' dir='ltr'>illud</span> <span class='ocrx_word' id='word_1_252' title='bbox 1239 4222 1400 4281; x_wconf 71' lang='lat' dir='ltr'>fovet,</span> <span class='ocrx_word' id='word_1_253' title='bbox 1423 4224 1476 4273; x_wconf 92' lang='lat' dir='ltr'>in</span> <span class='ocrx_word' id='word_1_254' title='bbox 1500 4239 1586 4275; x_wconf 89' lang='lat' dir='ltr'>ce·</span> 
     </span>
     <span class='ocr_line' id='line_1_52' title="bbox 515 4294 1583 4365; baseline 0.007 -19"><span class='ocrx_word' id='word_1_255' title='bbox 515 4296 645 4346; x_wconf 88' lang='lat' dir='ltr'>teris</span> <span class='ocrx_word' id='word_1_256' title='bbox 705 4294 975 4346; x_wconf 85' lang='lat' dir='ltr'>codicibus</span> <span class='ocrx_word' id='word_1_257' title='bbox 1026 4297 1156 4349; x_wconf 77' lang='lat' dir='ltr'>Mss-</span> <span class='ocrx_word' id='word_1_258' title='bbox 1210 4299 1461 4365; x_wconf 78' lang='lat' dir='ltr'>obviam;</span> <span class='ocrx_word' id='word_1_259' title='bbox 1509 4301 1583 4354; x_wconf 84' lang='lat' dir='ltr'>ibi</span> 
     </span>
    </p>
   </div>
   <div class='ocr_carea' id='block_1_3' title="bbox 1228 323 2034 374">
    <p class='ocr_par' dir='ltr' id='par_1_9' title="bbox 1228 323 2034 374">
     <span class='ocr_line' id='line_1_53' title="bbox 1228 323 2034 374; baseline 0.002 -3"><span class='ocrx_word' id='word_1_260' title='bbox 1228 323 1445 373; x_wconf 76' lang='lat' dir='ltr'>No&#39;rAE</span> <span class='ocrx_word' id='word_1_261' title='bbox 1494 323 1907 374; x_wconf 73' lang='lat' dir='ltr'>VAntoRUM</span> <span class='ocrx_word' id='word_1_262' title='bbox 1960 325 2034 373; x_wconf 75' lang='grc' dir='ltr'>ΙΝ</span> 
     </span>
    </p>
   </div>
   <div class='ocr_carea' id='block_1_4' title="bbox 1662 466 2754 4360">
    <p class='ocr_par' dir='ltr' id='par_1_10' title="bbox 1662 466 2754 4360">
     <span class='ocr_line' id='line_1_54' title="bbox 1675 466 2746 536; baseline 0.007 -19"><span class='ocrx_word' id='word_1_263' title='bbox 1675 466 1810 517; x_wconf 90' lang='lat' dir='ltr'>enim</span> <span class='ocrx_word' id='word_1_264' title='bbox 1850 482 1918 518; x_wconf 84' lang='lat' dir='ltr'>ex</span> <span class='ocrx_word' id='word_1_265' title='bbox 1953 481 2133 518; x_wconf 85' lang='lat' dir='ltr'>errore</span> <span class='ocrx_word' id='word_1_266' title='bbox 2167 467 2364 520; x_wconf 90' lang='lat' dir='ltr'>librarii</span> <span class='ocrx_word' id='word_1_267' title='bbox 2397 484 2566 536; x_wconf 68' lang='lat' dir='ltr'>tque,</span> <span class='ocrx_word' id='word_1_268' title='bbox 2598 488 2661 525; x_wconf 89' lang='lat' dir='ltr'>ae</span> <span class='ocrx_word' id='word_1_269' title='bbox 2689 475 2746 525; x_wconf 75' lang='lat' dir='ltr'>i·</span> 
     </span>
     <span class='ocr_line' id='line_1_55' title="bbox 1673 545 2744 614; baseline 0.007 -20"><span class='ocrx_word' id='word_1_270' title='bbox 1673 546 2019 595; x_wconf 84' lang='lat' dir='ltr'>Kirchmaieri</span> <span class='ocrx_word' id='word_1_271' title='bbox 2042 545 2297 609; x_wconf 85' lang='lat' dir='ltr'>editione,</span> <span class='ocrx_word' id='word_1_272' title='bbox 2327 563 2396 598; x_wconf 80' lang='lat' dir='ltr'>ex</span> <span class='ocrx_word' id='word_1_273' title='bbox 2422 549 2573 614; x_wconf 82' lang='lat' dir='ltr'>lapsu</span> <span class='ocrx_word' id='word_1_274' title='bbox 2593 559 2744 614; x_wconf 74' lang='lat' dir='ltr'>typo·</span> 
     </span>
     <span class='ocr_line' id='line_1_56' title="bbox 1674 623 2744 686; baseline 0.006 -15"><span class='ocrx_word' id='word_1_275' title='bbox 1674 623 1877 686; x_wconf 72' lang='lat' dir='ltr'>graphi,</span> <span class='ocrx_word' id='word_1_276' title='bbox 1901 637 1997 686; x_wconf 88' lang='lat' dir='ltr'>pro</span> <span class='ocrx_word' id='word_1_277' title='bbox 2016 624 2200 684; x_wconf 74' lang='lat' dir='ltr'>fosete,</span> <span class='ocrx_word' id='word_1_278' title='bbox 2222 631 2374 675; x_wconf 78' lang='lat' dir='ltr'>extat</span> <span class='ocrx_word' id='word_1_279' title='bbox 2394 626 2642 676; x_wconf 79' lang='lat' dir='ltr'>mendose</span> <span class='ocrx_word' id='word_1_280' title='bbox 2657 627 2744 685; x_wconf 78' lang='lat' dir='ltr'>Jo-</span> 
     </span>
     <span class='ocr_line' id='line_1_57' title="bbox 1671 696 2745 761; baseline 0.006 -15"><span class='ocrx_word' id='word_1_281' title='bbox 1671 712 1800 747; x_wconf 75' lang='lat' dir='ltr'>eere.</span> <span class='ocrx_word' id='word_1_282' title='bbox 1858 696 2067 747; x_wconf 86' lang='lat' dir='ltr'>Primus</span> <span class='ocrx_word' id='word_1_283' title='bbox 2093 706 2351 761; x_wconf 70' lang='lat' dir='ltr'>praeterea</span> <span class='ocrx_word' id='word_1_284' title='bbox 2375 700 2654 751; x_wconf 76' lang='lat' dir='ltr'>Rhenanus</span> <span class='ocrx_word' id='word_1_285' title='bbox 2676 704 2745 752; x_wconf 84' lang='lat' dir='ltr'>si-</span> 
     </span>
     <span class='ocr_line' id='line_1_58' title="bbox 1674 774 2747 839; baseline 0.006 -15"><span class='ocrx_word' id='word_1_286' title='bbox 1674 774 1781 824; x_wconf 89' lang='lat' dir='ltr'>mul</span> <span class='ocrx_word' id='word_1_287' title='bbox 1802 776 2067 838; x_wconf 68' lang='lat' dir='ltr'>evulgavit</span> <span class='ocrx_word' id='word_1_288' title='bbox 2088 775 2408 839; x_wconf 79' lang='lat' dir='ltr'>adverbium,</span> <span class='ocrx_word' id='word_1_289' title='bbox 2416 778 2590 838; x_wconf 65' lang='lat' dir='ltr'>smete</span> <span class='ocrx_word' id='word_1_290' title='bbox 2607 795 2747 830; x_wconf 71' lang='lat' dir='ltr'>saue-</span> 
     </span>
     <span class='ocr_line' id='line_1_59' title="bbox 1673 849 2751 915; baseline 0.007 -16"><span class='ocrx_word' id='word_1_291' title='bbox 1673 856 1758 910; x_wconf 76' lang='lat' dir='ltr'>te3</span> <span class='ocrx_word' id='word_1_292' title='bbox 1813 849 1971 915; x_wconf 87' lang='lat' dir='ltr'>idque</span> <span class='ocrx_word' id='word_1_293' title='bbox 2016 851 2218 901; x_wconf 83' lang='lat' dir='ltr'>notavit</span> <span class='ocrx_word' id='word_1_294' title='bbox 2255 853 2512 904; x_wconf 84' lang='lat' dir='ltr'>Livineius</span> <span class='ocrx_word' id='word_1_295' title='bbox 2556 857 2609 904; x_wconf 87' lang='lat' dir='ltr'>in</span> <span class='ocrx_word' id='word_1_296' title='bbox 2655 872 2751 907; x_wconf 87' lang='lat' dir='ltr'>ora</span> 
     </span>
     <span class='ocr_line' id='line_1_60' title="bbox 1674 926 2754 994; baseline 0.006 -19"><span class='ocrx_word' id='word_1_297' title='bbox 1674 926 1922 977; x_wconf 87' lang='lat' dir='ltr'>editionis</span> <span class='ocrx_word' id='word_1_298' title='bbox 1963 943 2089 989; x_wconf 59' lang='lat' dir='ltr'>sue,</span> <span class='ocrx_word' id='word_1_299' title='bbox 2125 927 2219 978; x_wconf 88' lang='lat' dir='ltr'>sed</span> <span class='ocrx_word' id='word_1_300' title='bbox 2257 929 2333 979; x_wconf 89' lang='lat' dir='ltr'>ita</span> <span class='ocrx_word' id='word_1_301' title='bbox 2369 939 2426 979; x_wconf 89' lang='lat' dir='ltr'>ut</span> <span class='ocrx_word' id='word_1_302' title='bbox 2462 934 2754 994; x_wconf 72' lang='lat' dir='ltr'>monuerit,</span> 
     </span>
     <span class='ocr_line' id='line_1_61' title="bbox 1672 1000 2748 1067; baseline 0.01 -17"><span class='ocrx_word' id='word_1_303' title='bbox 1672 1000 1812 1053; x_wconf 80' lang='lat' dir='ltr'>forte</span> <span class='ocrx_word' id='word_1_304' title='bbox 1845 1017 1941 1067; x_wconf 90' lang='lat' dir='ltr'>pro</span> <span class='ocrx_word' id='word_1_305' title='bbox 1974 1009 2158 1060; x_wconf 74' lang='lat' dir='ltr'>mete,</span> <span class='ocrx_word' id='word_1_306' title='bbox 2197 1006 2586 1057; x_wconf 85' lang='lat' dir='ltr'>rescribendum</span> <span class='ocrx_word' id='word_1_307' title='bbox 2624 1023 2748 1061; x_wconf 84' lang='lat' dir='ltr'>esse</span> 
     </span>
     <span class='ocr_line' id='line_1_62' title="bbox 1670 1078 2750 1144; baseline 0.008 -17"><span class='ocrx_word' id='word_1_308' title='bbox 1670 1092 1801 1128; x_wconf 72' lang='lat' dir='ltr'>sune.</span> <span class='ocrx_word' id='word_1_309' title='bbox 1884 1078 1946 1128; x_wconf 86' lang='lat' dir='ltr'>1d</span> <span class='ocrx_word' id='word_1_310' title='bbox 2005 1079 2170 1144; x_wconf 84' lang='lat' dir='ltr'>ipsum</span> <span class='ocrx_word' id='word_1_311' title='bbox 2223 1080 2528 1132; x_wconf 74' lang='lat' dir='ltr'>adverbium</span> <span class='ocrx_word' id='word_1_312' title='bbox 2579 1091 2750 1136; x_wconf 70' lang='lat' dir='ltr'>snm</span> 
     </span>
     <span class='ocr_line' id='line_1_63' title="bbox 1673 1154 2747 1222; baseline 0.007 -18"><span class='ocrx_word' id='word_1_313' title='bbox 1673 1154 1881 1218; x_wconf 83' lang='lat' dir='ltr'>Lipsius</span> <span class='ocrx_word' id='word_1_314' title='bbox 1900 1169 2003 1206; x_wconf 91' lang='lat' dir='ltr'>non</span> <span class='ocrx_word' id='word_1_315' title='bbox 2020 1155 2231 1220; x_wconf 88' lang='lat' dir='ltr'>quidem</span> <span class='ocrx_word' id='word_1_316' title='bbox 2255 1158 2520 1222; x_wconf 67' lang='lat' dir='ltr'>indiguum</span> <span class='ocrx_word' id='word_1_317' title='bbox 2542 1161 2747 1222; x_wconf 83' lang='lat' dir='ltr'>babuit.</span> 
     </span>
     <span class='ocr_line' id='line_1_64' title="bbox 1671 1230 2748 1299; baseline 0.01 -20"><span class='ocrx_word' id='word_1_318' title='bbox 1671 1230 1812 1295; x_wconf 89' lang='lat' dir='ltr'>quod</span> <span class='ocrx_word' id='word_1_319' title='bbox 1837 1232 2099 1295; x_wconf 89' lang='lat' dir='ltr'>reciperet</span> <span class='ocrx_word' id='word_1_320' title='bbox 2121 1234 2174 1283; x_wconf 90' lang='lat' dir='ltr'>iu</span> <span class='ocrx_word' id='word_1_321' title='bbox 2207 1241 2552 1299; x_wconf 77' lang='lat' dir='ltr'>contextum3</span> <span class='ocrx_word' id='word_1_322' title='bbox 2586 1252 2748 1290; x_wconf 87' lang='lat' dir='ltr'>auno-</span> 
     </span>
     <span class='ocr_line' id='line_1_65' title="bbox 1673 1310 2747 1379; baseline 0.008 -19"><span class='ocrx_word' id='word_1_323' title='bbox 1673 1310 1806 1360; x_wconf 86' lang='lat' dir='ltr'>tavit</span> <span class='ocrx_word' id='word_1_324' title='bbox 1845 1317 2017 1361; x_wconf 89' lang='lat' dir='ltr'>tamen</span> <span class='ocrx_word' id='word_1_325' title='bbox 2057 1312 2229 1375; x_wconf 85' lang='lat' dir='ltr'>simul,</span> <span class='ocrx_word' id='word_1_326' title='bbox 2262 1327 2324 1364; x_wconf 88' lang='lat' dir='ltr'>se</span> <span class='ocrx_word' id='word_1_327' title='bbox 2358 1330 2456 1379; x_wconf 90' lang='lat' dir='ltr'>pro</span> <span class='ocrx_word' id='word_1_328' title='bbox 2489 1330 2555 1366; x_wconf 90' lang='lat' dir='ltr'>eo</span> <span class='ocrx_word' id='word_1_329' title='bbox 2587 1318 2747 1369; x_wconf 87' lang='lat' dir='ltr'>malle</span> 
     </span>
     <span class='ocr_line' id='line_1_66' title="bbox 1669 1388 2748 1454; baseline 0.008 -18"><span class='ocrx_word' id='word_1_330' title='bbox 1669 1388 1886 1446; x_wconf 73' lang='lat' dir='ltr'>sancite,·</span> <span class='ocrx_word' id='word_1_331' title='bbox 1929 1388 2023 1437; x_wconf 87' lang='lat' dir='ltr'>sed</span> <span class='ocrx_word' id='word_1_332' title='bbox 2065 1389 2177 1440; x_wconf 81' lang='lat' dir='ltr'>siue</span> <span class='ocrx_word' id='word_1_333' title='bbox 2211 1392 2466 1454; x_wconf 73' lang='lat' dir='ltr'>applausu</span> <span class='ocrx_word' id='word_1_334' title='bbox 2501 1393 2748 1445; x_wconf 76' lang='lat' dir='ltr'>aliorum.</span> 
     </span>
     <span class='ocr_line' id='line_1_67' title="bbox 1672 1463 2747 1530; baseline 0.007 -18"><span class='ocrx_word' id='word_1_335' title='bbox 1672 1463 1892 1514; x_wconf 87' lang='lat' dir='ltr'>Interim</span> <span class='ocrx_word' id='word_1_336' title='bbox 1933 1473 2054 1528; x_wconf 86' lang='lat' dir='ltr'>post</span> <span class='ocrx_word' id='word_1_337' title='bbox 2080 1465 2313 1530; x_wconf 83' lang='lat' dir='ltr'>Lipsium</span> <span class='ocrx_word' id='word_1_338' title='bbox 2346 1483 2526 1519; x_wconf 89' lang='lat' dir='ltr'>omues</span> <span class='ocrx_word' id='word_1_339' title='bbox 2562 1483 2747 1526; x_wconf 63' lang='lat' dir='ltr'>recem</span> 
     </span>
     <span class='ocr_line' id='line_1_68' title="bbox 1672 1541 2746 1610; baseline 0.006 -22"><span class='ocrx_word' id='word_1_340' title='bbox 1672 1541 1832 1590; x_wconf 87' lang='lat' dir='ltr'>tiores</span> <span class='ocrx_word' id='word_1_341' title='bbox 1875 1541 2013 1592; x_wconf 86' lang='lat' dir='ltr'>idem</span> <span class='ocrx_word' id='word_1_342' title='bbox 2057 1543 2361 1594; x_wconf 81' lang='lat' dir='ltr'>adverbium</span> <span class='ocrx_word' id='word_1_343' title='bbox 2403 1546 2746 1610; x_wconf 81' lang='lat' dir='ltr'>adoptarunt.</span> 
     </span>
     <span class='ocr_line' id='line_1_69' title="bbox 1669 1617 2745 1683; baseline 0.008 -18"><span class='ocrx_word' id='word_1_344' title='bbox 1669 1617 1704 1669; x_wconf 82' lang='lat' dir='ltr'>J</span> <span class='ocrx_word' id='word_1_345' title='bbox 1709 1632 1789 1665; x_wconf 87' lang='lat' dir='ltr'>am</span> <span class='ocrx_word' id='word_1_346' title='bbox 1814 1618 2007 1681; x_wconf 78' lang='lat' dir='ltr'>largior</span> <span class='ocrx_word' id='word_1_347' title='bbox 2022 1619 2254 1683; x_wconf 80' lang='lat' dir='ltr'>quidem.</span> <span class='ocrx_word' id='word_1_348' title='bbox 2268 1621 2402 1671; x_wconf 86' lang='lat' dir='ltr'>banc</span> <span class='ocrx_word' id='word_1_349' title='bbox 2421 1636 2604 1673; x_wconf 81' lang='lat' dir='ltr'>vocem</span> <span class='ocrx_word' id='word_1_350' title='bbox 2627 1623 2745 1673; x_wconf 83' lang='lat' dir='ltr'>sine</span> 
     </span>
     <span class='ocr_line' id='line_1_70' title="bbox 1672 1692 2748 1750; baseline 0.007 -9"><span class='ocrx_word' id='word_1_351' title='bbox 1672 1692 1933 1744; x_wconf 89' lang='lat' dir='ltr'>dedecore</span> <span class='ocrx_word' id='word_1_352' title='bbox 1967 1695 2218 1745; x_wconf 88' lang='lat' dir='ltr'>orationis</span> <span class='ocrx_word' id='word_1_353' title='bbox 2241 1697 2499 1748; x_wconf 67' lang='lat' dir='ltr'>Pliniaum</span> <span class='ocrx_word' id='word_1_354' title='bbox 2533 1698 2748 1750; x_wconf 82' lang='lat' dir='ltr'>admitti</span> 
     </span>
     <span class='ocr_line' id='line_1_71' title="bbox 1672 1771 2744 1835; baseline 0.007 -17"><span class='ocrx_word' id='word_1_355' title='bbox 1672 1785 1857 1833; x_wconf 76' lang='lat' dir='ltr'>posse3</span> <span class='ocrx_word' id='word_1_356' title='bbox 1889 1771 1932 1820; x_wconf 92' lang='lat' dir='ltr'>si</span> <span class='ocrx_word' id='word_1_357' title='bbox 1956 1785 2142 1835; x_wconf 89' lang='lat' dir='ltr'>nempe</span> <span class='ocrx_word' id='word_1_358' title='bbox 2166 1773 2279 1824; x_wconf 70' lang='lat' dir='ltr'>boec</span> <span class='ocrx_word' id='word_1_359' title='bbox 2299 1775 2459 1824; x_wconf 89' lang='lat' dir='ltr'>verba</span> <span class='ocrx_word' id='word_1_360' title='bbox 2481 1789 2549 1824; x_wconf 82' lang='lat' dir='ltr'>ex</span> <span class='ocrx_word' id='word_1_361' title='bbox 2575 1776 2744 1826; x_wconf 85' lang='lat' dir='ltr'>Cella-</span> 
     </span>
     <span class='ocr_line' id='line_1_72' title="bbox 1674 1846 2744 1915; baseline 0.007 -20"><span class='ocrx_word' id='word_1_362' title='bbox 1674 1846 1735 1896; x_wconf 88' lang='lat' dir='ltr'>rii</span> <span class='ocrx_word' id='word_1_363' title='bbox 1781 1847 2213 1912; x_wconf 86' lang='lat' dir='ltr'>interpretatione</span> <span class='ocrx_word' id='word_1_364' title='bbox 2255 1865 2525 1915; x_wconf 72' lang='lat' dir='ltr'>exponass</span> <span class='ocrx_word' id='word_1_365' title='bbox 2571 1853 2744 1903; x_wconf 82' lang='lat' dir='ltr'>‘Cum</span> 
     </span>
     <span class='ocr_line' id='line_1_73' title="bbox 1673 1924 2746 1990; baseline 0.007 -19"><span class='ocrx_word' id='word_1_366' title='bbox 1673 1924 1970 1973; x_wconf 84' lang='lat' dir='ltr'>reverentia</span> <span class='ocrx_word' id='word_1_367' title='bbox 2003 1932 2060 1974; x_wconf 88' lang='lat' dir='ltr'>et</span> <span class='ocrx_word' id='word_1_368' title='bbox 2095 1924 2289 1975; x_wconf 89' lang='lat' dir='ltr'>bonore</span> <span class='ocrx_word' id='word_1_369' title='bbox 2323 1927 2495 1977; x_wconf 86' lang='lat' dir='ltr'>omnia</span> <span class='ocrx_word' id='word_1_370' title='bbox 2522 1928 2746 1990; x_wconf 64' lang='lat' dir='ltr'>agitate.</span> 
     </span>
     <span class='ocr_line' id='line_1_74' title="bbox 1670 2000 2744 2070; baseline 0.007 -22"><span class='ocrx_word' id='word_1_371' title='bbox 1670 2013 1784 2062; x_wconf 64' lang='lat' dir='ltr'>que</span> <span class='ocrx_word' id='word_1_372' title='bbox 1807 2000 1871 2049; x_wconf 86' lang='lat' dir='ltr'>ad</span> <span class='ocrx_word' id='word_1_373' title='bbox 1894 2000 2139 2051; x_wconf 87' lang='lat' dir='ltr'>alendum</span> <span class='ocrx_word' id='word_1_374' title='bbox 2178 2002 2305 2052; x_wconf 82' lang='lat' dir='ltr'>illud</span> <span class='ocrx_word' id='word_1_375' title='bbox 2328 2003 2583 2068; x_wconf 84' lang='lat' dir='ltr'>principis</span> <span class='ocrx_word' id='word_1_376' title='bbox 2597 2005 2744 2070; x_wconf 86' lang='lat' dir='ltr'>judi·</span> 
     </span>
     <span class='ocr_line' id='line_1_75' title="bbox 1670 2076 2747 2143; baseline 0.006 -19"><span class='ocrx_word' id='word_1_377' title='bbox 1670 2076 1828 2138; x_wconf 87' lang='lat' dir='ltr'>cium,</span> <span class='ocrx_word' id='word_1_378' title='bbox 1856 2079 2390 2143; x_wconf 76' lang='lat' dir='ltr'>conservandumque.</span> <span class='ocrx_word' id='word_1_379' title='bbox 2423 2078 2747 2131; x_wconf 75' lang='lat' dir='ltr'>conferunt-⁹</span> 
     </span>
     <span class='ocr_line' id='line_1_76' title="bbox 1669 2153 2746 2220; baseline 0.006 -17"><span class='ocrx_word' id='word_1_380' title='bbox 1669 2153 1890 2203; x_wconf 81' lang='lat' dir='ltr'>Interim</span> <span class='ocrx_word' id='word_1_381' title='bbox 1920 2169 2128 2218; x_wconf 90' lang='lat' dir='ltr'>prorsus</span> <span class='ocrx_word' id='word_1_382' title='bbox 2161 2156 2284 2205; x_wconf 87' lang='lat' dir='ltr'>mihi</span> <span class='ocrx_word' id='word_1_383' title='bbox 2321 2171 2630 2220; x_wconf 85' lang='lat' dir='ltr'>persuasam</span> <span class='ocrx_word' id='word_1_384' title='bbox 2651 2159 2746 2209; x_wconf 80' lang='lat' dir='ltr'>ba-</span> 
     </span>
     <span class='ocr_line' id='line_1_77' title="bbox 1670 2228 2746 2286; baseline 0.007 -7"><span class='ocrx_word' id='word_1_385' title='bbox 1670 2228 1786 2286; x_wconf 86' lang='lat' dir='ltr'>beo,</span> <span class='ocrx_word' id='word_1_386' title='bbox 1816 2230 2120 2281; x_wconf 82' lang='lat' dir='ltr'>vocabulum</span> <span class='ocrx_word' id='word_1_387' title='bbox 2155 2237 2318 2283; x_wconf 77' lang='lat' dir='ltr'>sancte</span> <span class='ocrx_word' id='word_1_388' title='bbox 2353 2232 2453 2283; x_wconf 83' lang='lat' dir='ltr'>hoc</span> <span class='ocrx_word' id='word_1_389' title='bbox 2487 2233 2606 2284; x_wconf 78' lang='lat' dir='ltr'>loco</span> <span class='ocrx_word' id='word_1_390' title='bbox 2637 2249 2746 2286; x_wconf 83' lang='lat' dir='ltr'>noa</span> 
     </span>
     <span class='ocr_line' id='line_1_78' title="bbox 1671 2305 2746 2375; baseline 0.007 -21"><span class='ocrx_word' id='word_1_391' title='bbox 1671 2305 1738 2354; x_wconf 82' lang='lat' dir='ltr'>ab</span> <span class='ocrx_word' id='word_1_392' title='bbox 1771 2307 1886 2369; x_wconf 90' lang='lat' dir='ltr'>ipso</span> <span class='ocrx_word' id='word_1_393' title='bbox 1920 2307 2115 2369; x_wconf 84' lang='lat' dir='ltr'>Plinio,</span> <span class='ocrx_word' id='word_1_394' title='bbox 2135 2308 2226 2357; x_wconf 84' lang='lat' dir='ltr'>aed</span> <span class='ocrx_word' id='word_1_395' title='bbox 2261 2323 2295 2357; x_wconf 84' lang='lat' dir='ltr'>a</span> <span class='ocrx_word' id='word_1_396' title='bbox 2323 2308 2600 2372; x_wconf 72' lang='lat' dir='ltr'>Rhenum,</span> <span class='ocrx_word' id='word_1_397' title='bbox 2622 2325 2746 2375; x_wconf 85' lang='lat' dir='ltr'>pro-</span> 
     </span>
     <span class='ocr_line' id='line_1_79' title="bbox 1669 2382 2748 2454; baseline 0.006 -22"><span class='ocrx_word' id='word_1_398' title='bbox 1669 2382 1887 2447; x_wconf 87' lang='lat' dir='ltr'>fectum,</span> <span class='ocrx_word' id='word_1_399' title='bbox 1931 2386 2255 2449; x_wconf 87' lang='lat' dir='ltr'>orationique</span> <span class='ocrx_word' id='word_1_400' title='bbox 2302 2386 2560 2437; x_wconf 82' lang='lat' dir='ltr'>intrusum</span> <span class='ocrx_word' id='word_1_401' title='bbox 2608 2402 2748 2454; x_wconf 81' lang='lat' dir='ltr'>esse,</span> 
     </span>
     <span class='ocr_line' id='line_1_80' title="bbox 1670 2462 2745 2528; baseline 0.005 -18"><span class='ocrx_word' id='word_1_402' title='bbox 1670 2475 1785 2510; x_wconf 92' lang='lat' dir='ltr'>cum</span> <span class='ocrx_word' id='word_1_403' title='bbox 1823 2462 1934 2525; x_wconf 87' lang='lat' dir='ltr'>ipse</span> <span class='ocrx_word' id='word_1_404' title='bbox 1971 2463 2252 2511; x_wconf 82' lang='lat' dir='ltr'>Rhenanus</span> <span class='ocrx_word' id='word_1_405' title='bbox 2283 2462 2503 2524; x_wconf 77' lang='lat' dir='ltr'>ingenue</span> <span class='ocrx_word' id='word_1_406' title='bbox 2527 2464 2600 2513; x_wconf 88' lang='lat' dir='ltr'>sit</span> <span class='ocrx_word' id='word_1_407' title='bbox 2623 2478 2745 2528; x_wconf 88' lang='lat' dir='ltr'>pro·</span> 
     </span>
     <span class='ocr_line' id='line_1_81' title="bbox 1670 2537 2746 2604; baseline 0.004 -16"><span class='ocrx_word' id='word_1_408' title='bbox 1670 2537 1855 2597; x_wconf 79' lang='lat' dir='ltr'>fessus,</span> <span class='ocrx_word' id='word_1_409' title='bbox 1879 2554 1955 2596; x_wconf 81' lang='lat' dir='ltr'>se,</span> <span class='ocrx_word' id='word_1_410' title='bbox 1976 2538 2231 2604; x_wconf 89' lang='lat' dir='ltr'>quidquid</span> <span class='ocrx_word' id='word_1_411' title='bbox 2254 2540 2308 2588; x_wconf 93' lang='lat' dir='ltr'>in</span> <span class='ocrx_word' id='word_1_412' title='bbox 2330 2540 2428 2589; x_wconf 84' lang='lat' dir='ltr'>boc</span> <span class='ocrx_word' id='word_1_413' title='bbox 2452 2539 2615 2590; x_wconf 84' lang='lat' dir='ltr'>Plinii</span> <span class='ocrx_word' id='word_1_414' title='bbox 2640 2543 2746 2592; x_wconf 76' lang='lat' dir='ltr'>Pa·</span> 
     </span>
     <span class='ocr_line' id='line_1_82' title="bbox 1672 2615 2747 2679; baseline 0.004 -15"><span class='ocrx_word' id='word_1_415' title='bbox 1672 2616 1916 2679; x_wconf 71' lang='lat' dir='ltr'>negyrico</span> <span class='ocrx_word' id='word_1_416' title='bbox 1951 2616 2234 2666; x_wconf 84' lang='lat' dir='ltr'>restituere</span> <span class='ocrx_word' id='word_1_417' title='bbox 2264 2622 2321 2665; x_wconf 90' lang='lat' dir='ltr'>et</span> <span class='ocrx_word' id='word_1_418' title='bbox 2352 2615 2633 2667; x_wconf 76' lang='lat' dir='ltr'>emendare</span> <span class='ocrx_word' id='word_1_419' title='bbox 2654 2632 2747 2669; x_wconf 85' lang='lat' dir='ltr'>co·</span> 
     </span>
     <span class='ocr_line' id='line_1_83' title="bbox 1670 2692 2747 2756; baseline 0.003 -14"><span class='ocrx_word' id='word_1_420' title='bbox 1670 2702 1822 2742; x_wconf 89' lang='lat' dir='ltr'>natus</span> <span class='ocrx_word' id='word_1_421' title='bbox 1846 2694 1936 2754; x_wconf 87' lang='lat' dir='ltr'>sit,</span> <span class='ocrx_word' id='word_1_422' title='bbox 1949 2692 2206 2756; x_wconf 81' lang='lat' dir='ltr'>judicium</span> <span class='ocrx_word' id='word_1_423' title='bbox 2242 2698 2446 2742; x_wconf 86' lang='lat' dir='ltr'>tautum</span> <span class='ocrx_word' id='word_1_424' title='bbox 2480 2708 2633 2744; x_wconf 70' lang='lat' dir='ltr'>num</span> <span class='ocrx_word' id='word_1_425' title='bbox 2660 2709 2747 2745; x_wconf 80' lang='lat' dir='ltr'>se·</span> 
     </span>
     <span class='ocr_line' id='line_1_84' title="bbox 1669 2769 2746 2835; baseline 0.003 -15"><span class='ocrx_word' id='word_1_426' title='bbox 1669 2779 1850 2820; x_wconf 86' lang='lat' dir='ltr'>cutum</span> <span class='ocrx_word' id='word_1_427' title='bbox 1886 2784 2033 2831; x_wconf 68' lang='lat' dir='ltr'>esse,</span> <span class='ocrx_word' id='word_1_428' title='bbox 2055 2770 2190 2835; x_wconf 62' lang='lat' dir='ltr'>,quia</span> <span class='ocrx_word' id='word_1_429' title='bbox 2224 2769 2455 2820; x_wconf 86' lang='lat' dir='ltr'>caruerit</span> <span class='ocrx_word' id='word_1_430' title='bbox 2494 2772 2746 2834; x_wconf 73' lang='lat' dir='ltr'>exempto</span> 
     </span>
     <span class='ocr_line' id='line_1_85' title="bbox 1671 2845 2744 2912; baseline 0.004 -17"><span class='ocrx_word' id='word_1_431' title='bbox 1671 2856 1895 2910; x_wconf 82' lang='lat' dir='ltr'>vetusto,</span> <span class='ocrx_word' id='word_1_432' title='bbox 1912 2861 2028 2897; x_wconf 90' lang='lat' dir='ltr'>cum</span> <span class='ocrx_word' id='word_1_433' title='bbox 2053 2861 2156 2912; x_wconf 88' lang='lat' dir='ltr'>quo</span> <span class='ocrx_word' id='word_1_434' title='bbox 2179 2845 2464 2898; x_wconf 77' lang='lat' dir='ltr'>conferret.</span> <span class='ocrx_word' id='word_1_435' title='bbox 2528 2846 2605 2898; x_wconf 73' lang='lat' dir='ltr'>At</span> <span class='ocrx_word' id='word_1_436' title='bbox 2639 2862 2744 2899; x_wconf 80' lang='lat' dir='ltr'>uec</span> 
     </span>
     <span class='ocr_line' id='line_1_86' title="bbox 1671 2922 2749 2989; baseline 0.001 -16"><span class='ocrx_word' id='word_1_437' title='bbox 1671 2931 1848 2987; x_wconf 69' lang='lat' dir='ltr'>negat,</span> <span class='ocrx_word' id='word_1_438' title='bbox 1888 2938 2068 2986; x_wconf 85' lang='lat' dir='ltr'>parum</span> <span class='ocrx_word' id='word_1_439' title='bbox 2112 2922 2321 2973; x_wconf 73' lang='lat' dir='ltr'>felicem</span> <span class='ocrx_word' id='word_1_440' title='bbox 2360 2937 2473 2974; x_wconf 87' lang='lat' dir='ltr'>esse</span> <span class='ocrx_word' id='word_1_441' title='bbox 2511 2925 2749 2989; x_wconf 67' lang='lat' dir='ltr'>castiga-</span> 
     </span>
     <span class='ocr_line' id='line_1_87' title="bbox 1671 3000 2744 3066; baseline 0.001 -16"><span class='ocrx_word' id='word_1_442' title='bbox 1671 3002 1867 3050; x_wconf 88' lang='lat' dir='ltr'>tionem</span> <span class='ocrx_word' id='word_1_443' title='bbox 1891 3001 2083 3066; x_wconf 87' lang='lat' dir='ltr'>absque</span> <span class='ocrx_word' id='word_1_444' title='bbox 2107 3000 2291 3050; x_wconf 88' lang='lat' dir='ltr'>codice</span> <span class='ocrx_word' id='word_1_445' title='bbox 2316 3008 2537 3050; x_wconf 84' lang='lat' dir='ltr'>vetusto.</span> <span class='ocrx_word' id='word_1_446' title='bbox 2602 3001 2744 3052; x_wconf 70' lang='lat' dir='ltr'>Qum</span> 
     </span>
     <span class='ocr_line' id='line_1_88' title="bbox 1670 3076 2746 3141; baseline 0.002 -16"><span class='ocrx_word' id='word_1_447' title='bbox 1670 3091 1787 3126; x_wconf 89' lang='lat' dir='ltr'>curn</span> <span class='ocrx_word' id='word_1_448' title='bbox 1828 3077 1903 3126; x_wconf 89' lang='lat' dir='ltr'>ita</span> <span class='ocrx_word' id='word_1_449' title='bbox 1939 3078 2063 3135; x_wconf 85' lang='lat' dir='ltr'>sint,</span> <span class='ocrx_word' id='word_1_450' title='bbox 2097 3078 2194 3127; x_wconf 88' lang='lat' dir='ltr'>boc</span> <span class='ocrx_word' id='word_1_451' title='bbox 2225 3076 2524 3127; x_wconf 82' lang='lat' dir='ltr'>adverbium</span> <span class='ocrx_word' id='word_1_452' title='bbox 2557 3084 2746 3141; x_wconf 67' lang='lat' dir='ltr'>suade,</span> 
     </span>
     <span class='ocr_line' id='line_1_89' title="bbox 1669 3154 2746 3220; baseline 0.003 -18"><span class='ocrx_word' id='word_1_453' title='bbox 1669 3154 1807 3219; x_wconf 90' lang='lat' dir='ltr'>qnod</span> <span class='ocrx_word' id='word_1_454' title='bbox 1830 3169 1896 3204; x_wconf 76' lang='lat' dir='ltr'>ex</span> <span class='ocrx_word' id='word_1_455' title='bbox 1921 3156 2093 3206; x_wconf 88' lang='lat' dir='ltr'>alieno</span> <span class='ocrx_word' id='word_1_456' title='bbox 2125 3155 2334 3219; x_wconf 74' lang='lat' dir='ltr'>ingenio</span> <span class='ocrx_word' id='word_1_457' title='bbox 2368 3163 2548 3204; x_wconf 87' lang='lat' dir='ltr'>natum</span> <span class='ocrx_word' id='word_1_458' title='bbox 2571 3155 2746 3220; x_wconf 77' lang='lat' dir='ltr'>irrep·</span> 
     </span>
     <span class='ocr_line' id='line_1_90' title="bbox 1667 3231 2745 3298; baseline 0.003 -18"><span class='ocrx_word' id='word_1_459' title='bbox 1667 3231 1755 3288; x_wconf 87' lang='lat' dir='ltr'>sit,</span> <span class='ocrx_word' id='word_1_460' title='bbox 1780 3245 1946 3298; x_wconf 85' lang='lat' dir='ltr'>neque</span> <span class='ocrx_word' id='word_1_461' title='bbox 1974 3232 2044 3282; x_wconf 85' lang='lat' dir='ltr'>ab</span> <span class='ocrx_word' id='word_1_462' title='bbox 2075 3232 2185 3283; x_wconf 92' lang='lat' dir='ltr'>ullo</span> <span class='ocrx_word' id='word_1_463' title='bbox 2215 3232 2395 3284; x_wconf 82' lang='lat' dir='ltr'>codice</span> <span class='ocrx_word' id='word_1_464' title='bbox 2423 3233 2527 3283; x_wconf 76' lang='lat' dir='ltr'>Ms-</span> <span class='ocrx_word' id='word_1_465' title='bbox 2547 3232 2745 3283; x_wconf 80' lang='lat' dir='ltr'>confir·</span> 
     </span>
     <span class='ocr_line' id='line_1_91' title="bbox 1668 3310 2744 3375; baseline 0.002 -16"><span class='ocrx_word' id='word_1_466' title='bbox 1668 3316 1856 3372; x_wconf 85' lang='lat' dir='ltr'>matur,</span> <span class='ocrx_word' id='word_1_467' title='bbox 1878 3310 2016 3362; x_wconf 89' lang='lat' dir='ltr'>bona</span> <span class='ocrx_word' id='word_1_468' title='bbox 2049 3324 2181 3375; x_wconf 87' lang='lat' dir='ltr'>pace</span> <span class='ocrx_word' id='word_1_469' title='bbox 2214 3310 2582 3362; x_wconf 79' lang='lat' dir='ltr'>dimittendum</span> <span class='ocrx_word' id='word_1_470' title='bbox 2618 3326 2744 3361; x_wconf 80' lang='lat' dir='ltr'>cess·</span> 
     </span>
     <span class='ocr_line' id='line_1_92' title="bbox 1665 3385 2743 3451; baseline 0.006 -18"><span class='ocrx_word' id='word_1_471' title='bbox 1665 3385 1766 3434; x_wconf 89' lang='lat' dir='ltr'>sui.</span> <span class='ocrx_word' id='word_1_472' title='bbox 1831 3386 2185 3450; x_wconf 87' lang='lat' dir='ltr'>Ceterum,de</span> <span class='ocrx_word' id='word_1_473' title='bbox 2208 3386 2743 3451; x_wconf 70' lang='lat' dir='ltr'>vocejuds&#39;a‘a-‚diai</span> 
     </span>
     <span class='ocr_line' id='line_1_93' title="bbox 1666 3462 2744 3528; baseline 0.002 -18"><span class='ocrx_word' id='word_1_474' title='bbox 1666 3475 1767 3512; x_wconf 90' lang='lat' dir='ltr'>non</span> <span class='ocrx_word' id='word_1_475' title='bbox 1805 3462 1927 3511; x_wconf 88' lang='lat' dir='ltr'>nibil</span> <span class='ocrx_word' id='word_1_476' title='bbox 1963 3477 2142 3526; x_wconf 89' lang='lat' dir='ltr'>snpra,</span> <span class='ocrx_word' id='word_1_477' title='bbox 2173 3462 2239 3512; x_wconf 88' lang='lat' dir='ltr'>ad</span> <span class='ocrx_word' id='word_1_478' title='bbox 2273 3467 2461 3528; x_wconf 50' lang='lat' dir='ltr'>pm„-</span> <span class='ocrx_word' id='word_1_479' title='bbox 2525 3463 2592 3513; x_wconf 85' lang='lat' dir='ltr'>Iu</span> <span class='ocrx_word' id='word_1_480' title='bbox 2626 3477 2744 3512; x_wconf 82' lang='lat' dir='ltr'>ves·-</span> 
     </span>
     <span class='ocr_line' id='line_1_94' title="bbox 1667 3537 2746 3606; baseline 0.005 -19"><span class='ocrx_word' id='word_1_481' title='bbox 1667 3537 1736 3588; x_wconf 92' lang='lat' dir='ltr'>bo</span> <span class='ocrx_word' id='word_1_482' title='bbox 1759 3540 1774 3566; x_wconf 89' lang='lat'>‘</span> <span class='ocrx_word' id='word_1_483' title='bbox 1797 3537 2011 3590; x_wconf 77' lang='lat' dir='ltr'>fovere’</span> <span class='ocrx_word' id='word_1_484' title='bbox 2045 3540 2179 3590; x_wconf 88' lang='lat' dir='ltr'>latet</span> <span class='ocrx_word' id='word_1_485' title='bbox 2209 3541 2424 3605; x_wconf 74' lang='lat' dir='ltr'>elegans</span> <span class='ocrx_word' id='word_1_486' title='bbox 2462 3541 2746 3606; x_wconf 67' lang='lat' dir='ltr'>metapho-</span> 
     </span>
     <span class='ocr_line' id='line_1_95' title="bbox 1668 3616 2743 3680; baseline 0.007 -17"><span class='ocrx_word' id='word_1_487' title='bbox 1668 3629 1763 3677; x_wconf 87' lang='lat' dir='ltr'>ra;</span> <span class='ocrx_word' id='word_1_488' title='bbox 1809 3630 1925 3664; x_wconf 91' lang='lat' dir='ltr'>cum</span> <span class='ocrx_word' id='word_1_489' title='bbox 1967 3617 2182 3680; x_wconf 87' lang='lat' dir='ltr'>proprie</span> <span class='ocrx_word' id='word_1_490' title='bbox 2223 3623 2392 3677; x_wconf 84' lang='lat' dir='ltr'>notet,</span> <span class='ocrx_word' id='word_1_491' title='bbox 2426 3616 2743 3676; x_wconf 78' lang='lat' dir='ltr'>calefacere.</span> 
     </span>
     <span class='ocr_line' id='line_1_96' title="bbox 1664 3691 2744 3756; baseline 0.006 -17"><span class='ocrx_word' id='word_1_492' title='bbox 1664 3691 1776 3740; x_wconf 76' lang='lat' dir='ltr'>sire</span> <span class='ocrx_word' id='word_1_493' title='bbox 1828 3691 2058 3740; x_wconf 86' lang='lat' dir='ltr'>calorem</span> <span class='ocrx_word' id='word_1_494' title='bbox 2113 3693 2449 3756; x_wconf 69' lang='lat' dir='ltr'>vigoremque</span> <span class='ocrx_word' id='word_1_495' title='bbox 2504 3695 2744 3748; x_wconf 75' lang='lat' dir='ltr'>nativam</span> 
     </span>
     <span class='ocr_line' id='line_1_97' title="bbox 1665 3767 2743 3830; baseline 0.006 -16"><span class='ocrx_word' id='word_1_496' title='bbox 1665 3780 1966 3830; x_wconf 85' lang='lat' dir='ltr'>procurare,</span> <span class='ocrx_word' id='word_1_497' title='bbox 2001 3777 2060 3818; x_wconf 88' lang='lat' dir='ltr'>et</span> <span class='ocrx_word' id='word_1_498' title='bbox 2098 3768 2254 3824; x_wconf 80' lang='lat' dir='ltr'>tueri.</span> <span class='ocrx_word' id='word_1_499' title='bbox 2285 3777 2345 3819; x_wconf 88' lang='lat' dir='ltr'>ut</span> <span class='ocrx_word' id='word_1_500' title='bbox 2375 3767 2438 3819; x_wconf 79' lang='lat' dir='ltr'>fis</span> <span class='ocrx_word' id='word_1_501' title='bbox 2472 3784 2506 3818; x_wconf 84' lang='lat' dir='ltr'>a</span> <span class='ocrx_word' id='word_1_502' title='bbox 2538 3771 2655 3819; x_wconf 88' lang='lat' dir='ltr'>sole</span> <span class='ocrx_word' id='word_1_503' title='bbox 2688 3771 2743 3821; x_wconf 77' lang='lat' dir='ltr'>iu</span> 
     </span>
     <span class='ocr_line' id='line_1_98' title="bbox 1664 3842 2738 3907; baseline 0.003 -17"><span class='ocrx_word' id='word_1_504' title='bbox 1664 3842 1902 3891; x_wconf 89' lang='lat' dir='ltr'>omnibns</span> <span class='ocrx_word' id='word_1_505' title='bbox 1934 3842 2336 3906; x_wconf 75' lang='lat' dir='ltr'>vegetabilibus,</span> <span class='ocrx_word' id='word_1_506' title='bbox 2373 3851 2429 3893; x_wconf 89' lang='lat' dir='ltr'>et</span> <span class='ocrx_word' id='word_1_507' title='bbox 2462 3857 2495 3892; x_wconf 93' lang='lat' dir='ltr'>a</span> <span class='ocrx_word' id='word_1_508' title='bbox 2528 3844 2738 3907; x_wconf 66' lang='lat' dir='ltr'>gallinis</span> 
     </span>
     <span class='ocr_line' id='line_1_99' title="bbox 1665 3920 2739 3984; baseline 0.002 -15"><span class='ocrx_word' id='word_1_509' title='bbox 1665 3921 1885 3984; x_wconf 87' lang='lat' dir='ltr'>aliisque</span> <span class='ocrx_word' id='word_1_510' title='bbox 1903 3921 2106 3984; x_wconf 85' lang='lat' dir='ltr'>avibus,</span> <span class='ocrx_word' id='word_1_511' title='bbox 2123 3923 2175 3970; x_wconf 89' lang='lat' dir='ltr'>in</span> <span class='ocrx_word' id='word_1_512' title='bbox 2199 3920 2540 3971; x_wconf 82' lang='lat' dir='ltr'>excludendis</span> <span class='ocrx_word' id='word_1_513' title='bbox 2557 3921 2739 3972; x_wconf 76' lang='lat' dir='ltr'>foven-</span> 
     </span>
     <span class='ocr_line' id='line_1_100' title="bbox 1662 3995 2740 4062; baseline 0.006 -17"><span class='ocrx_word' id='word_1_514' title='bbox 1662 3995 1850 4061; x_wconf 88' lang='lat' dir='ltr'>disque</span> <span class='ocrx_word' id='word_1_515' title='bbox 1893 3997 2082 4059; x_wconf 77' lang='lat' dir='ltr'>pullis3</span> <span class='ocrx_word' id='word_1_516' title='bbox 2129 3996 2341 4062; x_wconf 86' lang='lat' dir='ltr'>quando</span> <span class='ocrx_word' id='word_1_517' title='bbox 2385 3998 2556 4061; x_wconf 89' lang='lat' dir='ltr'>pullos</span> <span class='ocrx_word' id='word_1_518' title='bbox 2597 4015 2740 4061; x_wconf 79' lang='lat' dir='ltr'>sues,</span> 
     </span>
     <span class='ocr_line' id='line_1_101' title="bbox 1662 4075 2743 4134; baseline 0.006 -12"><span class='ocrx_word' id='word_1_519' title='bbox 1662 4086 1782 4123; x_wconf 89' lang='lat' dir='ltr'>cum</span> <span class='ocrx_word' id='word_1_520' title='bbox 1837 4075 2191 4131; x_wconf 83' lang='lat' dir='ltr'>excluserunt,</span> <span class='ocrx_word' id='word_1_521' title='bbox 2240 4075 2357 4124; x_wconf 84' lang='lat' dir='ltr'>‘ita</span> <span class='ocrx_word' id='word_1_522' title='bbox 2405 4084 2641 4134; x_wconf 83' lang='lat' dir='ltr'>tuentur,</span> <span class='ocrx_word' id='word_1_523' title='bbox 2683 4085 2743 4129; x_wconf 80' lang='lat' dir='ltr'>et</span> 
     </span>
     <span class='ocr_line' id='line_1_102' title="bbox 1663 4148 2744 4216; baseline 0.005 -19"><span class='ocrx_word' id='word_1_524' title='bbox 1663 4150 1847 4213; x_wconf 89' lang='lat' dir='ltr'>pennis</span> <span class='ocrx_word' id='word_1_525' title='bbox 1883 4148 2084 4213; x_wconf 78' lang='lat' dir='ltr'>fovent,</span> <span class='ocrx_word' id='word_1_526' title='bbox 2112 4163 2178 4200; x_wconf 87' lang='lat' dir='ltr'>ne</span> <span class='ocrx_word' id='word_1_527' title='bbox 2211 4148 2409 4213; x_wconf 69' lang='lat' dir='ltr'>frigore</span> <span class='ocrx_word' id='word_1_528' title='bbox 2442 4152 2744 4216; x_wconf 54' lang='lat' dir='ltr'>ludanturss</span> 
     </span>
     <span class='ocr_line' id='line_1_103' title="bbox 1662 4225 2740 4293; baseline 0.006 -20"><span class='ocrx_word' id='word_1_529' title='bbox 1662 4226 1945 4276; x_wconf 81' lang='lat' dir='ltr'>secundum</span> <span class='ocrx_word' id='word_1_530' title='bbox 1970 4225 2090 4277; x_wconf 85' lang='lat' dir='ltr'>Cic.</span> <span class='ocrx_word' id='word_1_531' title='bbox 2124 4225 2193 4276; x_wconf 90' lang='lat' dir='ltr'>de</span> <span class='ocrx_word' id='word_1_532' title='bbox 2226 4226 2355 4276; x_wconf 77' lang='lat' dir='ltr'>Nat.</span> <span class='ocrx_word' id='word_1_533' title='bbox 2375 4229 2543 4281; x_wconf 87' lang='lat' dir='ltr'>Deor.</span> <span class='ocrx_word' id='word_1_534' title='bbox 2569 4243 2634 4279; x_wconf 85' lang='lat' dir='ltr'>n.</span> <span class='ocrx_word' id='word_1_535' title='bbox 2655 4235 2740 4293; x_wconf 59' lang='grc' dir='ltr'>εξ.</span> 
     </span>
     <span class='ocr_line' id='line_1_104' title="bbox 1667 4301 2739 4360; baseline 0.005 -5"><span class='ocrx_word' id='word_1_536' title='bbox 1667 4301 1873 4355; x_wconf 85' lang='lat' dir='ltr'>Deinde</span> <span class='ocrx_word' id='word_1_537' title='bbox 1909 4303 2072 4356; x_wconf 87' lang='lat' dir='ltr'>etiam</span> <span class='ocrx_word' id='word_1_538' title='bbox 2105 4303 2175 4354; x_wconf 86' lang='lat' dir='ltr'>ad</span> <span class='ocrx_word' id='word_1_539' title='bbox 2211 4303 2337 4355; x_wconf 88' lang='lat' dir='ltr'>alias</span> <span class='ocrx_word' id='word_1_540' title='bbox 2371 4318 2458 4356; x_wconf 83' lang='lat' dir='ltr'>res</span> <span class='ocrx_word' id='word_1_541' title='bbox 2487 4306 2739 4360; x_wconf 53' lang='lat' dir='ltr'>transfer,</span> 
     </span>
    </p>
   </div>
  </div>
 </body>
</html>
