3060 4902
797 326 859 374 c,
909 322 1149 373 eumn
1199 322 1534 372 secui-101
1591 324 1861 373 pauno.
1938 328 1986 373 1.
2016 313 2121 375 54.

348 469 597 520 mitienus
638 475 933 532 autumnos,
972 467 1236 530 Augustus
1275 468 1421 517 annis

348 544 703 595 commodabit
761 552 992 604 aestates,
1036 544 1171 591 Dum
1227 543 1422 606 grande

348 620 535 670 famuli
593 635 784 669 nomen
830 626 1030 668 asseret
1077 620 1241 668 Rheni
1287 620 1422 669 Ger·

348 697 673 747 manicarum
697 712 884 758 magna
913 697 1000 745 lux
1031 696 1424 746 Kalendarum.'

349 773 510 825 Adde
534 773 774 822 Macrob.
797 773 1008 823 Saturu.
1035 786 1074 820 t.
1101 777 1176 821 12.
1222 773 1357 835 Lips.

422 853 531 901 Nee
551 853 634 901 laos
655 852 895 916 singulos]
933 851 1260 900 Domitianus
1285 851 1423 900 enim

350 929 368 957 ‘
385 929 750 994 Septembrem
773 942 1022 990 mensem,
1042 935 1094 976 et
1119 928 1426 988 Octobrem,

352 1019 420 1055 ex
443 1004 884 1067 appellationibus
909 1004 1032 1064 suis,
1057 1003 1422 1052 Germanicum

353 1085 820 1146 Domitianumque
833 1080 1425 1132 transnominavit.’Sue·

354 1167 463 1211 ton.
487 1175 537 1209 c.
562 1164 644 1209 13.
685 1160 906 1207 Patarol.

422 1238 624 1286 Nemini
646 1239 891 1286 Casurum
919 1233 1213 1295 dicebamus]
1249 1234 1312 1282 In
1337 1248 1424 1282 co·

355 1315 560 1363 dicibus
629 1315 759 1363 Msa.
814 1313 1051 1362 Vatican.
1123 1302 1426 1366 Pet-isieusb

357 1389 853 1452 Guelpherbytano,
887 1403 1018 1448 meo,
1050 1396 1103 1436 et
1141 1388 1271 1436 libro
1296 1389 1424 1436 Vos·

354 1466 525 1527 siano,
559 1465 681 1514 item
718 1473 772 1512 et
808 1464 862 1512 in
895 1463 1207 1511 editionibus
1230 1462 1426 1520 Juntae,

359 1540 601 1599 Livineii‚
626 1539 865 1599 Gruteri,
889 1539 1132 1598 Puteani,
1155 1539 1329 1598 Cevae,
1353 1539 1427 1586 le·

355 1618 528 1679 gimus
581 1614 865 1663 dicebamus.
945 1613 1006 1661 In
1048 1613 1425 1675 salisburgensi

354 1691 598 1739 similiter
635 1691 733 1738 boc
759 1688 989 1737 uerbum
1029 1697 1234 1749 exstat3
1267 1696 1322 1736 at
1359 1690 1426 1737 ab

355 1767 463 1815 alia
495 1773 679 1815 vetere
710 1780 862 1814 manu
900 1765 1310 1827 superscriptum
1344 1773 1429 1814 est

356 1844 648 1894 damma.
731 1843 852 1891 Hoc
895 1850 1068 1890 autem
1112 1843 1275 1903 ipsun·
1315 1856 1428 1891 ver-

358 1919 481 1968 bum
503 1918 793 1973 dicebamus,
810 1919 920 1979 jam
947 1916 1263 1966 Puteolanus
1286 1924 1428 1965 cete-

357 1995 508 2059 rique
533 1993 766 2042 editores
786 2007 982 2051 omnes,
1007 2001 1201 2054 praeter
1217 1992 1428 2052 citatos,

358 2071 701 2133 evulgarunt.
759 2068 986 2117 Verbum
1012 2068 1242 2130 quidem,
1269 2069 1429 2118 ‘dice-

355 2146 450 2196 re'
472 2161 576 2195 non
617 2145 849 2194 absolute
886 2145 1221 2208 rejiciendum
1256 2145 1430 2193 videa·

358 2233 468 2280 tur,
516 2237 636 2271 cum
683 2221 962 2285 aliquando
1002 2228 1170 2282 notet,
1208 2222 1429 2270 dicendo

360 2300 676 2363 promittere
698 2305 789 2347 aut
809 2297 1074 2345 destinare
1101 2313 1117 2357 ;
1155 2311 1266 2358 mg.
1292 2297 1427 2359 apud

355 2378 573 2426 Terent.
615 2374 813 2424 Heaut.
853 2387 906 2422 ν.
947 2377 991 2421 1.
1027 2377 1109 2421 69.
1149 2374 1274 2422 ‘Me
1316 2389 1431 2422 mea

360 2454 537 2506 omnia
578 2453 718 2503 bona
762 2450 873 2500 doti
917 2450 1111 2499 dixisse
1157 2448 1272 2512 illi,’
1309 2450 1345 2502 l.
1383 2465 1432 2500 e.

359 2531 658 2580 destinasse
693 2535 748 2578 et
786 2527 1079 2577 decrevisse
1103 2528 1258 2575 dare:
1296 2536 1430 2576 atta·

360 2622 483 2658 men
508 2608 689 2672 negari
721 2620 823 2654 nou
858 2614 1053 2669 potest,
1077 2604 1126 2652 in
1154 2604 1431 2653 monimen-

362 2686 432 2735 tis
472 2682 820 2733 inscribendis
855 2683 1070 2730 solenne
1105 2681 1319 2729 verbum
1352 2681 1432 2729 fu-

361 2761 489 2822 isse,
519 2761 536 2787 ‘
562 2757 779 2817 dicare‚'
821 2766 876 2807 et
918 2758 933 2785 ‘
959 2756 1257 2817 dedicare;'
1297 2758 1432 2822 quod

362 2836 416 2885 in
462 2837 729 2884 sexcentis
776 2832 1036 2896 lapidibus
1082 2834 1304 2896 antiquis
1349 2848 1432 2882 oc-

363 2916 552 2965 currit.
587 2913 672 2964 ef.
693 2914 922 2962 Brisson.
941 2913 1008 2961 de
1035 2913 1263 2961 Formul.
1286 2911 1374 2961 lib.
1396 2926 1438 2960 1.

363 3010 488 3061 pag.
512 2997 626 3043 12⁶.
671 2992 916 3041 Schwarz.

431 3068 751 3131 Diabamm]
768 3068 1071 3117 Dicebomus.
1097 3068 1145 3117 N
1153 3082 1219 3116 on
1236 3067 1436 3131 dubito,

364 3148 494 3213 quin
519 3160 697 3195 verum
720 3145 811 3206 sit,
835 3144 1121 3193 dicebamus.
1159 3145 1406 3192 Rittersli.

436 3226 510 3274 At
544 3238 670 3271 nune
701 3222 809 3284 quis
844 3220 1081 3282 nostrum]
1115 3220 1187 3270 Ae
1220 3236 1309 3269 non
1332 3221 1439 3283 quis

365 3305 582 3349 natm
605 3299 772 3347 Livin.
793 3298 843 3346 in
870 3305 1054 3357 textu;
1091 3298 1180 3345 sed
1214 3299 1265 3345 in
1303 3313 1437 3346 mar-

367 3376 512 3437 gine,
544 3374 618 3425 At
649 3390 770 3424 nanc
792 3375 901 3438 quis
931 3379 1144 3423 nostram
1167 3374 1235 3423 V.
1261 3374 1320 3423 C.
1348 3389 1438 3438 op-

370 3454 519 3503 time.
560 3452 713 3501 Idem.

437 3530 522 3579 De
537 3542 628 3590 quo
649 3527 877 3590 refertar]
908 3525 1082 3575 Etiam
1107 3527 1203 3575 hoc
1227 3524 1440 3576 verbum

359 3611 454 3655 est
478 3606 722 3665 solenne;
750 3603 989 3667 quoniam
1015 3603 1050 3651 ii
1079 3604 1163 3666 qui
1190 3618 1442 3665 propone·

370 3682 506 3732 bant
529 3681 738 3744 aliquod
762 3681 1024 3743 negotium
1043 3681 1247 3727 senatui
1269 3681 1332 3727 ad
1352 3679 1441 3727 de-

370 3757 726 3819 liberandum,
749 3756 821 3817 id,
843 3757 925 3804 rel
966 3755 1032 3804 de
1068 3770 1151 3818 eo,
1174 3762 1186 3783 ⁸
1209 3754 1410 3804 referre
1428 3754 1443 3776 '

371 3835 437 3883 ad
473 3840 713 3882 senatum
749 3831 1077 3881 dicebantur.
1143 3831 1327 3879 Placet
1358 3831 1442 3878 liic

371 3910 669 3960 summatim
688 3916 951 3973 repetere,
965 3924 1080 3973 quae
1105 3907 1441 3958 casaubonus

374 3988 440 4037 de
465 3989 592 4051 jure
629 3984 890 4035 referendi
925 3985 990 4034 ad
1032 3996 1263 4034 senatum
1305 3999 1440 4034 com·

375 4071 641 4115 mentatus
666 4071 748 4112 est
773 4061 838 4111 ad
856 4062 1073 4113 Sueton.
1093 4062 1128 4112 J
1136 4063 1204 4110 ul.
1228 4076 1345 4124 cap.
1362 4066 1444 4110 20.

376 4142 391 4168 ⁴
414 4140 717 4191 Consularis
743 4138 1056 4203 potestatis,’
1081 4138 1266 4202 inquit,
1290 4139 1304 4163 ‘
1326 4152 1444 4201 pars

376 4219 512 4269 haud
536 4217 750 4269 minima
780 4216 832 4266 iu
871 4216 1133 4267 relationis
1161 4216 1285 4280 jure
1321 4215 1443 4266 olim

2428 314 2561 379 783

1780 482 1881 517 non
1924 469 2060 518 enim
2101 475 2310 532 poterat
2353 477 2562 522 senatus

1496 546 1787 593 consultum
1819 546 1931 594 sine
1970 548 2222 595 relatione
2247 546 2393 608 fieri;
2429 547 2563 598 refe-

1495 620 1647 668 rendi
1685 626 1856 669 autem
1880 622 1969 684 jus
2000 621 2261 671 ordinarie
2294 625 2563 672 consulum

1497 694 1619 753 fuit,
1658 705 1711 745 et
1750 698 1864 760 ejus
1918 697 2125 761 quidem
2177 713 2207 747 e
2264 699 2564 749 consulibus

1495 774 1685 822 relatio
1728 773 1851 834 fuit,
1884 775 2030 837 cujus
2064 783 2119 824 et
2155 774 2340 824 fasces.
2408 777 2564 840 Saepe

1497 858 1671 898 autem
1710 849 1925 906 factum,
1948 860 2025 911 ut,
2049 852 2343 901 consulibus
2380 852 2563 901 absen-

1499 926 1661 981 tibus,
1688 928 1767 975 vel
1793 927 2276 991 praevaricantibus,
2300 943 2360 976 ac
2382 929 2566 976 mussi-

1499 1001 1751 1064 tentibus,
1773 1001 2033 1051 referrent
2058 1003 2143 1051 alii
2177 1017 2205 1051 e
2242 1003 2563 1066 principibus

1499 1078 1804 1140 amplissimi
1862 1079 2087 1138 ordinis;
2145 1086 2286 1141 puta,
2326 1080 2563 1128 consules

1499 1150 1782 1215 designati,
1820 1163 1911 1202 aut
1947 1163 2247 1216 praetorum,
2280 1155 2360 1202 vel
2398 1154 2567 1203 tribu·

1500 1242 1705 1289 uorum,
1729 1230 1931 1293 aliquis.
1996 1229 2154 1291 Cujus
2184 1230 2260 1278 rei
2287 1231 2453 1278 multa
2476 1245 2567 1278 ex-

1503 1311 1617 1354 tant
1658 1306 1793 1368 apud
1832 1306 1944 1355 Cic.
1984 1307 2212 1370 aliosque
2252 1308 2566 1356 testimonie.

1501 1381 1670 1429 Porro
1705 1381 1794 1443 jus
1842 1382 2126 1444 relationis,
2167 1383 2369 1431 sublata
2409 1383 2565 1433 liber·

1503 1464 1631 1513 tate,
1675 1459 1771 1507 etsi
1817 1459 2112 1509 consulibus
2154 1460 2416 1509 ademtum
2464 1476 2567 1510 nou

1501 1541 1605 1595 est,
1630 1542 1802 1583 tamen
1836 1545 1889 1584 et
1917 1535 2192 1598 potestatis
2216 1537 2564 1600 imperatorin

1507 1628 1627 1675 pars
1658 1613 1789 1664 fuit:
1830 1616 2096 1678 paullatim
2134 1617 2269 1664 enim
2307 1618 2567 1680 principes

1496 467 1692 531 posita:
1718 466 1733 486 '

1503 1689 1556 1737 id
1596 1690 1695 1740 sibi
1737 1691 2084 1740 vindicarunt.
2150 1694 2456 1755 Exemplum
2490 1703 2569 1742 est

1503 1765 1569 1814 ab
1592 1765 1832 1829 Augusto
1852 1769 2050 1830 primo;
2076 1768 2124 1816 in
2149 1769 2297 1830 cujus
2323 1770 2567 1818 honorem

1504 1842 1775 1892 decretum
1822 1843 1988 1893 refert
2028 1845 2133 1893 Dio
2174 1846 2228 1894 in
2272 1847 2402 1895 actis
2447 1847 2567 1895 anni

1506 1931 1779 1968 nccxxxr.
1810 1927 1885 1982 ut,
1908 1930 2133 1970 assumta
2168 1922 2218 1970 in
2257 1929 2567 1986 perpetuum

1506 1994 1777 2044 tribunitia
1816 2003 2101 2058 potestate,
2124 1999 2311 2047 liceret
2347 1999 2415 2058 ei,
2445 2014 2570 2063 quo·

1505 2087 1607 2135 que
1634 2081 1837 2134 senatu,
1870 2088 2040 2133 unam,
2074 2074 2141 2122 de
2178 2089 2486 2139 quacunque
2514 2091 2569 2123 re

1507 2151 1685 2209 vellet,
1709 2151 2010 2199 relationem
2036 2149 2232 2211 facere,
2259 2154 2356 2201 etsi
2389 2156 2570 2201 consul

1503 2239 1608 2273 nou
1643 2233 1796 2274 esset.
1865 2227 2060 2275 Postea
2091 2229 2337 2290 ampliato
2374 2228 2567 2278 honore

1504 2302 1812 2364 principum,
1836 2302 2046 2350 inventa
2074 2311 2194 2351 sunt
2228 2303 2292 2351 ad
2332 2305 2572 2353 similitu-

1507 2378 1681 2425 dinem
1724 2377 1924 2427 decreti
1962 2379 2115 2442 hujus
2150 2380 2271 2441 jura
2311 2382 2574 2444 seeundae,

1508 2455 1699 2510 tertia»,
1744 2463 1960 2519 quartae,
2000 2457 2247 2520 quincta»,
2283 2460 2569 2515 relationis,

1506 2532 1605 2580 hoc
1649 2540 1751 2593 est,
1792 2539 1850 2581 ut
1888 2548 2095 2597 quoque
2135 2542 2313 2584 senatu
2361 2543 2574 2599 possent

1507 2606 1575 2655 de
1622 2607 1839 2664 duabus,
1887 2609 2069 2667 tribus,
2116 2610 2343 2674 quinque
2393 2612 2569 2672 rebus,

1507 2698 1635 2746 quus
1658 2686 1849 2733 vellent
1887 2701 2106 2749 cunque,
2129 2686 2285 2735 etiam
2317 2702 2418 2736 non
2450 2702 2573 2737 cou-

1507 2762 1665 2821 sules,
1715 2759 1890 2812 facere
1937 2764 2283 2813 relationem:
2332 2767 2572 2827 exempla

1509 2838 1647 2899 apud
1672 2839 2027 2900 Capitolinum
2058 2848 2111 2888 et
2150 2840 2453 2905 Vopiscum,
2473 2845 2572 2890 &tu

1507 2912 1824 2964 Schmun-zius.

1575 2991 1825 3054 Principis
1874 2992 2047 3040 honore
2098 2991 2352 3054 consumit]
2415 2991 2483 3040 H.
2526 3004 2571 3041 e.

1509 3067 1643 3118 Quis
1688 3078 1917 3116 nostrum
1964 3103 1977 3117 .
2015 3099 2029 3115 .
2062 3102 2075 3116 .
2123 3068 2356 3116 abutitur
2402 3067 2572 3117 officio

1512 3147 1756 3195 censendi
1783 3148 1831 3194 in
1857 3147 2053 3195 honore
2078 3146 2323 3209 principis
2346 3152 2577 3193 assenta-

1515 3224 1646 3272 torie
1670 3224 2031 3274 decernendo?
2078 3226 2197 3273 Non
2224 3239 2401 3286 puucse
2426 3224 2577 3271 editi-

1512 3314 1659 3361 ones,
1696 3309 1820 3363 puta
1853 3301 2118 3362 Beroaldi,
2152 3302 2409 3361 Catsnaei,
2434 3300 2577 3355 Aidi.

1511 3377 1712 3440 Juutae,
1730 3378 2029 3439 Philomusi,
2044 3378 2273 3427 Cratand
2283 3379 2342 3432 ri,
2355 3378 2578 3440 Stepha-

1513 3468 1715 3516 norum,
1751 3454 1992 3518 Grypbii,
2027 3455 2288 3511 Ascensii,
2322 3456 2579 3511 Sichardi,

1515 3531 1695 3592 Navii,
1732 3532 1993 3594 Eizevirii,
2033 3532 2225 3580 habent
2269 3532 2319 3580 in
2363 3546 2579 3580 numero

1514 3606 1883 3667 multitudinis,
1904 3613 2199 3657 consumunt.
2239 3607 2407 3658 Quam
2434 3607 2580 3656 lecti·

1515 3694 1664 3729 onem
1722 3682 1964 3731 tuendam
2014 3683 2244 3745 suscepit
2287 3685 2580 3731 Catanaeus.

1515 3755 1533 3781 ‘
1553 3758 1750 3813 Vetus,'
1772 3759 1957 3821 iuquit,
1982 3760 1997 3787 ‘
2015 3758 2221 3807 dicendi
2246 3758 2445 3815 modus,
2465 3771 2578 3820 pro,

1516 3834 1602 3896 qui
1638 3842 1905 3883 senatores
1944 3835 2194 3883 censendi
2230 3831 2451 3882 officium
2489 3864 2503 3879 .
2529 3863 2542 3878 .
2568 3864 2582 3878 .

1516 3911 1829 3958 conterunt?
1877 3911 2095 3972 Proprie
2113 3924 2335 3972 namque
2353 3914 2579 3965 veteres,

1517 3986 1534 4014 ‘
1556 3985 1707 4049 quis,’
1752 3993 1806 4035 et
1853 3986 2108 4050 ‘aliquis‚'
2144 3994 2200 4035 et
2238 3987 2255 4013 ‘
2278 3982 2581 4049 quisquam,'

1519 4072 1575 4112 et
1603 4066 1618 4091 ‘
1643 4064 1913 4127 quisquis,'
1943 4079 2043 4112 non
2084 4062 2450 4119 observabant,
2476 4074 2581 4123 quo

1521 4154 1733 4202 genere,
1754 4149 1840 4188 aut
1861 4154 1963 4204 quo
1983 4152 2219 4196 numero,
2240 4136 2581 4185 declinarent.

1520 4217 1696 4267 Quare
1737 4214 1952 4265 Plautus
1992 4213 2045 4261 in
2088 4211 2287 4262 Cistell.
2320 4211 2580 4273 ‘mulien’
