3060 4902
805 405 876 454 c.
933 401 1182 452 enum
1227 401 1557 455 securim
1610 405 1887 456 muno.
1965 409 2012 456 1.
2057 391 2166 458 23.

371 541 646 607 uincetur,
666 543 801 594 istos
823 556 1042 611 qnoque
1062 546 1313 597 nemiuem
1338 548 1458 597 sub-

376 621 627 683 movisse,
666 630 762 671 ant
802 624 1067 686 pulsasse,
1105 622 1458 690 ferociterque

2470 395 2600 462 537

1532 548 1641 613 nio,
1674 526 1823 602 Jovis
1846 566 1973 615 opus
1994 552 2156 602 fuerit
2178 551 2390 617 adoptio
2422 554 2602 619 Traja-

1533 625 1606 682 ni,
1643 640 1761 690 quas
1805 626 1869 676 ad
1908 643 2047 677 aram
2087 629 2239 679 Jovis
2265 629 2427 679 facta.
2489 629 2599 681 Alii

376 697 616 759 lesisse3
653 708 835 762 prout,
871 700 1178 752 Herodiano
1213 709 1367 759 teste,
1392 716 1458 752 ιι.
1518 702 1629 765 jam
1654 717 1772 753 cum
1795 704 2053 753 Beroaido
2075 711 2129 754 et
2164 706 2329 757 Junta
2364 706 2598 756 Nervam

384 776 468 821 1⁴.
534 773 798 824 Pertinax
821 790 1032 841 quoque
1062 778 1345 842 imperator
1363 780 1458 828 mi·

383 849 565 899 litibus
608 850 874 913 edixerat,
928 867 992 903 ue
1036 856 1118 904 cui
1156 870 1221 905 ex
1263 856 1457 919 populo

384 927 759 977 coutumeliam
800 927 1058 993 facerent,
1106 945 1238 981 neve
1280 946 1457 997 quem-

383 1015 542 1065 quam
568 1016 958 1067 progressorum
984 1007 1268 1069 pulsarent,
1302 1021 1459 1057 cunc-

384 1085 445 1126 ta
467 1077 696 1145 denique
731 1080 991 1132 referrent
1022 1082 1087 1132 ad
1122 1083 1455 1136 modestiam.

382 1152 631 1205 &arom

455 1230 750 1294 Capitolinas
784 1235 1060 1301 ascenden]
1112 1235 1300 1288 Prisca
1344 1238 1452 1301 pie-

383 1313 500 1361 tate
537 1314 594 1357 et
622 1309 749 1371 ritu,
783 1311 899 1359 Diis
935 1312 986 1360 in
1011 1312 1156 1362 abitu
1180 1321 1299 1363 vota
1323 1328 1449 1364 nun·

381 1396 602 1444 cupare,
621 1384 676 1432 in
698 1384 871 1435 reditu
896 1387 1116 1436 solvere.
1151 1388 1287 1452 Lips.

1530 784 1772 829 statuunt
1794 781 2046 842 indicari;
2079 789 2263 844 utpote
2297 797 2451 846 quem
2486 782 2598 831 Pli-

1532 855 1647 904 nius
1685 866 1972 920 propterea
2012 858 2204 907 dixerit
2244 859 2418 914 Deum,
2460 858 2597 921 quod

1529 932 1787 995 Trajanus
1807 933 2037 983 Nervam
2062 934 2171 983 vita
2193 933 2496 983 defunctum
2518 932 2595 984 fe-

1530 1011 1666 1058 cerit
1708 1010 1913 1072 Deum3
1948 1011 2086 1060 unde
2126 1012 2328 1060 Plinius
2365 1009 2597 1075 Trajano

1529 1084 1743 1145 dixerit,
1777 1086 1937 1136 Deum
1975 1093 2140 1144 turrim
2172 1086 2308 1136 haud
2345 1101 2494 1136 secus
2531 1103 2594 1138 ao

1526 1160 1682 1227 iufra,
1724 1175 1886 1212 xciii.
1915 1167 1961 1214 1.
1988 1172 2041 1214 et
2063 1167 2113 1214 8.
2151 1169 2403 1212 vocantur
2435 1164 2450 1190 ‘
2469 1177 2594 1212 cou-

1524 1239 1660 1287 sules
1699 1238 1813 1301 tui:
1846 1240 1880 1289 i.
1904 1254 1953 1289 e.
1988 1242 2227 1290 consules
2268 1254 2298 1288 a
2338 1246 2390 1288 te
2431 1238 2595 1301 facti3

1524 1322 1681 1380 propt
1701 1315 1813 1364 haec
1835 1315 1965 1365 bene
1981 1316 2219 1379 exposuit
2238 1314 2591 1374 Arntzeuius;

1526 1391 1613 1453 qui
1639 1405 1761 1441 vero
1790 1389 1928 1441 forte
1961 1392 2294 1455 praetermisit
2322 1399 2591 1447 annotare,

448 1459 632 1508 Eodem
667 1462 767 1509 loeo
799 1463 1148 1527 salutaverant]
1182 1464 1446 1531 Gryphius
1513 1465 1627 1528 jam
1677 1482 1882 1532 quoque
1925 1467 2145 1529 margini
2191 1469 2307 1516 libri
2347 1468 2592 1517 Vossiani

380 1542 440 1585 et
496 1536 774 1586 Sichardus
812 1538 1007 1588 babent
1049 1542 1294 1604 eodemque
1336 1544 1448 1592 loco.

379 1612 486 1665 Sed
527 1614 656 1663 nulii
690 1614 777 1664 alii
815 1616 952 1678 iibri,
975 1616 1082 1666 sive
1113 1619 1299 1683 scripti
1339 1620 1449 1670 sive

379 1690 646 1752 impressi,
667 1690 816 1741 istam
835 1693 1111 1755 copulandi
1137 1696 1448 1758 particulam

379 1775 706 1827 agnoscunt3
741 1782 892 1831 quam
931 1783 1024 1818 nec
1058 1772 1320 1821 sententia
1357 1787 1445 1823 ne-

377 1843 612 1892 cessario
633 1842 868 1906 requirit.
908 1844 1140 1895 Verbum
1164 1854 1338 1898 autem
1365 1864 1446 1899 se-

375 1931 543 1980 quens
568 1919 709 1969 varie
730 1917 923 1970 flexum
946 1921 1268 1974 observatur.
1303 1924 1442 1976 Satu-

373 1994 589 2043 teven‘ne
609 1994 777 2043 minus
801 1995 966 2059 probe
987 1998 1237 2061 scriptum
1276 2006 1359 2050 est
1392 2002 1443 2051 in

375 2069 587 2118 Veneto
611 2084 825 2136 meoque
848 2072 1133 2134 codicibus,
1169 2083 1224 2125 et
1261 2076 1312 2123 in
1334 2076 1445 2126 edi·

377 2144 525 2197 tione
562 2146 821 2196 Sicbardi.
892 2147 1232 2200 salutaverunt
1266 2154 1444 2215 piures

374 2220 590 2270 omnino
617 2222 842 2284 babent3
874 2226 967 2273 sed
989 2226 1311 2276 salutaverant
1350 2243 1443 2293 op·

375 2295 507 2347 time
524 2298 690 2347 codex
709 2298 1139 2365 salisburgensis,
1159 2303 1444 2367 Livineius,

371 2372 606 2436 Lipsius,
642 2374 921 2433 Gruterus.
958 2377 1299 2443 Parisienses,
1328 2381 1442 2431 alii·

371 2464 478 2513 que
503 2453 841 2514 recentiores.
907 2454 1080 2518 Hujus
1103 2464 1279 2505 autern
1302 2459 1439 2507 salu·

373 2527 591 2577 tationis
624 2528 737 2591 jam
771 2545 947 2594 supra,
989 2544 1043 2582 v.
1079 2537 1128 2582 4.
1165 2531 1313 2583 facta
1358 2542 1441 2586 est

370 2604 605 2654 mentio:
642 2603 863 2655 ‘Omnis
902 2607 1073 2670 turba,
1112 2623 1227 2673 qum
1282 2610 1438 2661 limen

369 2680 664 2745 insederat,
698 2682 761 2731 ad
804 2683 1093 2748 ingressum
1133 2692 1277 2735 tuum
1315 2687 1441 2737 fori·

372 2755 471 2806 bus
493 2758 729 2814 reclusis.
751 2759 842 2809 iiia
866 2760 1092 2826 quidem,
1115 2770 1173 2812 ut
1199 2771 1323 2814 tunc
1357 2781 1439 2815 ar-

369 2834 684 2899 bitrabatur,
724 2837 930 2900 Deum;
968 2849 1222 2896 ceterum,
1259 2849 1318 2891 ut
1349 2843 1438 2892 do·

367 2912 481 2962 coit
502 2923 742 2969 eventus,
757 2919 811 2964 te
831 2915 1178 2965 consalutauit
1204 2917 1435 2983 Impera·

370 2989 576 3039 torem-³
644 2989 728 3040 Cf.
748 3005 896 3041 xciv.
914 2996 965 3042 4.
999 2993 1244 3044 Schmun.

440 3068 776 3132 Damipsrun
808 3068 967 3131 tuum]
1003 3070 1141 3120 Loco
1178 3075 1436 3135 pronomi-

366 3144 452 3194 nis
473 3149 629 3204 tuan,
649 3145 948 3195 adverbium
970 3152 1087 3203 tunt,
1126 3163 1189 3197 ex
1225 3151 1435 3214 conjec-

367 3226 493 3274 tura
515 3220 567 3269 in
592 3222 824 3285 margine
847 3231 1122 3273 notaverat
1146 3225 1439 3290 Livineius3

367 3297 510 3346 idem
563 3299 878 3361 approbavit
929 3300 1341 3363 Rittersbusius3
1380 3314 1436 3355 et

366 3373 424 3421 in
465 3381 772 3423 contextum
830 3375 1140 3439 Panegyrici
1188 3391 1434 3442 recepere

369 3450 601 3513 Lipsius,
632 3451 1016 3517 Berneggerus,
1039 3454 1202 3515 Cera,
1221 3464 1277 3505 et
1300 3458 1433 3507 Ges-

366 3539 547 3575 nerus.
583 3526 676 3586 Ar,
689 3529 790 3578 aiio
807 3531 1014 3578 nomine
1034 3530 1252 3589 adscito,
1269 3535 1432 3584 Bero-

366 3604 523 3653 aldus
545 3612 600 3654 et
617 3605 651 3656 J
656 3614 781 3654 unta
803 3604 1079 3656 ediderunt
1092 3607 1249 3657 Deum
1262 3608 1433 3673 ipsum,

360 3687 557 3745 petrea
577 3687 750 3741 tuum,-
781 3684 909 3732 satis
929 3682 1084 3739 bene,
1102 3684 1145 3733 si
1168 3685 1292 3734 satis
1318 3702 1433 3736 cer-

365 3765 427 3807 to
451 3765 688 3807 veterum
718 3757 965 3807 librorum
1001 3761 1315 3811 auctoritate
1338 3762 1433 3811 nisi

366 3823 696 3883 viderentur.
762 3833 962 3883 Contra
984 3849 1108 3886 vero
1143 3852 1321 3889 ornnes
1345 3854 1434 3889 co·

363 3909 530 3971 dices,
565 3919 642 3973 et,
683 3919 878 3974 prater
912 3913 1219 3976 nominatos,
1255 3929 1433 3965 omues

363 3985 491 4036 libri
537 3987 791 4049 impressi,
833 3986 1028 4038 babent
1079 3991 1240 4039 Deum
1280 3992 1434 4055 ipsum

362 4068 519 4112 lm,
587 4062 691 4112 Sed
716 4069 772 4112 et
793 4077 965 4112 rursus
987 4066 1037 4112 in
1062 4064 1292 4122 diversas
1318 4083 1432 4131 par-

360 4147 448 4189 tes
469 4140 725 4189 secedunt
761 4147 1213 4197 commentatores.
1247 4143 1432 4193 incerti

363 4217 483 4280 quis
515 4216 817 4279 designetur
866 4218 1027 4267 Deus.
1095 4218 1320 4270 Quidam
1358 4221 1433 4270 iu·

364 4294 613 4357 telligunt
651 4293 838 4344 ,lovem
865 4292 1257 4356 Capitolinum3
1290 4297 1431 4360 quia,

362 4369 748 4435 interpretibus
772 4371 1025 4422 Catsnaeo
1059 4375 1116 4420 et
1149 4370 1267 4422 Jac.
1292 4372 1430 4423 Bau·

1522 1542 1843 1606 adscriptum
1865 1558 1977 1593 esse
1995 1544 2317 1604 Dentatum,
2332 1542 2366 1591 i.
2381 1557 2426 1591 e.
2451 1544 2588 1591 Ner-

1523 1635 1661 1680 vam,
1684 1629 1868 1683 utpote
1890 1633 2041 1686 quern
2069 1621 2237 1670 Deum
2257 1618 2385 1669 fecit
2403 1619 2591 1682 Traja-

1519 1696 1657 1745 nus!
1692 1698 1845 1746 Idem.

1589 1773 1750 1822 Deum
1770 1773 1922 1835 ipsum
1940 1773 2099 1837 tuum]
2138 1774 2357 1835 Legitur
2379 1780 2433 1823 et
2457 1774 2586 1823 alias

1517 1849 1672 1910 ipsum
1692 1854 1823 1911 tanc,
1843 1850 1933 1898 sed
1954 1858 2146 1913 praeter
2173 1851 2351 1899 libros·
2416 1850 2589 1898 Vocat

1521 1933 1694 1975 autem
1720 1927 1878 1976 Deum
1915 1941 2083 1991 suum,
2112 1927 2296 1978 Jovem
2328 1926 2585 1990 Cepitoii·

1520 2015 1661 2050 uum.
1695 2002 1845 2050 Grac.
2578 2038 2581 2045 .

1534 2130 1535 2133 ¹
1592 2078 1765 2140 Operis
1806 2078 1906 2143 sui]
1957 2080 2151 2142 Supra,
2194 2091 2319 2127 vni.
2353 2080 2404 2126 2.
2435 2075 2583 2125 ‘Sibi

1519 2152 1606 2202 Dii
1628 2154 1837 2215 gloriam
1856 2155 1995 2203 iilam
2018 2152 2375 2202 vindicarunt:
2400 2154 2581 2201 horum

1516 2246 1648 2294 opus
1693 2231 1812 2295 fuit,
1865 2233 2044 2283 luorum
2089 2232 2219 2282 iliud
2264 2232 2580 2295 imperium.’

1518 2309 1739 2370 Poturoi.

1585 2384 1766 2432 Iisdem
1785 2381 2034 2446 vestigiis]
2069 2383 2186 2431 Non
2211 2388 2309 2444 eut,
2331 2381 2462 2444 quod
2495 2382 2580 2431 hic

1515 2475 1634 2511 cum
1681 2461 1855 2525 Lipsio
1894 2474 2184 2525 queramus
2226 2458 2291 2506 de
2333 2467 2576 2520 suggestu

1516 2537 1757 2602 quodam,
1804 2538 1854 2585 in
1896 2551 1998 2601 quo
2045 2535 2345 2585 constiterit
2381 2537 2580 2599 Nerva,

1514 2629 1632 2663 cnm
1656 2614 1929 2678 adoptavit
1954 2614 2268 2676 Trajauum3
2303 2620 2360 2662 et
2381 2612 2576 2663 deinde

1513 2692 1794 2755 Trajanus,
1836 2705 1971 2749 cum,
2016 2693 2290 2753 imperium
2331 2690 2578 2753 adeptus,

1515 2781 1856 2831 reversusque
1902 2767 1954 2816 in
1996 2766 2198 2826 urbem,
2252 2775 2377 2815 vota
2419 2766 2577 2815 solvit

1513 2844 1651 2894 Diis.
1690 2844 1908 2906 Vestigii
1931 2843 2139 2906 propria
2162 2840 2469 2904 significatio
2495 2851 2577 2890 est

1513 2920 1682 2983 pedis,
1706 2922 1786 2968 vei
1825 2922 2057 2983 corporis
2089 2919 2377 2981 impressio,
2401 2916 2451 2965 id
2477 2926 2576 2979 est,

1511 2997 1711 3059 siguum
1749 3004 1804 3044 et
1834 2994 1997 3042 forma
2023 2993 2190 3056 pedis,
2217 2993 2296 3040 vel
2323 2993 2575 3055 corporis,

1512 3088 1627 3137 qua·
1670 3072 1978 3136 relinquitur
2032 3071 2083 3118 in
2135 3071 2267 3124 luco,
2324 3070 2407 3117 ubi
2456 3084 2573 3131 gra·

1511 3150 1699 3206 dimur,
1746 3158 1835 3197 aut
1880 3149 2182 3211 assidemus,
2236 3154 2326 3196 aut
2368 3162 2574 3196 secum-

1512 3223 1699 3273 bimus.
1780 3222 1984 3273 Deinde
2027 3238 2120 3285 pro
2165 3222 2423 3284 exemplo,
2470 3224 2571 3285 sig·

1512 3313 1599 3355 no,
1652 3300 1865 3361 indicio,
1911 3299 2036 3348 item
2095 3313 2191 3362 pro
2239 3300 2573 3356 monimento,

1511 3384 1568 3426 et
1637 3376 1890 3440 reliquiis,
1967 3375 2218 3424 translate
2288 3376 2570 3438 accipitur.

1510 3453 1637 3510 Hie,
1677 3459 1832 3516 prout
1870 3459 2014 3499 recte
2060 3450 2326 3499 annotavit
2371 3451 2572 3501 Gesne-

1511 3545 1614 3590 rus,
1650 3538 1703 3579 et
1727 3534 1847 3578 snte
1881 3541 1998 3577 eum
2027 3527 2319 3590 Catanaeus‚
2354 3541 2569 3590 genera-

1510 3608 1605 3657 tim
1646 3606 1857 3669 ponitur
1899 3619 1991 3668 pro
2025 3605 2155 3666 ioco,
2179 3603 2265 3652 ubi
2304 3604 2416 3667 quis
2448 3603 2571 3666 fuit,

1509 3681 1715 3731 etiamsi
1746 3696 1847 3730 non
1872 3688 2164 3744 appareant
2200 3679 2309 3742 ejus
2350 3681 2571 3744 vestigia

1511 3758 1721 3821 proprie
1736 3757 1898 3806 dicta.
1963 3758 2082 3807 Quo
2099 3771 2249 3804 sensu
2274 3756 2412 3804 idem
2436 3758 2572 3808 Ptin.

1510 3834 1684 3896 Epist.
1721 3847 1799 3882 vt.
1837 3837 1885 3881 7.
1908 3832 2060 3893 dixit,
2094 3832 2287 3893 ‘saepo
2322 3833 2475 3881 etiam
2514 3834 2565 3883 in

1510 3911 1734 3973 vestigio
1773 3923 1886 3957 meo
1921 3909 2124 3957 libellos
2149 3922 2286 3956 meos
2312 3908 2571 3958 colioces:

1508 3988 1632 4036 Huc
1667 3986 1888 4035 fortasse
1927 3992 1979 4032 et
2004 3984 2128 4033 iliud
2163 3984 2273 4032 Cic.
2314 3983 2379 4031 de
2417 3983 2570 4039 Orat,

1509 4076 1598 4113 ut.
1622 4068 1671 4113 2.
1705 4061 1887 4111 referri
1914 4069 2122 4123 potest:
2156 4061 2172 4086 ⁴
2192 4061 2319 4108 Post
2341 4060 2453 4121 ejus
2488 4060 2565 4109 in.

1509 4143 1719 4192 teritum
1761 4141 2094 4190 veniebamus
2139 4139 2189 4186 in
2243 4138 2458 4190 curiam,
2508 4149 2568 4189 ut

1509 4221 1786 4282 vestigium
1830 4216 1957 4266 iilud
2001 4217 2185 4278 ipsum,
2237 4214 2287 4260 in
2334 4225 2436 4273 quo
2476 4213 2567 4263 iiie

1506 4303 1828 4361 postremum
1846 4291 2145 4347 institisset,
2167 4286 2569 4340 contueremur:

1505 4373 1750 4425 Schwarz.
