3060 4902
554 336 584 404 1
598 337 727 403 042

553 492 790 559 praetorii
839 488 1092 556 suscepit,
1124 503 1388 554 nunquam
1443 487 1506 537 ad
1561 488 1613 538 id

553 580 779 633 tempus,
809 568 905 617 nisi
942 567 1007 616 ab
1046 567 1222 630 equite
1261 565 1498 615 Romano
1524 566 1613 614 ad·

550 643 927 695 ministratam.'
997 643 1227 693 Admissi
1276 652 1447 692 tamen
1490 651 1613 693 sunt

550 732 735 785 postea
758 722 917 772 etiam
952 722 1082 770 alins
1127 720 1321 769 ordinis
1358 720 1610 769 homines.

549 800 623 848 Hi
650 799 715 847 ah
750 799 898 848 initio
923 813 1024 847 non
1064 798 1161 846 nisi
1203 812 1307 846 rem
1335 798 1608 846 militarem

548 875 836 925 cohortium
863 875 1219 936 praetoriarum
1239 880 1500 928 curarunt,
1520 887 1609 921 ne·

548 968 649 1016 que
674 953 769 1000 nisi
808 952 946 1000 inter
983 950 1173 998 milites
1211 964 1329 998 suos
1353 951 1439 1010 jus
1462 950 1609 1002 dixe·

540 1040 703 1090 sunt3
739 1030 926 1078 deinde
961 1042 1107 1087 vero,
1128 1041 1243 1076 cum
1269 1027 1606 1089 imperatores

544 1107 633 1154 has
677 1115 851 1169 partes
891 1118 988 1152 non
1023 1103 1137 1150 aliis
1178 1100 1465 1161 deferrent,
1506 1101 1606 1150 nisi

540 1183 831 1247 iis,qnibus
876 1197 983 1245 prae
1024 1180 1214 1229 ceteris
1253 1178 1506 1226 haberent
1548 1178 1601 1226 fi-

541 1259 691 1319 dem;
724 1272 928 1320 semper
953 1257 1131 1305 adesse
1157 1255 1460 1317 imperatori
1497 1269 1607 1315 suo,

541 1343 598 1384 et
623 1349 704 1383 res
737 1333 893 1384 etiam
920 1333 984 1383 ad
1010 1333 1178 1381 aulam
1203 1340 1256 1380 et
1280 1331 1455 1380 urbem
1484 1347 1604 1396 pet·-

539 1413 766 1461 tinentes
803 1410 1165 1460 administrare
1194 1416 1486 1471 coeperunt,
1524 1412 1598 1457 ita

539 1496 596 1536 ut
641 1500 819 1537 eorum
881 1493 1115 1550 potestas
1156 1485 1298 1548 quasi
1352 1485 1603 1546 proxima,

536 1564 647 1612 sive
670 1564 837 1612 altera
862 1562 926 1611 ab
947 1568 1163 1623 augusto
1182 1561 1426 1623 imperio,
1447 1563 1598 1610 liabe-

536 1647 701 1701 retur,
728 1647 863 1689 teste
887 1640 1099 1688 Victore
1120 1637 1183 1685 de
1210 1638 1524 1697 Caesaribus,
1546 1640 1596 1687 in

533 1716 874 1780 Vespasiano,
899 1719 1012 1764 c-9.
1082 1715 1213 1765 Quae
1235 1715 1423 1769 omnia,
1465 1729 1596 1775 prae·

533 1801 618 1841 ter
640 1801 862 1849 ceteros,
897 1792 1157 1854 copiosius
1180 1792 1418 1853 exposuit
1445 1791 1593 1840 Peri·

533 1870 710 1919 zonius
745 1871 796 1918 in
834 1870 1118 1918 Dissertat.
1141 1882 1202 1916 n.
1228 1868 1293 1914 de
1320 1867 1596 1917 l’roetorio.

527 1947 675 1994 Nihil
700 1947 887 1995 attinet
912 1946 1143 1993 hocloco
1167 1943 1277 1993 fata
1301 1945 1593 2006 atquejura

530 2021 894 2084 praefectorum
914 2022 1142 2085 praetorii
1169 2020 1466 2083 posteriotis
1490 2023 1589 2071 aevi

526 2113 944 2148 commemorare.
993 2097 1101 2146 Etsi
1127 2106 1297 2145 autem
1324 2096 1589 2158 Augustus

526 2177 674 2226 binos
702 2177 1012 2226 instituisset
1035 2172 1308 2237 proefectos
1333 2176 1589 2237 proetorii3

527 2253 615 2301 alii
669 2260 841 2302 tamen
899 2251 1171 2315 aliquando
1233 2252 1589 2301 tantummodo

523 2342 703 2386 unum,
758 2329 1031 2392 aliquando
1092 2335 1218 2384 tres,
1295 2328 1590 2390 pluresque,

520 2413 765 2455 crearunt
789 2421 805 2466 ς
858 2404 994 2470 quod
1044 2412 1190 2467 patet
1241 2419 1306 2454 ex
1350 2405 1587 2468 catalogo

517 2484 697 2532 horum
738 2483 1125 2547 praefectorum,
1150 2497 1322 2545 quem,
1353 2485 1585 2545 quamvis

516 2561 741 2609 nondum
767 2560 889 2607 satis
925 2560 1233 2620 perfectum,
1272 2560 1514 2608 Semestr.
1540 2574 1583 2608 1.

520 2639 567 2684 1.
603 2635 821 2683 inseruit
858 2634 1046 2682 Petrus
1075 2633 1269 2693 Faber;
1310 2636 1395 2696 qui
1422 2637 1580 2684 etiam

514 2725 580 2759 ex
603 2710 814 2771 Trajani
842 2710 1159 2771 temporibus
1200 2725 1298 2759 non
1340 2712 1431 2759 nisi
1467 2712 1581 2760 uni·

513 2800 628 2835 cum
663 2785 967 2847 praefectum
995 2786 1224 2847 praetorii
1252 2788 1468 2849 reperit,
1490 2801 1576 2835 an-

510 2863 839 2926 notavitque,
864 2876 1050 2924 nempe
1081 2862 1333 2911 Licinium
1360 2866 1576 2925 Suram;

508 2953 625 2988 cum
654 2947 824 2988 tamen
844 2945 1043 2988 certum
1069 2939 1153 2993 sit.
1176 2940 1333 2986 etiam
1358 2938 1452 2987 sub
1477 2942 1574 2990 hoc

507 3016 824 3079 imperatore
852 3018 1023 3080 plures
1048 3014 1226 3077 fuisse,
1250 3030 1466 3079 quorum
1499 3026 1573 3065 ta·

506 3108 625 3142 suen
667 3094 874 3142 nomina
919 3107 1017 3141 non
1064 3093 1353 3142 innotuere.
1446 3094 1572 3157 Ipse

507 3171 643 3218 enim
678 3171 927 3232 Trajanus
951 3168 1087 3231 apud
1128 3170 1265 3217 Plin.
1288 3170 1388 3232 Ep.
1413 3183 1467 3219 x.
1487 3174 1569 3219 65.

505 3247 746 3307 scripsit:
782 3248 1021 3295 ‘Vinctus
1046 3246 1180 3294 mitti
1202 3247 1262 3292 ad
1291 3245 1568 3309 praefectos

503 3322 736 3382 praetorii
762 3324 861 3370 mei
895 3320 1113 3370 debuit.’
1180 3321 1566 3385 Nihilquidem

502 3394 705 3459 dubito,
720 3398 841 3459 quin
865 3398 945 3446 liic
967 3398 1194 3447 Licinius
1215 3399 1348 3447 Sura
1369 3406 1567 3463 tempo·

499 3472 641 3521 ribus
666 3472 878 3535 Trajani
915 3472 1072 3522 fuerit
1116 3473 1395 3536 praefectus
1431 3490 1566 3537 prae-

499 3548 661 3607 torii;
696 3563 882 3612 neque,
925 3549 1044 3598 dum
1087 3565 1277 3614 sequor
1317 3551 1566 3601 narratio·

496 3638 616 3674 nem
642 3624 896 3688 Xiphiliui
931 3639 997 3673 ex
1034 3627 1203 3675 Dione
1240 3627 1437 3683 Cassio,
1469 3627 1561 3677 lib.

495 3714 703 3751 vant.
729 3716 778 3764 p.
797 3705 909 3749 777.
939 3701 1050 3762 jam
1076 3703 1302 3764 ambigo,
1331 3718 1395 3752 an
1422 3704 1560 3754 idem

493 3777 653 3828 fuerit
680 3778 765 3826 ille
790 3774 1090 3840 praefectus,
1115 3778 1196 3826 cui
1233 3792 1415 3827 munus
1455 3778 1554 3830 hoc

492 3854 801 3918 suscipienti
820 3852 1077 3916 Trajanus
1099 3852 1325 3913 gladium
1352 3855 1556 3914 praebu·

492 3932 612 3986 erit,
645 3938 718 3986 et,
757 3944 820 3979 eo
846 3928 1057 3984 nudato,
1097 3929 1289 3977 dixerit
1327 3930 1413 3978 illa
1449 3945 1554 3980 me·

490 4006 765 4055 naturabilia
806 4006 980 4060 verba,
1017 4020 1128 4067 qum
1169 4005 1305 4053 Plin.
1353 4006 1552 4072 Paneg.

490 4095 666 4131 vau.
686 4088 733 4131 8.
756 4084 1167 4131 commemoravit
1194 4101 1206 4142 ;
1242 4097 1355 4131 cum
1381 4084 1550 4140 Anna,

487 4155 643 4205 Fuhri
668 4159 791 4219 tilia,
816 4159 1001 4224 alioqui
1029 4159 1342 4219 doctissima,
1357 4157 1551 4210 frustra

487 4233 765 4295 monuerit,
790 4234 923 4284 hunc
955 4234 1202 4285 Licinium
1240 4236 1424 4286 Suram
1461 4238 1549 4287 de·

1250 346 1468 397 No'rAE
1517 345 1615 394 VA
1627 344 1923 395 monost
1972 344 2056 394 IN

1690 502 1824 538 mum
1870 502 2007 538 anno
2045 485 2228 553 quinto
2273 483 2480 549 imperii
2517 483 2765 550 Trajani,

1689 563 1927 629 adeoque
1952 561 2165 614 biennio
2189 570 2310 626 post
2337 562 2478 613 hunc
2510 561 2760 627 Panegy-

1688 645 1849 693 ricum
1869 644 2086 704 dictum,
2100 641 2403 693 cohortibus
2424 641 2760 705 pretorianis

1685 717 1842 769 fuisse
1899 720 2231 784 praefectum.

1686 797 1864 861 etiam,
1912 797 2132 847 eundem
2180 798 2366 846 Suram
2399 811 2605 845 sumnia
2647 795 2754 846 fide

1685 880 1843 937 atque
1888 875 2116 923 amicitia
2155 872 2380 936 'l'rajano
2421 870 2586 921 fuisse
2626 886 2758 921 con·

1674 949 1957 1012 junctum3
2002 964 2117 1000 cum
2164 950 2298 998 idem
2345 950 2646 1012 xiphilinus
2698 950 2754 999 id

1683 1024 1896 1082 referat,
1921 1026 2217 1090 tradatque,
2230 1027 2505 1091 Trajanurn
2522 1025 2755 1077 eunden

1680 1102 1883 1159 Suram,
1909 1105 2016 1153 vita
2039 1103 2294 1168 functum,
2330 1103 2533 1166 publica
2573 1106 2754 1165 sepul-

1683 1185 1796 1227 tura
1850 1180 2143 1236 honorasse,
2185 1180 2461 1243 eidemque
2516 1186 2750 1230 statuam

1680 1255 1928 1305 collocari
1957 1256 2194 1320 Jussisse.
2264 1257 2403 1306 Num
2441 1269 2567 1305 vero
2603 1256 2747 1307 idem

1682 1331 1903 1381 Licinius
1928 1334 2063 1383 Sura
2099 1333 2197 1382 hoc
2228 1333 2389 1382 etiam
2428 1332 2589 1381 Plinii
2626 1333 2745 1382 loco

1677 1405 1996 1470 designetur,
2026 1408 2166 1473 quod
2189 1408 2467 1458 Catanaeus
2491 1414 2547 1456 et
2572 1407 2748 1471 Raya·

1675 1497 1769 1531 nus
1797 1485 1893 1533 sihi
1918 1499 2215 1548 persuasum
2239 1483 2489 1538 habuere,
2510 1482 2566 1532 id
2590 1494 2745 1536 certo

1675 1573 1842 1623 neque
1875 1559 2116 1610 affirmari
2157 1574 2324 1624 neque
2352 1559 2527 1626 negari
2565 1574 2743 1622 posse.
2821 1611 2824 1614 .

1673 1652 1892 1698 cense03
1925 1654 2039 1689 cnm
2063 1640 2160 1688 hac
2192 1638 2258 1687 de
2300 1652 2356 1688 re
2391 1638 2579 1686 sileant
2604 1640 2740 1687 anti·

1673 1727 1773 1775 qua
1820 1714 2145 1764 historiarum
2185 1715 2512 1764 documenta.
2577 1714 2740 1777 Equi·

1672 1788 1788 1837 dem
1827 1791 2031 1853 Lipsius
2067 1793 2287 1855 putavit,
2325 1790 2628 1854 nentiquam
2652 1792 2737 1840 hie

1670 1866 1889 1929 intelligi
1929 1883 2085 1931 posse
2121 1868 2263 1916 illum
2303 1868 2506 1917 Suram.
2588 1869 2733 1919 Quo-

1669 1943 1820 1993 modo
1844 1946 2000 2006 euim,
2023 1946 2356 2010 inquit‚8ura
2382 1945 2594 1995 biennio
2617 1954 2738 2009 post

1668 2018 1946 2070 discessum
1986 2022 2129 2070 illum
2172 2023 2350 2072 consul
2395 2019 2602 2077 fuisset.
2635 2022 2734 2072 ite·

1666 2109 1880 2160 rumque
1904 2097 2244 2160 quadriennio
2266 2098 2588 2160 interjecto?
2624 2100 2733 2148 Ve-

1665 2186 1796 2226 rum,
1826 2173 1938 2236 jam
1978 2174 2207 2223 Baunins
2249 2174 2511 2224 dubitanti
2551 2176 2730 2239 upote

1666 2250 1918 2311 regessit:
1958 2250 2153 2300 Quidni
2194 2250 2360 2300 Licin.
2405 2251 2542 2301 Sura
2577 2266 2729 2302 revo-

1663 2325 1772 2372 cari
1813 2327 2043 2387 potuerit
2083 2341 2114 2376 a
2148 2327 2367 2390 Trajano
2409 2341 2478 2377 ex
2513 2329 2626 2378 otio
2660 2329 2729 2380 ad

1660 2399 1916 2463 gerendos
1953 2401 2076 2450 istos
2121 2403 2458 2453 consulatus?
2527 2403 2729 2455 Eadem

1660 2478 1814 2526 etiam
1835 2480 2053 2541 regessit
2073 2480 2470 2543 Christophorus
2487 2480 2730 2531 Bebrius.

1658 2552 1860 2615 Potuit,
1904 2555 2088 2618 inquit.
2130 2556 2229 2606 iste
2272 2556 2402 2605 Sura
2435 2556 2513 2604 ad
2557 2558 2726 2608 otium

1657 2629 1818 2691 ahire,
1839 2635 1896 2679 et
1919 2645 2094 2680 rursus
2117 2639 2292 2681 tamen
2308 2631 2374 2680 ad
2391 2632 2616 2682 honores
2640 2648 2725 2684 re·

1656 2708 1808 2756 verti.
1869 2708 2122 2771 Exemplo
2144 2718 2226 2758 est
2249 2709 2460 2758 Mallius
2483 2711 2722 2761 Theodo-

1654 2798 1755 2839 rus,
1780 2800 1929 2848 quein
1951 2785 2267 2835 Claudianus
2293 2794 2469 2836 narrat
2495 2801 2525 2835 e
2549 2787 2719 2849 primo

1652 2863 1925 2910 consulatu
1963 2862 2015 2911 in
2037 2862 2195 2912 otium
2220 2876 2275 2911 se
2298 2862 2614 2925 contulisse3
2647 2879 2718 2917 ex

1650 2937 1757 2986 otio
1782 2945 1952 2987 tamen
1965 2939 2033 2988 ad
2052 2941 2267 2989 alterum
2289 2941 2609 2989 consulatum
2635 2954 2718 2990 re.

1648 3012 1821 3063 diisse.
1889 3015 1964 3066 At
2001 3015 2114 3066 inec
2148 3015 2321 3064 omnia
2354 3014 2578 3078 probant
2602 3018 2718 3081 qui·

1646 3088 1764 3137 dem
1794 3090 1958 3140 Licin.
1992 3090 2139 3140 Suras
2166 3092 2395 3154 potuisse
2430 3106 2461 3141 a
2489 3092 2716 3156 Trajano

1646 3173 1770 3214 tunc
1796 3167 1957 3215 otium
1985 3167 2567 3231 permitti5neutiquam
2584 3183 2716 3219 vcro

1645 3242 1891 3304 probant,
1912 3243 2015 3293 ista
2037 3258 2138 3292 non
2161 3245 2323 3293 etiam
2340 3242 2408 3292 de
2430 3244 2532 3293 alio
2557 3260 2715 3309 posse

1643 3318 1883 3383 intelligi.
1949 3320 2337 3384 Impensissime
2355 3319 2562 3384 quidem
2585 3322 2713 3372 Tra·

1633 3396 1792 3459 janus
1833 3397 2026 3446 amavit
2063 3398 2443 3460 honoravitque
2485 3398 2711 3460 Suram3

1639 3471 1731 3520 sed
1778 3488 1881 3522 non
1924 3474 2091 3522 minus
2136 3473 2264 3521 alios
2308 3471 2466 3522 etiam
2511 3474 2709 3524 amicos

1640 3550 1835 3599 amavit
1874 3549 2270 3613 honoravitque.
2339 3549 2519 3609 Certe,
2567 3556 2711 3600 teste

1640 3624 1832 3688 Dione,
1855 3640 1906 3687 p.
1928 3630 2042 3675 778.
2070 3625 2282 3681 Ἔστησε
2302 3622 2353 3673 δὲ
2374 3623 2454 3673 καὶ
2471 3625 2562 3673 τοῦ
2581 3630 2710 3675 Σοσ-

1636 3700 1762 3765 σίου,
1797 3704 1884 3751 τοῦ
1918 3720 1975 3751 τε
2010 3701 2225 3762 Πάλμου,
2264 3700 2345 3750 καὶ
2377 3702 2468 3750 τοῦ
2505 3702 2707 3757 Κέλσου

1636 3775 1832 3833 sladum,
1889 3777 2015 3826 οὕτω
2052 3797 2144 3827 που
2183 3778 2354 3830 αὐτοὺς
2392 3781 2489 3828 *ὃν
2531 3778 2707 3830 ἄλλα

1632 3855 1933 3917 upon-{nnec}
2002 3856 2142 3905 Sosio
2176 3870 2375 3919 qnoque,
2407 3862 2457 3905 et
2490 3857 2700 3917 Pal-a,

1628 3938 1677 3981 et
1705 3934 1858 3991 Celso,
1881 3938 2066 3982 ualuas
2097 3935 2271 3994 posuit,
2299 3946 2416 3995 qnos
2435 3934 2566 3982 ciros
2589 3950 2699 3997 με

1625 4009 1799 4056 ceteris
1837 4008 2003 4056 habuit
2036 4008 2088 4055 in
2126 4008 2315 4056 honore.
2394 4008 2475 4057 Ex
2515 4009 2592 4058 his
2625 4012 2697 4059 A.

1629 4085 1899 4133 Cornelius
1939 4084 2117 4134 Palma
2155 4084 2221 4133 Α.
2255 4085 2315 4134 C.
2350 4088 2434 4134 99.
2470 4085 2692 4147 primum

1626 4157 1724 4208 fuit
1759 4161 1935 4209 consul
1974 4159 2266 4208 ordinarius
2304 4174 2420 4207 cnm
2460 4160 2522 4209 C.
2542 4160 2695 4211 Sosio

1622 4238 1904 4289 Senecione
1930 4252 1994 4289 ιι.
2029 4246 2082 4287 et
2122 4237 2184 4287 Α.
2225 4238 2285 4287 C.
2310 4241 2426 4287 109.
2465 4239 2604 4291 idem
2626 4254 2700 4294 ιι.

2315 719 2503 774 Immo,
2558 719 2757 781 largior
2813 741 2826 746 ,
