3060 4902
758 372 821 421 Ο.
872 371 1113 424 Pmmt
1162 371 1492 422 SECUNDI
1544 373 1817 424 PANEG.

319 525 412 565 uec
455 528 626 578 pauca
670 514 807 565 hanc
856 515 909 566 in
958 531 1066 565 rem
1117 517 1383 580 congessit

320 591 597 651 Gruterus,
621 592 672 641 in
694 592 930 643 Discurs.
946 593 1106 643 Polit.
1131 593 1194 643 ad
1215 593 1386 643 Tacit.

320 684 365 719 c.
384 673 464 718 83.
501 669 747 718 Selium.

382 746 460 794 Hi
484 746 733 809 amicitia]
768 744 830 795 In
865 745 1046 796 codice
1083 761 1197 796 meo
1229 746 1384 796 libra·

323 821 420 869 rius
444 836 539 885 pro
564 822 619 871 hi
656 822 889 884 reposuit
916 823 980 870 ii.-
1014 823 1089 870 his
1118 823 1386 886 provincias

322 897 498 961 offen,-
533 899 571 947 ii
606 898 845 955 amicitia,
883 898 921 945 ii
938 898 1150 960 „indie-io,
1169 897 1385 960 florent:

323 984 377 1022 ut
415 975 618 1024 scilicet
650 975 960 1024 conciliaret
998 975 1108 1024 lia-c
1149 989 1264 1023 cum
1308 990 1387 1023 se·

324 1060 510 1113 quente
559 1050 885 1114 pronomine,
929 1050 1114 1099 vitiose
1168 1052 1385 1113 scripto,

324 1126 417 1176 isti.
450 1126 621 1175 Idem.

383 1204 575 1252 Judieio
595 1202 807 1267 florent]
844 1201 888 1254 1.
915 1217 961 1254 e.
1005 1203 1285 1253 honorifica
1310 1203 1385 1253 fa·

325 1293 400 1328 tna
425 1290 478 1329 et
501 1280 889 1328 existimatione
924 1281 1206 1330 excellunt.
1277 1282 1385 1330 Cic.

328 1356 466 1405 Fam.
489 1369 629 1405 xnt.
646 1359 730 1406 46.
756 1356 772 1383 ‘
799 1357 870 1405 Ut
891 1356 1147 1406 hominem
1172 1356 1385 1419 probum

324 1434 662 1492 existimares,
683 1433 770 1497 qui
798 1434 1000 1496 patroni
1016 1434 1219 1497 judicio
1243 1448 1387 1482 orna-

326 1519 405 1562 tus
426 1511 603 1561 esset.’
669 1512 818 1561 Idem
852 1512 916 1561 ad
953 1514 1018 1564 Q.
1056 1514 1142 1562 Fr.
1168 1528 1206 1561 1.
1235 1518 1280 1562 l.
1306 1519 1386 1563 15.

326 1590 342 1616 ⁴
365 1589 479 1638 Non
503 1588 704 1638 esttibi
728 1589 808 1638 his
833 1589 955 1638 solis
980 1591 1227 1639 utendum
1254 1591 1389 1639 exis·

331 1665 681 1716 limationibus
726 1680 786 1714 ac
829 1664 1065 1728 judiciis,
1119 1668 1203 1729 qui
1256 1682 1391 1715 nunc

330 1750 463 1804 sunt,
506 1743 804 1802 homiuum;
847 1742 937 1790 sed
980 1743 1041 1789 iis
1087 1745 1263 1800 etiam,
1304 1745 1391 1807 qui

327 1818 477 1869 futuri
503 1818 668 1869 sunt.’
703 1820 842 1869 Plin.
870 1820 1035 1881 Epist.
1062 1833 1142 1867 tv.
1169 1825 1247 1868 15.
1272 1824 1285 1848 ‘
1306 1822 1394 1869 lta

329 1911 417 1946 nos
443 1897 667 1946 virtutes
704 1903 826 1951 tuoe,
862 1896 932 1944 ita
958 1895 1159 1959 judicia
1201 1896 1390 1959 princi·

329 1974 420 2037 pis,
457 1973 704 2036 augurari
744 1971 955 2021 volunt.’
1022 1975 1092 2022 Et
1134 1975 1303 2036 Epist.
1339 1988 1392 2023 x.

329 2054 376 2098 8.
410 2054 425 2080 ‘
451 2049 535 2100 Ad
565 2051 920 2100 testimonium
944 2049 1251 2114 laudemque
1286 2063 1392 2099 mo·

330 2140 435 2176 rum
460 2141 693 2176 meorum
712 2127 959 2190 pertinet,
981 2133 1083 2175 tam
1112 2126 1229 2175 boni
1255 2126 1393 2189 prin·

331 2207 458 2269 cipis
473 2203 680 2269 judicio
703 2202 978 2252 exornari.’
1012 2203 1164 2252 Idem.

390 2286 650 2332 donantur
689 2280 806 2344 isto]
861 2281 1018 2328 Varie
1057 2281 1392 2341 depravatum

332 2369 410 2410 est
432 2358 529 2410 hoc
555 2357 768 2408 verbum
794 2360 845 2405 in
882 2371 980 2406 non
1018 2347 1167 2407 nullis
1202 2358 1390 2406 codici-

330 2436 441 2489 bus.
507 2436 573 2486 1n
609 2435 790 2486 codice
815 2435 1022 2484 Veneto
1057 2439 1105 2483 2.
1144 2435 1397 2498 scriptum

329 2522 407 2564 est
426 2517 675 2574 nentur,
701 2516 750 2561 in
774 2511 1151 2574 salisburgensi
1176 2528 1232 2560 ac
1255 2519 1395 2560 aluu-

329 2598 425 2654 tur,
458 2594 509 2640 in
545 2589 840 2653 Guelpliico
872 2589 1138 2638 acciuntur.
1225 2590 1394 2652 Vulgo

334 2676 470 2718 totns
500 2669 585 2717 hic
610 2668 752 2715 locus
789 2665 863 2713 sic
890 2666 1179 2727 legebatur,
1204 2666 1394 2715 Acunu-

330 2750 408 2793 tur
429 2744 519 2794 isti
542 2744 844 2804 integritatis
865 2747 911 2791 el
950 2743 1200 2795 industiioe
1224 2744 1395 2805 prelio.

332 2821 524 2870 Similes
546 2824 592 2868 et
627 2817 879 2866 dissimiles
907 2817 1208 2865 alliciuntur.
1275 2818 1399 2866 Tria

335 2897 584 2946 vitiarunt
607 2896 743 2944 hunc
762 2895 948 2942 locum.
1007 2894 1258 2949 Primum,
1284 2908 1398 2955 pro-

333 2986 519 3021 nomen
553 2972 658 3033 isti,
694 2985 789 3033 pro
822 2970 951 3026 isto‚·
1005 2970 1196 3019 deinde
1237 2971 1399 3019 inter·

337 3049 549 3111 punctio
572 3045 811 3111 perfecta
838 3046 975 3094 inter
998 3060 1148 3094 voces
1171 3049 1324 3108 pretio
1346 3053 1400 3095 et

331 3127 510 3174 similes
547 3124 750 3187 posita3
786 3132 893 3171 tum
933 3126 1120 3185 copula
1152 3128 1196 3171 et
1232 3125 1400 3172 verbis

336 3203 588 3253 Plinianis
614 3200 821 3249 aliunde
850 3200 1067 3248 intrusa.
1133 3200 1251 3249 Jam
1278 3200 1398 3262 Lip-

336 3280 440 3328 sius
474 3278 623 3333 vidit,
657 3291 751 3339 pro
787 3289 911 3324 casu
952 3273 1271 3323 nominativo
1312 3290 1400 3323 uu-

336 3356 460 3405 meri
486 3354 694 3417 pluralis
726 3352 829 3413 isti,
862 3351 1250 3399 rescribendum
1289 3365 1403 3398 esse

337 3445 511 3481 casum
526 3438 730 3479 sextum
755 3428 1027 3491 singularis
1053 3427 1273 3486 numeri,
1293 3427 1406 3488 isto,

338 3516 396 3556 nt
429 3506 686 3556 referatur
715 3505 778 3554 ad
819 3518 1038 3568 sequens
1078 3516 1262 3551 nomen
1295 3517 1404 3565 pre·

338 3584 422 3631 tio·
450 3583 625 3632 Probo
649 3582 828 3646 utique
853 3581 984 3628 banc
1001 3579 1407 3639 correctionem;

338 3665 622 3724 potuerunt
643 3660 776 3707 euim
806 3657 1024 3714 librarii,
1055 3657 1140 3718 qui
1168 3669 1233 3703 ex
1258 3664 1404 3703 ante·

336 3736 646 3787 cedentibus
680 3749 855 3784 casum
881 3732 1203 3793 nominandi,
1225 3731 1295 3785 lii,
1318 3731 1405 3779 ad·

338 3814 435 3864 buc
470 3814 520 3862 iu
550 3813 722 3862 animo
745 3810 1059 3863 habuerunt,
1085 3806 1237 3856 facile
1262 3806 1406 3856 effin-

340 3906 462 3955 gere
475 3891 580 3946 isli,
598 3903 691 3952 pro
709 3888 823 3949 isto,
842 3894 1116 3949 antequam
1140 3885 1202 3932 ad
1222 3898 1405 3933 nomen

333 3969 485 4032 pretio
510 3967 866 4031 pervenirent,
897 3972 987 4012 aiat
1011 3970 1288 4023 autequam
1316 3960 1405 4008 ali·

341 4058 418 4092 um
458 4043 825 4107 prospicerent
868 4052 1042 4086 casum
1092 4035 1408 4096 nominandi,

339 4120 399 4168 ad
425 4136 573 4185 quem
603 4117 817 4166 verbum
852 4118 1089 4162 acuuntur
1125 4109 1406 4159 referrent.

342 4195 405 4245 Et
427 4194 603 4260 quidni
632 4193 856 4250 Plinius,
878 4199 935 4238 ut
959 4188 1132 4237 omnia
1158 4202 1406 4235 consona·

344 4281 453 4324 rent
496 4271 781 4336 prioribus,
816 4273 942 4317 tunc
979 4266 1150 4330 potius
1188 4264 1405 4313 dixisset

1898 377 1950 425 1.
1982 362 2086 424 44.
2391 359 2523 428 701

1457 517 1510 565 hi
1555 523 1793 568 acuuntur
1831 519 2135 582 integritatis
2174 524 2223 570 et
2267 521 2525 571 iudustrioe

1456 596 1644 657 pretio?
1712 596 1967 648 Quoniam
1993 605 2165 646 autem
2192 610 2342 645 verus
2371 610 2521 646 casus

1460 670 1785 731 nominandi,
1826 671 1912 735 qui
1944 686 2062 721 cum
2098 673 2258 721 verbo
2285 678 2524 722 acuuntur

1459 747 1816 808 conjungitur,
1845 755 1926 796 est
1953 762 2048 796 vox
2069 748 2267 803 similes,
2287 750 2396 798 haec
2423 764 2525 798 vox

1461 836 1784 886 nequaquam
1833 839 1863 872 a
1906 839 2000 872 suo
2038 827 2195 873 verbo
2235 840 2329 888 per
2362 827 2524 876 inter·

1461 900 1789 962 punctionem
1815 906 1894 949 est
1930 900 2260 963 divellenda;
2292 917 2406 952 cum
2435 919 2525 967 po·

1462 976 1562 1022 tius
1589 981 1708 1036 post
1744 989 1856 1024 eam
1890 976 2060 1025 lenior
2095 977 2326 1038 quaedam
2364 979 2526 1029 inter·

1463 1052 1698 1113 punctio,
1733 1066 1785 1099 v.
1806 1067 1856 1113 g.
1893 1053 2194 1109 semicolon,
2227 1053 2414 1102 habeat
2453 1056 2526 1104 lo-

1461 1141 1595 1175 cum.
1664 1127 1932 1177 Particula
1977 1128 2199 1193 denique
2248 1130 2527 1192 copulandi

1461 1209 1507 1253 el
1529 1213 1609 1253 est
1635 1205 1947 1266 rejicienda;
1983 1220 2099 1254 cum
2139 1220 2232 1254 nec
2269 1207 2404 1254 ullus
2440 1220 2528 1256 co·

1463 1281 1633 1330 dicum
1668 1283 1796 1330 Mss.
1824 1296 1921 1331 nec
1947 1283 2266 1343 antiquiores
2291 1284 2407 1332 libri
2433 1284 2523 1332 im·

1465 1360 1629 1421 pressi
1655 1373 1767 1407 eam
1801 1367 2104 1421 agnoscant,
2125 1359 2213 1407 sed
2252 1361 2469 1421 primum
2496 1376 2528 1412 a

1466 1436 1758 1484 Cratandro
1782 1444 1836 1483 et
1862 1435 2110 1484 Sicliardo
2136 1436 2387 1486 Plinianis
2416 1452 2527 1487 ver-

1467 1510 1544 1559 bis
1565 1512 1759 1559 inserta
1784 1510 2224 1572 deprehendatur.
2295 1511 2411 1563 Hoc
2440 1529 2530 1562 au·

1467 1593 1569 1635 tem
1606 1587 1780 1635 dicere
1807 1586 1970 1635 voluit
1996 1586 2225 1636 Plinius:
2264 1588 2372 1638 Isto
2398 1589 2529 1638 inte·

1467 1665 1676 1726 gritatis
1702 1671 1758 1713 et
1783 1663 1983 1713 virtutis
2021 1665 2252 1727 praemio,
2276 1665 2412 1728 quod
2439 1665 2530 1715 de-

1466 1739 1571 1789 fers
1627 1742 1790 1801 bouis,
1843 1741 1907 1789 ad
1959 1742 2371 1804 prosequendum
2423 1744 2530 1792 lau·

1469 1817 1548 1865 dis
1592 1819 1904 1866 curriculum
1961 1828 2235 1874 acuuntur,
2277 1827 2330 1869 et
2370 1821 2533 1885 magis

1469 1895 1873 1942 exstimulautnr
1944 1894 2155 1954 similes,
2229 1895 2281 1944 h.
2336 1911 2383 1945 e.
2444 1898 2533 1946 alii

1472 1969 1627 2029 boni;
1684 1970 1837 2018 imino
1882 1968 1956 2019 sic
2011 1971 2310 2021 alliciuntur
2354 1973 2531 2035 etiam,

1471 2052 1628 2109 atque
1654 2045 1718 2093 ad
1747 2046 1988 2095 virtutem
2027 2049 2224 2109 pariter
2261 2050 2530 2099 colendam

1468 2120 1769 2178 flectuntur,
1806 2122 2098 2183 dissimiles,
2131 2124 2180 2172 Ιι.
2205 2140 2252 2174 e.
2287 2127 2371 2189 qui
2411 2127 2535 2176 alias

1470 2213 1572 2247 non
1620 2207 1770 2247 erant
1816 2199 1951 2247 boni.
2022 2199 2084 2247 In
2129 2208 2306 2250 nostro
2351 2204 2532 2253 codice

1469 2274 1580 2323 haec
1607 2275 1842 2337 legimus,
1866 2275 1964 2322 His
1985 2275 2199 2330 honores,
2222 2276 2296 2325 his
2320 2282 2532 2327 socerdo-

1471 2353 1559 2411 tia,
1596 2352 1670 2398 his
1704 2351 1988 2412 provincias,
2025 2351 2205 2414 offers,·
2247 2353 2285 2400 ii
2320 2352 2535 2402 amicilia

1470 2435 1574 2487 tua,
1613 2428 1650 2475 ii
1676 2427 1883 2488 judicio,
1905 2427 2109 2490 florent,
2144 2434 2416 2478 acuuntur.-
2449 2431 2537 2479 isti

1470 2506 1769 2566 integritatis
1797 2511 1842 2554 el
1879 2505 2131 2554 industria·
2164 2507 2319 2568 pretio
2358 2507 2539 2556 similes

1472 2583 1727 2630 dissimiles
1747 2581 1985 2630 alliciunt.
2052 2580 2268 2644 Adhaec,
2304 2598 2397 2645 pro
2422 2598 2536 2632 ver-

1474 2660 1540 2708 bo
1563 2661 1856 2715 alliciuntur,
1883 2661 2014 2708 libro
2033 2659 2286 2708 Vossiauo
2306 2660 2537 2722 adscrip-

1476 2743 1581 2785 tum
1630 2745 1710 2785 est
1747 2736 2055 2797 abjiciuntur.
2126 2736 2279 2788 Unde
2322 2737 2406 2785 alii
2447 2752 2536 2785 ex-

1472 2812 1732 2875 sculpant,
1757 2814 1893 2877 quod
1919 2813 2017 2861 sibi
2041 2815 2262 2876 placeat.
2326 2814 2436 2861 Nos
2464 2813 2540 2860 ni·

1473 2890 1543 2937 liil
1588 2890 1637 2938 in
1683 2890 1761 2938 his
1799 2891 2102 2950 invenimus,
2143 2889 2276 2953 quod
2312 2891 2536 2936 animum

1477 2967 1647 3015 trahat
1676 2967 1725 3014 in
1754 2966 2036 3025 diversum,
2060 2974 2146 3014 aut
2172 2981 2202 3014 a
2225 2966 2396 3028 priore
2423 2980 2538 3013 sen·

1475 3042 1641 3092 tentia
1686 3049 1862 3089 nostra
1908 3055 1999 3089 nos
2039 3048 2267 3089 revocet.
2337 3041 2543 3101 Fateor,

1477 3133 1653 3166 omnes
1684 3117 1840 3165 libros
1865 3117 2161 3180 conspirare
2187 3118 2238 3164 in
2264 3116 2539 3164 lectionem

1479 3194 1797 3257 pronominis
1854 3194 1966 3250 2325,-
2035 3207 2201 3256 neque
2243 3207 2339 3255 ego
2389 3192 2539 3241 nimis

1480 3271 1720 3333 proclivis
1757 3270 1878 3317 mihi
1918 3269 2095 3317 videor
2130 3268 2194 3317 ad
2223 3268 2543 3331 recipiendas

1480 3347 1853 3407 conjecturas;
1895 3358 2089 3399 verum,
2128 3354 2249 3406 quot
2283 3360 2384 3394 nou
2410 3346 2548 3403 aliae,

1481 3435 1663 3482 eaeque
1697 3419 2012 3481 manifestat,
2046 3423 2357 3483 corruptelae
2390 3437 2544 3472 occu·

1481 3506 1677 3561 parunt
1720 3511 1898 3544 omnes
1944 3495 2133 3546 libros?
2189 3497 2406 3560 Adhaec,
2444 3513 2544 3548 uec

1481 3576 1700 3622 obscura
1743 3581 1823 3621 est
1863 3570 2030 3622 facilis
2063 3573 2269 3622 errandi
2316 3576 2542 3637 occasio,

1482 3666 1632 3714 quain
1701 3650 1858 3699 rudes
1930 3651 2121 3699 librarii
2198 3651 2549 3714 arripuerunt.

1483 3728 1741 3791 Denique,
1777 3742 1841 3775 ex
1883 3727 2140 3774 lenissima
2178 3726 2263 3774 illa
2302 3726 2546 3774 emenda·

1484 3805 1645 3859 tione,
1675 3819 1775 3867 qua
1800 3804 2066 3866 reponitur
2088 3802 2199 3855 islo,
2230 3801 2548 3863 planissima,

1485 3881 1761 3941 Plinioque
1792 3879 2107 3940 dignissima,
2143 3877 2309 3939 surgit
2337 3885 2546 3924 senten-

1485 3958 1577 4005 tia.
1669 3957 1812 4003 Bene
1871 3961 2042 4001 autem
2103 3952 2412 4000 intellexere
2463 3950 2547 3998 isti

1484 4033 1720 4083 consules
1751 4032 1984 4090 Romani,
2010 4029 2131 4091 quid
2160 4029 2368 4091 praemia
2395 4027 2549 4074 bono-

1485 4123 1596 4156 rum
1625 4107 1978 4168 malorumque
2003 4102 2227 4152 efficiant
2250 4104 2298 4149 in
2326 4101 2548 4164 republi-

1485 4201 1565 4244 ca,
1589 4184 1696 4248 qui,
1721 4182 1855 4245 apud
1890 4182 1995 4229 Liv.
2024 4184 2164 4228 1522.
2194 4177 2391 4232 dixere,
2427 4185 2440 4206 ⁶
2468 4177 2553 4227 cui

1486 4262 1562 4311 rei
1587 4261 1858 4325 praemium
1883 4259 1951 4306 sit
1973 4256 2023 4305 in
2048 4255 2283 4318 civitate,
2307 4268 2419 4304 eam
2446 4268 2552 4302 tna·
