3060 4902
786 403 848 453 c.
896 401 1139 453 ηηηι
1190 400 1523 451 sacuam
1575 399 1853 462 unse.

341 551 362 581 ‘
385 548 598 614 Magoae
621 553 676 598 et
694 562 879 612 graves
902 561 1118 611 canssae,
1136 562 1231 598 cnr
1249 545 1410 598 susci·

341 642 470 694 pere
506 634 562 677 et
599 641 790 691 augere
820 627 1124 688 dignitatem
1157 633 1296 675 tuum
1320 624 1408 673 de-

344 705 533 755 beam?
600 705 669 754 Et
706 714 853 756 certe
880 702 1071 768 aliquid
1099 703 1259 767 majus
1277 707 1410 759 erat,

341 783 489 833 inter
512 782 743 845 pericula
767 781 1096 845 pristinorum
1117 789 1409 843 temporum

342 866 361 888 ‘
390 861 657 924 suscipere
674 859 688 881 ’
713 861 846 910 viros
871 860 1051 922 bonos,
1071 857 1136 908 ad
1163 856 1409 907 tuendam

343 954 528 991 eornm
568 938 1004 988 existimationem
1050 943 1105 987 et
1151 935 1408 996 salutem3

343 1032 503 1082 qnam
552 1015 909 1066 tantummodo
956 1014 1179 1079 virtutes
1235 1027 1409 1062 eornm

340 1102 358 1124 ⁴
386 1093 655 1157 suspicere
678 1092 712 1152 ;’
745 1092 878 1157 quod
904 1098 959 1143 et
981 1093 1150 1141 animo
1169 1090 1274 1138 solo
1298 1087 1410 1138 fieri

342 1176 577 1237 poterat.
645 1170 949 1233 Christopb.
986 1166 1206 1218 Bebrins
1242 1165 1293 1215 in
1330 1179 1411 1215 se·

343 1246 623 1312 quentibns
660 1246 831 1296 verbis
867 1245 1050 1295 maluit
1081 1245 1257 1307 legere
1275 1244 1413 1307 prin·

341 1326 496 1391 eipem
532 1326 814 1386 demeretur,
851 1336 1001 1387 qnam
1027 1322 1285 1386 principem
1303 1335 1411 1384 pro·

342 1407 573 1452 meretur.
641 1399 745 1450 Sed
787 1401 999 1451 Sueton.
1040 1399 1176 1462 Aug.
1214 1413 1330 1461 cap.
1364 1401 1413 1447 8.

339 1480 360 1510 ‘
389 1479 639 1531 Imitetur
670 1478 723 1528 in
763 1476 1116 1541 promerendis
1149 1474 1302 1525 sociis
1339 1473 1413 1524 vi·

343 1556 521 1607 einum
580 1569 726 1606 suum
774 1551 1093 1605 Octavium!
1175 1552 1300 1601 Mox
1358 1556 1413 1601 et

348 1632 405 1682 in
459 1632 595 1683 libro
646 1632 915 1687 Vossiam,
972 1646 1066 1694 pro
1127 1628 1287 1678 verbo
1337 1645 1415 1678 oe-

342 1726 575 1773 erescere,
614 1716 918 1761 annotatum
957 1717 1036 1760 est
1072 1723 1326 1759 accersere.
1364 1708 1416 1757 1-

346 1788 489 1839 dem.

421 1864 558 1913 Viros
577 1862 797 1927 suscipit]
829 1864 1008 1918 Forte,
1039 1859 1181 1912 Viros
1202 1858 1417 1924 suspicit.

347 1941 520 1991 Lirin.
556 1939 744 1991 Recte.
781 1941 914 1990 Rite.
1261 1928 1351 1961 ι·

416 2013 855 2078 Maximisuerint]
895 2014 1121 2065 Aureum
1143 2013 1266 2063 item
1294 2012 1417 2076 dog·

347 2105 450 2143 ma.
515 2093 790 2156 Tyrannus
816 2092 1000 2141 vilibus
1034 2098 1088 2140 et
1123 2090 1292 2153 pravis
1327 2090 1418 2137 im-

347 2184 539 2235 perare
554 2169 719 2232 eupit,
736 2168 1028 2218 securitatis
1042 2180 1253 2227 esnssa3
1279 2165 1418 2228 prin-

346 2262 478 2310 ceps
514 2246 693 2301 bonos,
723 2245 930 2310 optimis
953 2250 1008 2293 et
1029 2241 1419 2298 honestissimis,

349 2320 554 2386 glorie.
588 2321 725 2384 [ἄρα.

421 2395 855 2460 Maximisuerint]
892 2395 1094 2445 Plinius
1132 2394 1301 2458 Epist.
1343 2407 1419 2441 vt.

350 2479 434 2526 17.
467 2476 483 2503 ⁸
504 2476 745 2525 Pertinet
761 2473 825 2523 ad
846 2481 985 2523 tuam
1008 2473 1242 2535 gloriam,
1266 2486 1420 2534 quam

347 2552 631 2602 maximnm
652 2551 835 2610 videri,
861 2565 1012 2614 quem
1037 2549 1314 2614 praecedis,
1338 2548 1420 2598 vel

347 2628 638 2693 exaequas!
671 2628 915 2679 Schwsrz.

422 2706 649 2769 Tolesqae
683 2720 768 2753 nos
808 2702 968 2765 erede]
1002 2703 1295 2751 Pronomen
1335 2715 1421 2749 nos

348 2782 405 2833 in
440 2779 864 2843 Berneegerisna
889 2789 943 2829 et
972 2776 1418 2832 Hackisnaediti-

348 2858 535 2908 onibus
570 2857 806 2907 omissum
843 2863 942 2912 est,
978 2865 1162 2904 contra
1197 2854 1416 2903 anctori-

349 2941 517 2984 tatem
541 2933 778 2983 codicum
814 2932 941 2981 Mss.
974 2937 1029 2981 et
1062 2931 1272 2980 aliarum
1308 2928 1420 2979 edi-

353 3013 578 3062 tionum.
618 3010 767 3059 Idem.

422 3084 766 3149 Qualissoma]
801 3085 933 3137 Quae
960 3083 1168 3146 publica
1192 3080 1420 3146 quidem,

352 3177 474 3213 raro
498 3162 761 3230 men-titur.
827 3159 957 3210 Ideo
995 3158 1296 3208 Alexander
1329 3158 1418 3207 Se·

352 3252 507 3290 verus
538 3239 664 3302 imp.
694 3237 831 3301 apud
861 3237 1121 3300 Lamprid.
1155 3238 1171 3264 ⁴
1201 3236 1302 3287 Ubi
1329 3237 1418 3285 ali·

348 3331 483 3382 quos
509 3316 757 3366 voluisset
788 3315 869 3362 vel
896 3321 1120 3363 rectores
1144 3313 1422 3377 provinciis

350 3393 501 3451 dare,
528 3392 610 3442 vel
636 3390 944 3455 pra-positos
967 3389 1164 3448 facere,
1199 3390 1277 3437 vel
1305 3402 1422 3451 pro·

353 3477 624 3520 enrstores
676 3466 936 3522 ordinare,
993 3466 1201 3515 nomina
1243 3480 1420 3514 eornm

349 3544 702 3612 proponebat,
736 3545 946 3592 bortsns
981 3543 1248 3605 populum,
1284 3549 1343 3590 ut
1377 3540 1422 3590 si

352 3622 467 3688 quis
491 3622 614 3687 qnid
645 3621 866 3670 liaberet
899 3619 1143 3676 criminis,
1181 3619 1423 3684 probaret

351 3698 644 3750 manifestis
670 3695 860 3747 rebus!
892 3695 1026 3759 Lips.

431 3774 569 3826 Huic
590 3787 748 3833 aures,
770 3772 880 3822 huie
900 3768 1079 3832 oculos]
1107 3770 1285 3829 Forte,
1311 3770 1424 3820 Huc

373 3867 539 3914 auree,
559 3852 651 3901 Ιιιιε
666 3851 837 3899 oeulos.
869 3849 1037 3900 Livio.
1083 3847 1268 3898 Recte.
1305 3848 1421 3897 Rit-

353 3928 508 3981 tersli.

422 4001 786 4067 clandestinas]
819 4001 1151 4059 nolanorum,
1185 4006 1274 4048 aut
1299 4014 1424 4061 pau·

351 4095 551 4138 corum,
595 4078 781 4143 quibus
824 4091 1012 4140 magno
1058 4090 1151 4126 suo
1192 4076 1426 4141 periculo

351 4157 618 4224 principes
641 4152 884 4205 credunt.
918 4153 1053 4218 Lips.

419 4231 761 4284 cte-«testim
805 4230 1211 4294 existimationes]
1264 4230 1428 4280 Recte

357 4310 674 4362 Arntsenius
729 4313 897 4364 notat,
943 4307 1026 4358 hic
1070 4306 1292 4371 intelligi
1338 4307 1429 4357 ob·

354 4386 700 4440 uectationes
736 4390 796 4435 et
822 4382 1050 4449 maligna
1065 4382 1265 4449 Judicia
1291 4380 1431 4433 dels-

1934 402 1984 448 1.
2016 382 2127 450 63.
2424 383 2558 452 853

1489 550 1676 594 torum.
1755 543 1844 593 Sic
1889 544 2108 594 Suetoo.
2148 540 2263 591 Tib.
2311 555 2428 606 cap.
2473 546 2558 593 ⁶8.

1485 621 1502 648 ‘
1529 621 1767 684 Capitale
1790 630 1923 683 erat,
1946 653 1962 669 .
1979 656 1993 670 .
2020 619 2218 669 dictum
2252 619 2410 668 ullum
2445 617 2559 668 fac-

1488 700 1665 744 tumve
1699 696 1813 759 ejus
1851 695 2235 744 existimatione
2270 694 2443 758 aliquo
2467 693 2559 742 la».-

1489 769 1657 820 sisse!
1714 773 1783 821 Et
1806 771 1988 821 eodem
2013 786 2166 821 sensu
2192 769 2402 820 verbum
2428 772 2443 798 ‘
2469 785 2558 818 ex·

1488 846 1720 897 istimare
1743 847 1758 869 ’
1792 855 2011 911 usurpat
2041 848 2243 896 Seneca
2268 846 2332 894 de
2352 846 2441 895 Ira
2466 859 2557 896 nt.

1486 929 1571 974 22.
1606 933 1620 955 ⁸
1646 924 1899 974 Homines
1934 930 1989 973 et
2023 922 2458 986 periculosissime
2501 928 2561 970 et

1458 999 1825 1050 ‘libentissime
1850 997 2068 1055 faciunt,
2105 1005 2163 1047 nt
2195 998 2261 1046 de
2302 1011 2423 1059 rege
2463 1010 2557 1046 sno

1489 1077 1621 1126 male
1655 1074 1999 1126 existiment}
2077 1074 2139 1123 In
2178 1074 2361 1123 codice
2407 1072 2560 1122 Vati·

1489 1166 1621 1203 cano
1644 1157 1789 1203 3461.
1813 1153 1939 1201 item
1980 1152 2030 1200 io
2069 1150 2561 1214 Guelpherbytsno‚

1487 1238 1547 1279 et
1584 1245 1717 1294 meo,
1754 1245 1850 1293 pro
1876 1228 2128 1279 vocabulo
2165 1229 2564 1288 existimationes,

1489 1310 1744 1374 scriptum
1769 1318 1850 1359 est
1873 1310 2245 1368 «estimationem
2270 1307 2561 1372 cujusmodi

1488 1403 1615 1439 vero
1658 1386 2010 1437 confusionem
2062 1387 2240 1435 horum
2298 1386 2560 1434 nominum

1491 1466 1650 1516 etiam
1676 1464 1799 1513 alibi
1836 1464 2038 1513 obviam
2071 1478 2201 1525 esse,
2222 1464 2333 1526 jam
2360 1463 2445 1511 alii
2470 1462 2562 1511 do·

1490 1548 1728 1594 cuernnt.
1763 1541 2007 1590 Schwarz.

1560 1619 1739 1667 Melius
1765 1616 2005 1679 omnibus]
2040 1615 2200 1665 Certa
2234 1620 2407 1664 tamen
2436 1628 2558 1663 cau-

1496 1697 1640 1745 tione
1666 1695 1824 1744 etiam
1848 1694 1899 1742 in
1923 1694 2021 1741 hac
2042 1706 2097 1742 re
2122 1705 2251 1755 opus
2276 1699 2355 1739 est
2378 1706 2392 1751 ;
2425 1704 2564 1745 cnm,

1495 1772 1631 1838 quod
1655 1771 1828 1820 Tscit.
1854 1770 1995 1819 Hist.
2022 1783 2065 1819 1.
2091 1774 2136 1819 1.
2167 1770 2255 1824 sit,
2295 1768 2562 1816 obtrecta-

1497 1851 1570 1899 tio
1594 1855 1647 1897 et
1670 1848 1802 1897 livor
1826 1848 2000 1910 pronis
2021 1858 2228 1907 semper
2251 1844 2460 1893 auribus
2479 1857 2564 1892 ac·

1495 1926 1794 1989 cipiantur;
1827 1932 1880 1973 et
1903 1938 2042 1986 cnm,
2066 1922 2202 1987 quod
2227 1922 2365 1970 idem
2390 1919 2563 1978 docet,

1496 2000 1685 2051 Annal.
1711 2012 1808 2049 xv.
1831 2003 1915 2047 64.
1941 1998 2118 2060 vulgus
2142 1997 2209 2045 sit
2234 1995 2297 2044 ad
2335 1995 2564 2044 deterio-

1497 2093 1555 2127 ra
1592 2074 1853 2127 credenda
1895 2067 2317 2138 promtissimam.
2382 2071 2563 2121 Multi·

1496 2154 1624 2205 tudo
1648 2160 1820 2203 antem
1857 2150 2132 2200 errantium
2166 2150 2287 2197 nihil
2315 2147 2561 2210 prejudi-

1495 2237 1581 2280 cat
1619 2228 1848 2278 veritati.
1915 2226 1995 2275 Ac
2033 2226 2154 2274 licet
2180 2224 2324 2288 qussi
2352 2237 2566 2285 prover-

1497 2306 1584 2355 bio
1607 2305 1828 2363 dicatur,
1869 2309 1885 2331 ⁴
1906 2315 2081 2350 vocem
2118 2300 2293 2363 populi
2326 2313 2440 2347 esse
2478 2314 2565 2347 vo·

1496 2397 1609 2432 cem
1639 2383 1735 2432 Dei
1754 2379 1786 2442 ;’
1821 2379 2003 2427 eadem
2045 2385 2214 2426 tamen
2243 2376 2462 2436 ratione,
2480 2376 2565 2439 jn-

1498 2459 1614 2509 dice
1659 2457 1879 2522 quodam
1918 2455 2180 2517 theologo,
2218 2450 2326 2500 fieri
2372 2460 2564 2514 potest,

1499 2544 1557 2584 ut
1593 2535 1608 2562 ‘
1629 2548 1729 2583 vox
1757 2532 1932 2596 populi
1964 2546 2060 2580 vox
2091 2529 2280 2578 diaboli
2302 2528 2315 2550 '
2349 2543 2463 2576 esse
2489 2529 2564 2577 di·

1500 2620 1669 2659 catnr.
1735 2610 1799 2659 In
1831 2623 1947 2658 meo
1984 2607 2186 2661 codice,
2218 2620 2310 2667 pro
2333 2606 2562 2667 creditur,

1496 2688 1614 2750 lego
1639 2687 1879 2735 credatur.
1948 2685 2056 2744 Pro
2081 2682 2379 2744 fefellerunt,
2404 2684 2564 2730 maln-

1496 2765 1649 2813 issem
1675 2765 1846 2823 legere
1865 2762 2155 2826 fefellerint,
2178 2762 2217 2808 si
2241 2760 2568 2809 addixissent

1497 2839 1635 2888 libri.
1677 2839 1832 2887 Idem.

1563 2917 1814 2967 Neminem
1851 2914 2035 2975 omnes]
2077 2913 2294 2965 Aristot.
2325 2912 2442 2959 Pol.
2477 2924 2567 2959 tn.

1496 2999 1546 3043 7.
1572 3010 1637 3041 m.
1655 2992 1887 3056 κρίνουσιν
1903 2991 2094 3051 ἄμεινον
2115 2990 2160 3039 oi
2181 2986 2377 3038 πολλοί.
2414 2989 2569 3036 Multi

1495 3071 1918 3131 meliusjudicont.
1979 3067 2234 3116 Ratiaria
2259 3064 2566 3114 multitudiue

1498 3152 1676 3213 tapsus.
1718 3148 1879 3196 Bern.

1568 3226 1706 3275 CAP.
1745 3235 1904 3272 mnu.
1983 3222 2217 3270 Revertor
2245 3218 2376 3281 jam]
2430 3216 2567 3266 Livi—

1501 3303 1650 3351 neius
1677 3300 1727 3348 in
1755 3307 1933 3348 vetere
1958 3298 2140 3346 codice
2168 3310 2260 3345 suo
2292 3308 2385 3356 pro
2407 3307 2568 3343 rever·

1503 3384 1596 3441 tor,
1620 3377 1885 3425 invenerat
1902 3379 2186 3438 praesen-eor,
2209 3386 2358 3436 qnam
2387 3371 2569 3420 lectio·

1504 3471 1621 3505 uem
1666 3454 1801 3503 idem
1840 3465 2157 3515 magnopere
2188 3449 2570 3512 comprobavit,

1504 3537 1741 3602 quamvis
1765 3534 1987 3584 nondum
2009 3547 2161 3582 ausus
2187 3531 2237 3580 in
2262 3538 2567 3580 contextum

1504 3615 1801 3665 admittere.
1857 3613 2012 3662 Nunc
2033 3611 2130 3659 boc
2156 3610 2324 3672 ipsum
2353 3606 2566 3656 verbnm

1504 3691 1862 3742 animadverto
1909 3691 1960 3737 in
2003 3685 2312 3744 Parisiensi,
2348 3690 2569 3747 utroque

1504 3771 1729 3823 Veneto.
1770 3773 1823 3816 et
1867 3762 2271 3827 salisburgensi,
2301 3761 2566 3810 codicibus

1503 3846 1628 3895 Μαι.
1698 3843 1761 3893 Id
1799 3856 1923 3891 vero
1960 3841 2127 3889 minus
2161 3841 2335 3903 placet
2372 3835 2572 3900 Lipsio‚

1505 3937 1675 3989 neque
1717 3920 1988 3971 immerito.
2055 3917 2193 3966 Usus
2240 3912 2447 3980 quidem
2488 3921 2570 3962 est

1506 4000 1708 4050 Plinius
1730 4013 1793 4048 eo
1817 3995 1997 4057 verbo,
2016 3994 2184 4057 Epist.
2208 4006 2260 4041 v.
2280 3996 2359 4040 15.
2388 3992 2402 4017 ‘
2421 3990 2567 4039 Prte-

1505 4083 1679 4126 vertor
1715 4074 1778 4123 ad
1818 4086 1898 4133 ea,
1937 4086 2052 4135 quae
2091 4082 2173 4116 ms
2209 4071 2448 4129 agentem
2487 4065 2571 4114 bic

1505 4152 1713 4201 nuntios
1752 4142 2132 4210 deprehendit!
2197 4141 2299 4191 Sed
2333 4149 2479 4189 recte
2502 4140 2567 4190 ad

1505 4242 1622 4277 eum
1655 4227 1822 4274 locum
1863 4223 2018 4270 :locet
2056 4218 2282 4279 Cortius,
2310 4221 2572 4281 prater-tor

1507 4310 1706 4362 notare,
1740 4302 1755 4329 ‘
1780 4298 1952 4363 potius
1992 4310 2073 4345 me
2110 4292 2308 4356 vert05'
2346 4293 2571 4356 scilicet,

1506 4380 1597 4432 nbi
1632 4375 1983 4430 convertimus
2014 4369 2301 4423 orationem
2325 4368 2394 4419 ad
2417 4382 2571 4434 argo-
