3060 4902
492 353 667 422 1078

495 516 625 566 doin
641 515 859 566 comitiis
877 513 1370 577 consularibns‚qnae
1386 512 1565 562 liabita

495 608 671 642 mense
703 592 968 654 Januario,
998 590 1060 640 Α.
1086 592 1150 640 C.
1173 596 1284 641 100.
1319 590 1406 639 ubi
1439 590 1563 638 Tra·

481 670 638 732 janus
683 669 807 729 imp.
853 676 1096 732 tanquam
1142 667 1324 715 consul
1379 680 1463 715 ιιι.
1511 666 1563 714 in

494 759 676 807 campo
715 744 914 793 Martio
954 743 1194 793 consules
1226 741 1473 791 suffectos
1506 741 1565 790 il-

494 821 592 869 lius
641 820 760 869 anni
799 819 1089 868 declaravit
1134 825 1188 867 et
1231 817 1563 874 renuntiavit,

492 911 621 959 quos
655 896 860 959 judicio
898 902 952 944 et
988 893 1231 957 suffragio
1264 908 1357 942 suo
1387 894 1564 956 paullo

492 980 614 1023 ante
642 976 691 1022 in
716 975 858 1023 curia
881 975 1232 1023 destinaverat
1258 970 1564 1021 consulatui.

495 1053 633 1100 Nam
660 1053 769 1115 jam
806 1052 892 1101 illo
929 1065 1104 1100 mense
1143 1050 1410 1108 Januario,
1443 1062 1562 1097 cum

422 1187 425 1190 Α
494 1142 679 1177 caussa
703 1129 857 1176 Marii
883 1128 1051 1177 Prisci
1078 1135 1338 1190 ageretur,
1365 1127 1563 1175 Cornu·

494 1210 578 1252 tus
604 1205 884 1265 Tertullus,
908 1204 1108 1265 collega
1147 1202 1320 1258 Plinii,
1347 1200 1563 1249 vocaba-

495 1288 580 1330 tur
605 1281 783 1329 consul
803 1280 1132 1343 designatus3
1154 1280 1288 1343 quod
1308 1293 1372 1328 ex
1393 1278 1563 1341 Epist.

493 1370 556 1404 n.
602 1360 680 1404 lt.
716 1365 770 1404 et
818 1360 895 1404 12.
936 1357 1313 1419 cognoscimus.
1380 1354 1562 1416 Iustum

493 1439 665 1480 tamen
711 1432 847 1479 bunc
891 1431 1212 1480 consulatum
1272 1443 1365 1493 pro
1418 1443 1562 1478 more

491 1508 631 1557 illius
665 1507 916 1569 temporis
950 1507 1245 1555 bimestrem
1286 1505 1438 1555 ambo
1471 1505 1563 1553 de·

491 1597 632 1631 mum
683 1597 859 1631 mense
912 1582 1207 1644 Septembri
1257 1582 1394 1631 illius
1439 1581 1564 1630 anni

492 1660 754 1721 adierunt,
778 1665 833 1707 et
859 1672 1018 1722 usque
1053 1657 1116 1706 ad
1154 1658 1422 1707 Kalendas
1454 1658 1564 1708 No·

495 1734 728 1784 vembres
752 1742 1041 1797 gesserunt.
1079 1734 1321 1783 Schmun-2.

563 1810 666 1861 Nec
720 1811 1023 1858 continuatus
1074 1809 1283 1870 tantum]
1342 1806 1563 1857 Codices

490 1886 984 1949 Vaticani‚uterqne
999 1885 1251 1947 Venetus,
1269 1884 1563 1948 Guelpher-

492 1963 734 2026 bytanus,
776 1969 829 2011 et
874 1976 1017 2009 meus
1077 1963 1271 2009 babent
1315 1976 1417 2016 nec,
1476 1960 1561 2010 ubi

495 2041 647 2102 vulgo
672 2039 866 2101 legitur
887 2052 1050 2100 aeque.
1105 2037 1193 2086 Ita
1218 2050 1338 2085 vero
1360 2036 1561 2086 Plinius

492 2123 544 2164 et
570 2115 832 2163 Cornutus
868 2110 1239 2175 praefecturam
1275 2112 1446 2160 aerarii
1472 2111 1563 2161 ad·

488 2192 592 2239 huc
637 2189 1014 2253 aliquantisper
1053 2187 1407 2249 detinuerunt,
1444 2202 1559 2237 eum

482 2269 595 2330 jam
621 2267 859 2314 consules
898 2264 1151 2326 ‹tesiguati
1186 2272 1395 2323 essent;
1435 2264 1562 2311 alias

492 2345 696 2392 Plinius
733 2357 835 2390 non
878 2341 1054 2390 dicere
1093 2340 1368 2402 potuisset,
1404 2341 1563 2388 Aucta

490 2429 561 2473 est
585 2422 802 2483 dignitas
835 2419 1111 2480 dimitam
1144 2434 1228 2467 nec
1261 2417 1564 2466 continuatus

492 2503 696 2551 tantum,
727 2498 805 2545 sed
836 2496 1108 2556 geminatas
1129 2500 1198 2543 est
1222 2494 1384 2545 honor.
1455 2496 1561 2543 Ne·

491 2591 593 2639 que
644 2575 805 2622 bonor
860 2572 1127 2622 consulum
1176 2571 1560 2635 designatorum

492 2651 593 2699 fuit
617 2650 726 2698 sine
747 2649 1127 2712 proerogativa3
1165 2663 1279 2696 cum
1300 2649 1563 2709 cingendi,

495 2734 551 2776 ut
586 2725 860 2790 proverbio
885 2726 1095 2785 dicitur,
1121 2725 1437 2774 haberentur
1466 2740 1562 2788 pro

492 2804 695 2852 cinctis.
763 2802 957 2850 Saltem
996 2803 1231 2849 consules
1265 2801 1563 2864 designatos

491 2886 615 2927 ante
637 2877 773 2924 viros
791 2876 1083 2924 consulares
1109 2877 1158 2923 in
1183 2879 1328 2925 curia
1351 2879 1564 2933 sedisse,

491 2960 548 3002 et
572 2968 601 3001 a
625 2952 834 3002 consule
871 2952 1132 3000 ordinario
1167 2951 1306 3014 prius
1345 2952 1565 3004 interro·

495 3036 641 3093 gatos
678 3043 810 3084 esse,
848 3028 961 3091 jam
1004 3028 1127 3076 alibi
1174 3029 1478 3079 monuimus.
1513 3031 1567 3079 1-

496 3113 620 3161 dem.

564 3184 825 3233 potestatis
846 3184 1066 3247 alterius]
1104 3183 1146 3232 1.
1165 3196 1210 3232 e.
1236 3182 1565 3247 praefecturae

496 3262 683 3309 aerarii.
749 3261 764 3287 ⁴
785 3260 1061 3309 Potestas’
1095 3261 1306 3323 ponitur
1343 3275 1434 3324 pro
1458 3276 1564 3310 ma·

494 3337 734 3399 gistratn.
801 3338 913 3386 Etsi
937 3338 1070 3386 enim
1099 3338 1148 3385 in
1175 3338 1289 3400 lege
1313 3343 1361 3387 3.
1396 3339 1462 3386 D.
1499 3338 1564 3387 ad

494 3414 663 3476 legem
708 3414 900 3465 Juliam
953 3414 1157 3477 Majest.
1197 3421 1210 3442 ⁸
1233 3422 1465 3477 potestas
1488 3415 1500 3435 '
1537 3430 1567 3464 a

492 3488 874 3550 ⁴magistratu’
910 3488 1155 3549 distingui
1195 3490 1437 3551 videtur3
1474 3491 1567 3540 ali·

494 3565 548 3612 bi
588 3571 760 3612 tamen
802 3579 942 3628 saepe
977 3566 1195 3628 quilibet
1226 3569 1566 3630 magistratus

496 3640 688 3689 dicitur
719 3642 733 3666 ⁴
753 3640 1027 3702 potestas.'
1076 3642 1290 3691 Paullus
1314 3644 1426 3707 lege
1451 3650 1569 3694 215.

497 3719 564 3767 D.
609 3717 674 3765 de
721 3716 943 3764 Verbor.
991 3717 1177 3778 Signif.
1235 3720 1250 3745 ⁴
1280 3719 1571 3772 potestatis

479 3809 621 3843 ‘vero
661 3792 904 3849 nomine,'
940 3794 1124 3855 inquit,
1157 3795 1172 3821 ⁴
1195 3795 1340 3858 plura
1376 3797 1568 3858 signifi·

496 3881 712 3921 cantur:
771 3870 824 3918 in
882 3884 1105 3932 persona
1157 3871 1574 3938 magistratuum,

497 3949 804 4012 imperium;
841 3947 889 3994 in
917 3961 1138 4009 persona
1161 3947 1459 4005 liberorum.
1480 3966 1569 4013 pa·

498 4027 597 4074 tria
623 4031 882 4086 potestas;
918 4023 968 4070 in
991 4037 1209 4086 persona
1230 4026 1386 4081 servi,
1408 4026 1570 4076 domi·

496 4099 680 4149 nium.’
748 4099 865 4148 Val.
907 4099 1054 4148 Max.
1091 4112 1155 4149 11.
1191 4104 1240 4150 8.
1276 4105 1326 4150 2.
1352 4096 1478 4152 '‘Ne
1516 4103 1566 4152 in

497 4177 691 4224 honore
718 4176 963 4238 triumphi
989 4176 1153 4225 minor
1176 4185 1409 4241 potestas
1433 4180 1569 4243 (ma,-

499 4250 772 4314 gistratus)
802 4251 991 4314 majori
1011 4254 1345 4316 temtaretur-⁹
1379 4256 1534 4308 Idem.

504 4364 511 4371 .
564 4325 820 4391 Excipere,
852 4327 1112 4393 prevenit]
1149 4330 1212 4380 ln
1243 4346 1358 4397 meo
1383 4335 1568 4387 codice

1195 367 1411 417 NOTAE
1457 366 1499 414 V
1518 364 1870 418 ARUORUM
1926 365 2005 413 ΙΝ

1641 509 1961 560 incommoda
2008 508 2293 572 repositum
2338 512 2422 558 est
2473 508 2710 570 accipere.

1640 602 1732 651 pro
1767 588 1998 650 excipere.
2063 585 2297 635 Sumitnr
2332 598 2455 634 vero
2489 585 2707 633 verbnm

1636 666 1868 727 excipere,
1880 664 1977 713 boc
1996 664 2129 726 loco,
2149 677 2244 726 pro
2267 662 2430 726 sequi,
2446 660 2576 723 sive,
2590 669 2713 723 post

1637 739 1792 790 finem
1834 740 2049 789 alterius
2092 738 2394 789 succedere.
2463 739 2552 788 Sic
2597 740 2710 788 Liv.

1641 830 1691 866 v.
1734 820 1817 864 42.
1864 815 2018 865 ‘Nox
2076 816 2211 864 diem
2265 812 2502 873 excipit:
2568 813 2712 862 Ptin.

1641 893 1802 954 Epist.
1841 906 1905 941 n.
1934 896 2012 940 17.
2045 892 2061 920 4
2082 891 2374 954 Utramque
2397 889 2594 953 (viam)
2618 903 2711 940 ex·

1637 970 1767 1032 cipit
1793 971 1897 1019 iter
1918 970 2091 1033 aliqua
2124 983 2189 1017 ex
2227 974 2377 1029 parte
2398 964 2713 1015 arenosum!

1639 1044 1724 1095 Cf.
1741 1047 1921 1109 Epist.
1949 1060 2001 1095 v.
2022 1050 2106 1095 25.
2161 1043 2224 1092 In
2246 1042 2521 1092 scribendo
2544 1042 2710 1092 verbo

1632 1123 1883 1185 prevenit,
1927 1120 2127 1170 librarii
2174 1118 2448 1181 aliquoties
2498 1118 2709 1167 aberra·

1638 1205 1814 1258 1·unt;r
1841 1197 1925 1247 cni
1970 1196 2136 1247 errori
2193 1196 2515 1246 occasionem
2560 1193 2714 1244 dedit

1636 1279 2002 1342 compendiosa
2017 1277 2278 1341 scriptura
2292 1275 2564 1339 particulas
2583 1289 2708 1338 pre.

1638 1354 1689 1403 in
1736 1354 1896 1403 verbo
1947 1354 2257 1418 composito.
2322 1352 2390 1401 ln
2440 1350 2708 1400 codicibus

1636 1429 2134 1493 Vaticanis,Veneto
2155 1433 2203 1478 l.
2231 1425 2630 1488 snusbnrgemt,
2654 1431 2710 1475 et

1637 1505 1920 1569 Patavino,
1965 1505 2216 1569 scriptum
2253 1510 2337 1553 est
2366 1503 2622 1566 pemsit3
2655 1503 2709 1551 in

1638 1596 1753 1631 meo
1793 1582 1974 1633 codice
2016 1582 2184 1631 adbuc
2222 1580 2389 1645 pejus,
2417 1593 2527 1643 que
2559 1578 2711 1633 teuit.

1638 1659 1903 1710 Livineius
1926 1658 1980 1708 in
2003 1659 2235 1720 margine
2274 1663 2569 1718 notaverat,
2605 1654 2710 1704 for·

1639 1743 1693 1784 te
1732 1749 1909 1784 vocem
1971 1737 2124 1784 attera
2179 1732 2337 1783 inseri
2391 1731 2605 1793 debere,
2652 1737 2712 1780 nt

1638 1812 1840 1874 legatur
1875 1812 2028 1861 altera
2061 1810 2198 1875 (scil.
2231 1809 2497 1874 potestas)
2525 1823 2710 1878 prere·

1636 1888 1727 1936 nit.
1796 1888 1949 1938 Quod
1991 1887 2405 1950 supplementum
2446 1885 2710 1948 approba-

1639 1965 1713 2013 vit
1737 1963 2131 2013 Rittersbusius.
2186 1963 2382 2012 Verum
2408 1962 2552 2011 nullo
2574 1974 2707 2024 opus

1637 2048 1716 2090 est
1739 2042 2119 2104 supplemento,
2145 2039 2280 2103 quod
2304 2039 2465 2088 etiam
2493 2038 2711 2100 agnovit

1637 2115 1975 2174 Arntzenius,
1993 2130 2107 2165 cum
2126 2123 2180 2164 et
2199 2121 2371 2164 mente
2399 2115 2566 2178 repeti
2591 2129 2710 2177 pos·

1637 2193 1707 2241 sit
1742 2195 1757 2221 ⁴
1782 2191 2056 2254 potestas,'
2087 2193 2118 2239 i.
2144 2206 2191 2241 e.
2223 2192 2383 2239 bonor
2405 2192 2710 2246 consularis,

1640 2268 1787 2331 isque
1814 2278 1937 2315 tunc
1961 2268 2141 2316 saltem
2167 2266 2494 2329 designatus,
2529 2282 2713 2328 preve·

1636 2345 1711 2393 nit
1729 2344 1882 2409 finem
1903 2344 2174 2406 potestatis,
2198 2343 2305 2391 sive
2325 2341 2476 2390 finem
2500 2343 2713 2392 bonoria

1636 2421 1853 2481 ulterius,
1876 2421 1908 2468 i.
1928 2434 1976 2469 e.
1999 2418 2334 2481 profecturae
2355 2419 2545 2469 aerarii.
2575 2418 2710 2466 Ver-

1641 2498 1706 2546 bo
1741 2499 1757 2527 ⁴
1779 2495 2104 2562 praevenire'
2141 2497 2204 2545 ad
2242 2496 2466 2545 eundem
2498 2497 2710 2544 modum

1639 2589 1761 2623 usus
1806 2584 1885 2623 est
1923 2573 2177 2624 Quinctil.
2211 2572 2392 2621 Instit.
2426 2571 2581 2621 Orat.
2603 2585 2715 2622 xri.

1637 2654 1686 2699 6.
1712 2652 1727 2678 4
1761 2650 2028 2699 Praevenit
2053 2650 2184 2697 vires
2209 2646 2441 2698 fiducia.’
2472 2648 2624 2696 Iden·-

1705 2723 1976 2786 Proecenit]
2046 2725 2166 2774 Non
2222 2724 2334 2787 ipse
2388 2724 2713 2785 consulatus,

1641 2816 1792 2867 quem
1816 2800 2013 2851 tardius
2038 2808 2334 2863 gesserunt,
2356 2800 2447 2849 sed
2480 2800 2596 2864 ipsa
2617 2801 2712 2849 de·

1641 2878 1881 2940 signatio.
1923 2877 2062 2940 Lips.

1642 2988 1656 2995 -
1709 2953 1991 3016 Facturum]
2026 2954 2199 3016 Vulgo
2243 2950 2452 3002 additur
2494 2951 2713 3002 infiniti·

1645 3046 1736 3078 vus
1761 3030 1906 3080 verbi
1942 3029 2276 3084 substantivi,
2308 3044 2407 3079 erse
2422 3029 2716 3088 secturam,-

1642 3108 1731 3157 sed
1774 3117 1918 3158 recte
1951 3108 2210 3157 omittitur
2236 3108 2286 3154 in
2308 3106 2579 3156 codicibus
2605 3107 2715 3155 Va·

1643 3185 1849 3245 ticanis,
1867 3183 2175 3243 Parisiensi,
2203 3181 2451 3232 ambobus
2471 3183 2717 3244 Venetis,

1643 3260 2040 3322 salisburgensi,
2099 3258 2586 3323 Guelplierbytano,
2656 3266 2716 3309 et

1643 3349 1792 3397 meo;
1828 3351 1944 3386 nam
1977 3350 2103 3386 mox
2142 3336 2280 3384 idem
2318 3334 2602 3384 infinitivus
2629 3349 2714 3385 re-

1643 3412 1825 3475 currit,
1861 3416 1877 3441 ⁸
1900 3413 2127 3475 privatos
2153 3410 2308 3471 esse,‘
2343 3411 2429 3460 ubi
2468 3411 2509 3460 is
2548 3413 2717 3477 magis

1642 3490 1968 3538 necessarius
1995 3488 2220 3538 videtur.
2255 3487 2497 3541 Sel-van.

1710 3568 1936 3617 Privatos
1957 3569 2082 3632 esse]
2123 3569 2140 3596 ⁴
2167 3568 2397 3616 Privati*
2428 3568 2718 3634 aliqnando

1643 3652 1979 3706 opponuntur
2036 3643 2302 3707 principi;
2349 3654 2476 3695 tunc
2503 3660 2718 3698 <omnes

1643 3727 1760 3768 sunt
1786 3719 1997 3782 privati,
2019 3720 2178 3768 etiam
2202 3722 2413 3769 summis
2446 3722 2720 3784 magistra·

1629 3795 1783 3865 ¹tibus
1803 3796 2007 3859 praediti
2028 3810 2044 3854 3
2079 3797 2218 3845 solus
2238 3796 2482 3859 princeps
2503 3812 2606 3847 non
2629 3807 2720 3850 est

1645 3876 1899 3938 privatus.
1965 3874 2103 3924 Vide
2138 3881 2319 3924 notata
2342 3876 2406 3925 ad
2434 3884 2627 3928 xxx-⁴.
2659 3887 2719 3928 et

1644 3951 1711 4003 ad
1755 3964 1841 4001 nv.
1879 3957 1930 4001 6.
1992 3952 2080 4002 Sic
2121 3952 2235 4015 ipsc
2277 3952 2553 4017 Trajanus‚
2594 3969 2716 4006 cum

1611 4045 1620 4052 ·
1643 4028 1811 4077 adbuc
1833 4035 2046 4076 senator
2069 4033 2228 4088 esset,
2250 4034 2305 4076 et
2335 4030 2636 4087 consularis,
2656 4040 2717 4082 et

1643 4116 1840 4164 praeses
1880 4102 2189 4166 provinciae3
2223 4103 2382 4151 nibilo
2425 4106 2592 4157 minus
2635 4116 2722 4158 ta-

1642 4193 1781 4241 men,
1823 4185 2062 4241 respectu
2114 4179 2308 4229 Nervae
2362 4180 2719 4252 imperatoris,

1642 4269 1798 4320 supra
1831 4270 1864 4304 a
1897 4255 2035 4304 Plin.
2059 4268 2161 4304 vn.
2184 4259 2235 4304 2.
2255 4263 2472 4306 vocatur
2506 4260 2522 4288 ⁴
2539 4262 2724 4323 priva.

1649 4333 1768 4386 tus-⁹
1831 4335 1983 4387 Tunc
2016 4336 2145 4386 adeo
2175 4340 2355 4388 consul
2378 4353 2588 4406 quoque
2609 4343 2718 4407 pri·
