<?xml version="1.0" encoding="UTF-8"?>
<!DOCTYPE html PUBLIC "-//W3C//DTD XHTML 1.0 Transitional//EN"
    "http://www.w3.org/TR/xhtml1/DTD/xhtml1-transitional.dtd">
<html xmlns="http://www.w3.org/1999/xhtml" xml:lang="en" lang="en">
 <head>
  <title>
</title>
<meta http-equiv="Content-Type" content="text/html;charset=utf-8" />
  <meta name='ocr-system' content='tesseract 3.04.00' />
  <meta name='ocr-capabilities' content='ocr_page ocr_carea ocr_par ocr_line ocrx_word'/>
</head>
<body>
  <div class='ocr_page' id='page_1' title='image "./panegyriciveter02unkngoog_0219.png"; bbox 0 0 3060 4902; ppageno 0'>
   <div class='ocr_carea' id='block_1_1' title="bbox 744 343 2085 410">
    <p class='ocr_par' dir='ltr' id='par_1_1' title="bbox 744 343 2085 410">
     <span class='ocr_line' id='line_1_1' title="bbox 744 343 2085 410; baseline 0.001 -4"><span class='ocrx_word' id='word_1_1' title='bbox 744 359 813 406; x_wconf 86' lang='lat' dir='ltr'>o.</span> <span class='ocrx_word' id='word_1_2' title='bbox 859 355 1100 407; x_wconf 67' lang='lat' dir='ltr'>eamn</span> <span class='ocrx_word' id='word_1_3' title='bbox 1148 353 1476 407; x_wconf 67' lang='lat' dir='ltr'>saeuum</span> <span class='ocrx_word' id='word_1_4' title='bbox 1526 356 1801 408; x_wconf 67' lang='lat' dir='ltr'>muno.</span> <span class='ocrx_word' id='word_1_5' title='bbox 1879 359 1931 410; x_wconf 90' lang='lat'>1.</span> <span class='ocrx_word' id='word_1_6' title='bbox 1974 343 2085 409; x_wconf 82' lang='lat'>39.</span> 
     </span>
    </p>
   </div>
   <div class='ocr_carea' id='block_1_2' title="bbox 307 499 1402 4320">
    <p class='ocr_par' dir='ltr' id='par_1_2' title="bbox 307 499 1394 3157">
     <span class='ocr_line' id='line_1_2' title="bbox 307 499 1377 567; baseline 0 -14"><span class='ocrx_word' id='word_1_7' title='bbox 307 502 416 553; x_wconf 78' lang='lat' dir='ltr'>vita</span> <span class='ocrx_word' id='word_1_8' title='bbox 438 499 616 567; x_wconf 86' lang='lat' dir='ltr'>posita</span> <span class='ocrx_word' id='word_1_9' title='bbox 636 507 740 566; x_wconf 84' lang='lat' dir='ltr'>est,</span> <span class='ocrx_word' id='word_1_10' title='bbox 764 502 957 566; x_wconf 69' lang='lat' dir='ltr'>sepius</span> <span class='ocrx_word' id='word_1_11' title='bbox 975 501 1102 552; x_wconf 85' lang='lat' dir='ltr'>illud</span> <span class='ocrx_word' id='word_1_12' title='bbox 1126 502 1377 566; x_wconf 85' lang='lat' dir='ltr'>cogitant,</span> 
     </span>
     <span class='ocr_line' id='line_1_3' title="bbox 308 580 1377 646; baseline -0.001 -15"><span class='ocrx_word' id='word_1_13' title='bbox 308 581 432 646; x_wconf 86' lang='lat' dir='ltr'>quid</span> <span class='ocrx_word' id='word_1_14' title='bbox 456 580 628 645; x_wconf 80' lang='lat' dir='ltr'>possit</span> <span class='ocrx_word' id='word_1_15' title='bbox 650 581 714 643; x_wconf 82' lang='lat' dir='ltr'>is,</span> <span class='ocrx_word' id='word_1_16' title='bbox 734 581 882 645; x_wconf 89' lang='lat' dir='ltr'>cujus</span> <span class='ocrx_word' id='word_1_17' title='bbox 906 580 956 630; x_wconf 88' lang='lat' dir='ltr'>ln</span> <span class='ocrx_word' id='word_1_18' title='bbox 983 581 1181 631; x_wconf 76' lang='lat' dir='ltr'>ditione</span> <span class='ocrx_word' id='word_1_19' title='bbox 1205 595 1266 631; x_wconf 91' lang='lat' dir='ltr'>ac</span> <span class='ocrx_word' id='word_1_20' title='bbox 1287 595 1377 645; x_wconf 84' lang='lat' dir='ltr'>po-</span> 
     </span>
     <span class='ocr_line' id='line_1_4' title="bbox 308 654 1374 721; baseline -0.001 -15"><span class='ocrx_word' id='word_1_21' title='bbox 308 663 512 707; x_wconf 80' lang='lat' dir='ltr'>testate</span> <span class='ocrx_word' id='word_1_22' title='bbox 551 663 698 718; x_wconf 82' lang='lat' dir='ltr'>sunt,</span> <span class='ocrx_word' id='word_1_23' title='bbox 732 669 885 721; x_wconf 84' lang='lat' dir='ltr'>quam</span> <span class='ocrx_word' id='word_1_24' title='bbox 910 655 1032 721; x_wconf 88' lang='lat' dir='ltr'>quid</span> <span class='ocrx_word' id='word_1_25' title='bbox 1074 656 1264 705; x_wconf 83' lang='lat' dir='ltr'>debeat</span> <span class='ocrx_word' id='word_1_26' title='bbox 1300 654 1374 705; x_wconf 80' lang='lat' dir='ltr'>sa·</span> 
     </span>
     <span class='ocr_line' id='line_1_5' title="bbox 308 721 1380 798; baseline -0.003 -13"><span class='ocrx_word' id='word_1_27' title='bbox 308 734 462 785; x_wconf 61' lang='lat' dir='ltr'>aare:</span> <span class='ocrx_word' id='word_1_28' title='bbox 562 734 673 784; x_wconf 74' lang='lat' dir='ltr'>me</span> <span class='ocrx_word' id='word_1_29' title='bbox 730 734 1045 798; x_wconf 73' lang='lat' dir='ltr'>intelligitur</span> <span class='ocrx_word' id='word_1_30' title='bbox 1107 734 1123 763; x_wconf 88' lang='grc'><em>·</em></span> <span class='ocrx_word' id='word_1_31' title='bbox 1144 721 1380 797; x_wconf 68' lang='grc' dir='ltr'><strong>μοωὶω</strong></span> 
     </span>
     <span class='ocr_line' id='line_1_6' title="bbox 308 808 1375 875; baseline 0.001 -17"><span class='ocrx_word' id='word_1_32' title='bbox 308 808 524 875; x_wconf 81' lang='lat' dir='ltr'>patria,&#39;</span> <span class='ocrx_word' id='word_1_33' title='bbox 560 823 676 874; x_wconf 74' lang='lat' dir='ltr'>quae</span> <span class='ocrx_word' id='word_1_34' title='bbox 699 810 926 859; x_wconf 84' lang='lat' dir='ltr'>naturali</span> <span class='ocrx_word' id='word_1_35' title='bbox 951 808 1157 860; x_wconf 88' lang='lat' dir='ltr'>ratione</span> <span class='ocrx_word' id='word_1_36' title='bbox 1178 817 1260 860; x_wconf 89' lang='lat' dir='ltr'>est</span> <span class='ocrx_word' id='word_1_37' title='bbox 1285 810 1375 873; x_wconf 81' lang='lat' dir='ltr'>jus</span> 
     </span>
     <span class='ocr_line' id='line_1_7' title="bbox 309 884 1377 949; baseline -0.002 -13"><span class='ocrx_word' id='word_1_38' title='bbox 309 885 522 949; x_wconf 84' lang='lat' dir='ltr'>utrique</span> <span class='ocrx_word' id='word_1_39' title='bbox 550 884 756 947; x_wconf 82' lang='lat' dir='ltr'>parenti</span> <span class='ocrx_word' id='word_1_40' title='bbox 778 891 1078 947; x_wconf 87' lang='lat' dir='ltr'>competens</span> <span class='ocrx_word' id='word_1_41' title='bbox 1115 885 1167 932; x_wconf 91' lang='lat' dir='ltr'>in</span> <span class='ocrx_word' id='word_1_42' title='bbox 1204 899 1377 948; x_wconf 87' lang='lat' dir='ltr'>perso·</span> 
     </span>
     <span class='ocr_line' id='line_1_8' title="bbox 310 961 1377 1023; baseline -0.001 -12"><span class='ocrx_word' id='word_1_43' title='bbox 310 974 422 1017; x_wconf 82' lang='lat' dir='ltr'>nas.</span> <span class='ocrx_word' id='word_1_44' title='bbox 446 961 799 1023; x_wconf 59' lang='lat' dir='ltr'>actioues‚r.et</span> <span class='ocrx_word' id='word_1_45' title='bbox 835 961 972 1011; x_wconf 87' lang='lat' dir='ltr'>bona</span> <span class='ocrx_word' id='word_1_46' title='bbox 1002 961 1298 1023; x_wconf 87' lang='lat' dir='ltr'>liberorum,</span> <span class='ocrx_word' id='word_1_47' title='bbox 1320 967 1377 1010; x_wconf 90' lang='lat' dir='ltr'>ut</span> 
     </span>
     <span class='ocr_line' id='line_1_9' title="bbox 313 1035 1377 1101; baseline -0.002 -13"><span class='ocrx_word' id='word_1_48' title='bbox 313 1050 377 1088; x_wconf 81' lang='lat' dir='ltr'>eo</span> <span class='ocrx_word' id='word_1_49' title='bbox 400 1036 716 1101; x_wconf 77' lang='lat' dir='ltr'>dirigantur,</span> <span class='ocrx_word' id='word_1_50' title='bbox 755 1043 814 1087; x_wconf 92' lang='lat' dir='ltr'>nt</span> <span class='ocrx_word' id='word_1_51' title='bbox 834 1037 1114 1088; x_wconf 87' lang='lat' dir='ltr'>liberorum</span> <span class='ocrx_word' id='word_1_52' title='bbox 1153 1035 1377 1088; x_wconf 81' lang='lat' dir='ltr'>felicitas</span> 
     </span>
     <span class='ocr_line' id='line_1_10' title="bbox 313 1111 1377 1175; baseline -0.002 -11"><span class='ocrx_word' id='word_1_53' title='bbox 313 1120 372 1164; x_wconf 81' lang='lat' dir='ltr'>et</span> <span class='ocrx_word' id='word_1_54' title='bbox 410 1114 701 1163; x_wconf 81' lang='lat' dir='ltr'>communis</span> <span class='ocrx_word' id='word_1_55' title='bbox 748 1111 955 1162; x_wconf 68' lang='lat' dir='ltr'>familia</span> <span class='ocrx_word' id='word_1_56' title='bbox 999 1114 1377 1175; x_wconf 67' lang='lat' dir='ltr'>societatisque</span> 
     </span>
     <span class='ocr_line' id='line_1_11' title="bbox 312 1189 1379 1253; baseline -0.002 -13"><span class='ocrx_word' id='word_1_57' title='bbox 312 1190 553 1241; x_wconf 68' lang='lat' dir='ltr'>bumana</span> <span class='ocrx_word' id='word_1_58' title='bbox 597 1189 819 1252; x_wconf 84' lang='lat' dir='ltr'>utilitas,</span> <span class='ocrx_word' id='word_1_59' title='bbox 875 1197 1199 1253; x_wconf 78' lang='lat' dir='ltr'>procuretur.</span> <span class='ocrx_word' id='word_1_60' title='bbox 1301 1191 1379 1238; x_wconf 84' lang='lat' dir='ltr'>Ea</span> 
     </span>
     <span class='ocr_line' id='line_1_12' title="bbox 310 1265 1376 1329; baseline -0.001 -14"><span class='ocrx_word' id='word_1_61' title='bbox 310 1265 426 1329; x_wconf 78' lang='lat' dir='ltr'>ipsa</span> <span class='ocrx_word' id='word_1_62' title='bbox 450 1266 1006 1329; x_wconf 51' lang='lat' dir='ltr'>potestatusecundum</span> <span class='ocrx_word' id='word_1_63' title='bbox 1029 1267 1174 1329; x_wconf 84' lang='lat' dir='ltr'>leges</span> <span class='ocrx_word' id='word_1_64' title='bbox 1189 1266 1376 1315; x_wconf 88' lang='lat' dir='ltr'>Roma-</span> 
     </span>
     <span class='ocr_line' id='line_1_13' title="bbox 313 1342 1381 1407; baseline 0.001 -17"><span class='ocrx_word' id='word_1_65' title='bbox 313 1355 430 1404; x_wconf 72' lang='lat' dir='ltr'>aas,</span> <span class='ocrx_word' id='word_1_66' title='bbox 453 1356 557 1390; x_wconf 90' lang='lat' dir='ltr'>non</span> <span class='ocrx_word' id='word_1_67' title='bbox 581 1342 744 1391; x_wconf 91' lang='lat' dir='ltr'>solum</span> <span class='ocrx_word' id='word_1_68' title='bbox 769 1349 939 1392; x_wconf 86' lang='lat' dir='ltr'>morte</span> <span class='ocrx_word' id='word_1_69' title='bbox 961 1344 1146 1407; x_wconf 87' lang='lat' dir='ltr'>patris,</span> <span class='ocrx_word' id='word_1_70' title='bbox 1171 1342 1260 1392; x_wconf 89' lang='lat' dir='ltr'>sed</span> <span class='ocrx_word' id='word_1_71' title='bbox 1281 1343 1381 1393; x_wconf 85' lang='lat' dir='ltr'>eti·</span> 
     </span>
     <span class='ocr_line' id='line_1_14' title="bbox 315 1417 1380 1469; baseline 0.003 -3"><span class='ocrx_word' id='word_1_72' title='bbox 315 1431 398 1466; x_wconf 81' lang='lat' dir='ltr'>am</span> <span class='ocrx_word' id='word_1_73' title='bbox 443 1417 675 1467; x_wconf 78' lang='lat' dir='ltr'>maxima</span> <span class='ocrx_word' id='word_1_74' title='bbox 716 1426 773 1467; x_wconf 89' lang='lat' dir='ltr'>et</span> <span class='ocrx_word' id='word_1_75' title='bbox 817 1418 987 1468; x_wconf 87' lang='lat' dir='ltr'>media</span> <span class='ocrx_word' id='word_1_76' title='bbox 1042 1420 1380 1469; x_wconf 80' lang='lat' dir='ltr'>diminutione</span> 
     </span>
     <span class='ocr_line' id='line_1_15' title="bbox 316 1492 1381 1560; baseline 0.002 -17"><span class='ocrx_word' id='word_1_77' title='bbox 316 1492 504 1556; x_wconf 80' lang='lat' dir='ltr'>capitis</span> <span class='ocrx_word' id='word_1_78' title='bbox 563 1493 726 1556; x_wconf 84' lang='lat' dir='ltr'>patris</span> <span class='ocrx_word' id='word_1_79' title='bbox 777 1495 861 1543; x_wconf 82' lang='lat' dir='ltr'>vel</span> <span class='ocrx_word' id='word_1_80' title='bbox 918 1494 1046 1557; x_wconf 80' lang='lat' dir='ltr'>filii3</span> <span class='ocrx_word' id='word_1_81' title='bbox 1124 1503 1381 1560; x_wconf 79' lang='lat' dir='ltr'>praeterea</span> 
     </span>
     <span class='ocr_line' id='line_1_16' title="bbox 316 1569 1378 1635; baseline 0.003 -16"><span class='ocrx_word' id='word_1_82' title='bbox 316 1569 759 1632; x_wconf 73' lang='lat' dir='ltr'>emancipatione,</span> <span class='ocrx_word' id='word_1_83' title='bbox 778 1577 834 1619; x_wconf 94' lang='lat' dir='ltr'>et</span> <span class='ocrx_word' id='word_1_84' title='bbox 872 1570 1151 1635; x_wconf 71' lang='lat' dir='ltr'>adoptione</span> <span class='ocrx_word' id='word_1_85' title='bbox 1188 1573 1254 1622; x_wconf 83' lang='lat' dir='ltr'>ab</span> <span class='ocrx_word' id='word_1_86' title='bbox 1287 1572 1378 1622; x_wconf 87' lang='lat' dir='ltr'>ad·</span> 
     </span>
     <span class='ocr_line' id='line_1_17' title="bbox 316 1643 1381 1706; baseline 0.004 -11"><span class='ocrx_word' id='word_1_87' title='bbox 316 1646 614 1696; x_wconf 85' lang='lat' dir='ltr'>scendente</span> <span class='ocrx_word' id='word_1_88' title='bbox 636 1643 796 1706; x_wconf 80' lang='lat' dir='ltr'>facta,</span> <span class='ocrx_word' id='word_1_89' title='bbox 834 1648 1150 1697; x_wconf 72' lang='lat' dir='ltr'>solvebatur.</span> <span class='ocrx_word' id='word_1_90' title='bbox 1216 1648 1381 1699; x_wconf 81' lang='lat' dir='ltr'>Justi·</span> 
     </span>
     <span class='ocr_line' id='line_1_18' title="bbox 317 1721 1380 1788; baseline 0.004 -18"><span class='ocrx_word' id='word_1_91' title='bbox 317 1722 460 1771; x_wconf 80' lang='lat' dir='ltr'>nian.</span> <span class='ocrx_word' id='word_1_92' title='bbox 500 1721 680 1772; x_wconf 83' lang='lat' dir='ltr'>Instit.</span> <span class='ocrx_word' id='word_1_93' title='bbox 721 1723 822 1773; x_wconf 80' lang='lat' dir='ltr'>Tit.</span> <span class='ocrx_word' id='word_1_94' title='bbox 869 1724 1051 1787; x_wconf 90' lang='lat' dir='ltr'>quibus</span> <span class='ocrx_word' id='word_1_95' title='bbox 1097 1725 1262 1774; x_wconf 88' lang='lat' dir='ltr'>modis</span> <span class='ocrx_word' id='word_1_96' title='bbox 1294 1727 1380 1788; x_wconf 86' lang='lat' dir='ltr'>jus</span> 
     </span>
     <span class='ocr_line' id='line_1_19' title="bbox 316 1798 1382 1862; baseline 0.003 -15"><span class='ocrx_word' id='word_1_97' title='bbox 316 1798 505 1862; x_wconf 66' lang='lat' dir='ltr'>patric</span> <span class='ocrx_word' id='word_1_98' title='bbox 547 1799 829 1862; x_wconf 83' lang='lat' dir='ltr'>potestatis</span> <span class='ocrx_word' id='word_1_99' title='bbox 868 1800 1106 1850; x_wconf 80' lang='lat' dir='ltr'>solvitur.</span> <span class='ocrx_word' id='word_1_100' title='bbox 1187 1801 1382 1851; x_wconf 86' lang='lat' dir='ltr'>Secun-</span> 
     </span>
     <span class='ocr_line' id='line_1_20' title="bbox 316 1875 1385 1940; baseline 0.005 -17"><span class='ocrx_word' id='word_1_101' title='bbox 316 1875 442 1923; x_wconf 86' lang='lat' dir='ltr'>dum</span> <span class='ocrx_word' id='word_1_102' title='bbox 470 1888 599 1924; x_wconf 77' lang='lat' dir='ltr'>vero</span> <span class='ocrx_word' id='word_1_103' title='bbox 611 1875 703 1938; x_wconf 87' lang='lat' dir='ltr'>jus</span> <span class='ocrx_word' id='word_1_104' title='bbox 726 1884 952 1936; x_wconf 66' lang='lat' dir='ltr'>naturae,</span> <span class='ocrx_word' id='word_1_105' title='bbox 975 1891 1039 1926; x_wconf 83' lang='lat' dir='ltr'>ea</span> <span class='ocrx_word' id='word_1_106' title='bbox 1062 1876 1167 1926; x_wconf 86' lang='lat' dir='ltr'>dici</span> <span class='ocrx_word' id='word_1_107' title='bbox 1209 1886 1385 1940; x_wconf 85' lang='lat' dir='ltr'>potest</span> 
     </span>
     <span class='ocr_line' id='line_1_21' title="bbox 314 1951 1385 2019; baseline 0.004 -20"><span class='ocrx_word' id='word_1_108' title='bbox 314 1957 600 2015; x_wconf 79' lang='lat' dir='ltr'>perpetus.</span> <span class='ocrx_word' id='word_1_109' title='bbox 624 1959 845 2015; x_wconf 84' lang='lat' dir='ltr'>propter</span> <span class='ocrx_word' id='word_1_110' title='bbox 862 1951 1191 2004; x_wconf 83' lang='lat' dir='ltr'>indelebilem</span> <span class='ocrx_word' id='word_1_111' title='bbox 1209 1963 1385 2019; x_wconf 86' lang='lat' dir='ltr'>pater·</span> 
     </span>
     <span class='ocr_line' id='line_1_22' title="bbox 317 2028 1386 2096; baseline 0.004 -19"><span class='ocrx_word' id='word_1_112' title='bbox 317 2029 504 2078; x_wconf 80' lang='lat' dir='ltr'>nitatis</span> <span class='ocrx_word' id='word_1_113' title='bbox 560 2028 922 2080; x_wconf 74' lang='lat' dir='ltr'>characterem</span> <span class='ocrx_word' id='word_1_114' title='bbox 979 2039 1035 2082; x_wconf 90' lang='lat' dir='ltr'>et</span> <span class='ocrx_word' id='word_1_115' title='bbox 1104 2046 1386 2096; x_wconf 82' lang='lat' dir='ltr'>perennem</span> 
     </span>
     <span class='ocr_line' id='line_1_23' title="bbox 318 2106 1388 2169; baseline 0.002 -13"><span class='ocrx_word' id='word_1_116' title='bbox 318 2114 652 2169; x_wconf 76' lang='lat' dir='ltr'>paternorum</span> <span class='ocrx_word' id='word_1_117' title='bbox 670 2106 973 2156; x_wconf 86' lang='lat' dir='ltr'>meritorum</span> <span class='ocrx_word' id='word_1_118' title='bbox 998 2107 1388 2159; x_wconf 80' lang='lat' dir='ltr'>beneficiorum-</span> 
     </span>
     <span class='ocr_line' id='line_1_24' title="bbox 318 2180 1387 2248; baseline 0.006 -18"><span class='ocrx_word' id='word_1_119' title='bbox 318 2197 421 2247; x_wconf 85' lang='lat' dir='ltr'>que</span> <span class='ocrx_word' id='word_1_120' title='bbox 443 2180 711 2245; x_wconf 76' lang='lat' dir='ltr'>fruetum3</span> <span class='ocrx_word' id='word_1_121' title='bbox 744 2185 979 2248; x_wconf 83' lang='lat' dir='ltr'>quamvis</span> <span class='ocrx_word' id='word_1_122' title='bbox 1015 2199 1136 2234; x_wconf 86' lang='lat' dir='ltr'>usus</span> <span class='ocrx_word' id='word_1_123' title='bbox 1160 2193 1213 2235; x_wconf 87' lang='lat' dir='ltr'>et</span> <span class='ocrx_word' id='word_1_124' title='bbox 1238 2201 1387 2236; x_wconf 83' lang='lat' dir='ltr'>exer·</span> 
     </span>
     <span class='ocr_line' id='line_1_25' title="bbox 322 2260 1387 2325; baseline 0.002 -16"><span class='ocrx_word' id='word_1_125' title='bbox 322 2261 508 2310; x_wconf 75' lang='lat' dir='ltr'>citium</span> <span class='ocrx_word' id='word_1_126' title='bbox 554 2260 666 2323; x_wconf 82' lang='lat' dir='ltr'>ejus</span> <span class='ocrx_word' id='word_1_127' title='bbox 705 2264 987 2324; x_wconf 83' lang='lat' dir='ltr'>potestatis</span> <span class='ocrx_word' id='word_1_128' title='bbox 1040 2277 1136 2325; x_wconf 80' lang='lat' dir='ltr'>pro</span> <span class='ocrx_word' id='word_1_129' title='bbox 1185 2263 1387 2312; x_wconf 89' lang='lat' dir='ltr'>ratione</span> 
     </span>
     <span class='ocr_line' id='line_1_26' title="bbox 320 2336 1386 2404; baseline 0.002 -17"><span class='ocrx_word' id='word_1_130' title='bbox 320 2336 439 2387; x_wconf 79' lang='lat' dir='ltr'>finis</span> <span class='ocrx_word' id='word_1_131' title='bbox 461 2337 864 2389; x_wconf 82' lang='lat' dir='ltr'>determinetur.</span> <span class='ocrx_word' id='word_1_132' title='bbox 897 2341 1073 2404; x_wconf 86' lang='lat' dir='ltr'>Certe,</span> <span class='ocrx_word' id='word_1_133' title='bbox 1095 2355 1160 2389; x_wconf 89' lang='lat' dir='ltr'>ex</span> <span class='ocrx_word' id='word_1_134' title='bbox 1182 2339 1386 2403; x_wconf 86' lang='lat' dir='ltr'>legibus</span> 
     </span>
     <span class='ocr_line' id='line_1_27' title="bbox 323 2413 1386 2479; baseline 0 -14"><span class='ocrx_word' id='word_1_135' title='bbox 323 2413 660 2466; x_wconf 80' lang='lat' dir='ltr'>naturalibus</span> <span class='ocrx_word' id='word_1_136' title='bbox 692 2415 979 2465; x_wconf 80' lang='lat' dir='ltr'>honestatis</span> <span class='ocrx_word' id='word_1_137' title='bbox 1003 2423 1058 2467; x_wconf 92' lang='lat' dir='ltr'>et</span> <span class='ocrx_word' id='word_1_138' title='bbox 1095 2416 1293 2479; x_wconf 88' lang='lat' dir='ltr'>decori,</span> <span class='ocrx_word' id='word_1_139' title='bbox 1327 2417 1386 2465; x_wconf 89' lang='lat' dir='ltr'>li-</span> 
     </span>
     <span class='ocr_line' id='line_1_28' title="bbox 326 2492 1387 2557; baseline 0 -15"><span class='ocrx_word' id='word_1_140' title='bbox 326 2492 437 2542; x_wconf 85' lang='lat' dir='ltr'>beri</span> <span class='ocrx_word' id='word_1_141' title='bbox 472 2505 683 2555; x_wconf 84' lang='lat' dir='ltr'>semper</span> <span class='ocrx_word' id='word_1_142' title='bbox 716 2501 772 2541; x_wconf 89' lang='lat' dir='ltr'>et</span> <span class='ocrx_word' id='word_1_143' title='bbox 796 2508 893 2557; x_wconf 89' lang='lat' dir='ltr'>per</span> <span class='ocrx_word' id='word_1_144' title='bbox 914 2507 1116 2543; x_wconf 90' lang='lat' dir='ltr'>omnem</span> <span class='ocrx_word' id='word_1_145' title='bbox 1155 2502 1387 2548; x_wconf 72' lang='lat' dir='ltr'>aetatem,</span> 
     </span>
     <span class='ocr_line' id='line_1_29' title="bbox 321 2566 1388 2632; baseline 0 -14"><span class='ocrx_word' id='word_1_146' title='bbox 321 2567 530 2618; x_wconf 76' lang='lat' dir='ltr'>etiamsi</span> <span class='ocrx_word' id='word_1_147' title='bbox 550 2582 580 2617; x_wconf 89' lang='lat' dir='ltr'>e</span> <span class='ocrx_word' id='word_1_148' title='bbox 603 2566 797 2617; x_wconf 78' lang='lat' dir='ltr'>familia</span> <span class='ocrx_word' id='word_1_149' title='bbox 821 2571 1040 2632; x_wconf 87' lang='lat' dir='ltr'>egressi,</span> <span class='ocrx_word' id='word_1_150' title='bbox 1055 2570 1213 2620; x_wconf 86' lang='lat' dir='ltr'>etiam</span> <span class='ocrx_word' id='word_1_151' title='bbox 1237 2584 1388 2632; x_wconf 83' lang='lat' dir='ltr'>gran-</span> 
     </span>
     <span class='ocr_line' id='line_1_30' title="bbox 324 2645 1390 2711; baseline 0.001 -16"><span class='ocrx_word' id='word_1_152' title='bbox 324 2646 420 2696; x_wconf 84' lang='lat' dir='ltr'>des</span> <span class='ocrx_word' id='word_1_153' title='bbox 458 2653 517 2695; x_wconf 92' lang='lat' dir='ltr'>et</span> <span class='ocrx_word' id='word_1_154' title='bbox 553 2645 719 2695; x_wconf 81' lang='lat' dir='ltr'>adulti</span> <span class='ocrx_word' id='word_1_155' title='bbox 749 2659 811 2695; x_wconf 87' lang='lat' dir='ltr'>ac</span> <span class='ocrx_word' id='word_1_156' title='bbox 849 2654 999 2708; x_wconf 85' lang='lat' dir='ltr'>patre</span> <span class='ocrx_word' id='word_1_157' title='bbox 1034 2646 1297 2711; x_wconf 87' lang='lat' dir='ltr'>digniores</span> <span class='ocrx_word' id='word_1_158' title='bbox 1334 2655 1390 2696; x_wconf 92' lang='lat' dir='ltr'>et</span> 
     </span>
     <span class='ocr_line' id='line_1_31' title="bbox 322 2722 1389 2788; baseline 0.001 -15"><span class='ocrx_word' id='word_1_159' title='bbox 322 2722 678 2786; x_wconf 79' lang='lat' dir='ltr'>potentiores,</span> <span class='ocrx_word' id='word_1_160' title='bbox 711 2729 772 2772; x_wconf 90' lang='lat' dir='ltr'>ut</span> <span class='ocrx_word' id='word_1_161' title='bbox 807 2732 951 2772; x_wconf 87' lang='lat' dir='ltr'>recte</span> <span class='ocrx_word' id='word_1_162' title='bbox 976 2731 1152 2773; x_wconf 89' lang='lat' dir='ltr'>mouet</span> <span class='ocrx_word' id='word_1_163' title='bbox 1183 2724 1389 2788; x_wconf 86' lang='lat' dir='ltr'>Lipsius</span> 
     </span>
     <span class='ocr_line' id='line_1_32' title="bbox 326 2799 1390 2862; baseline 0.001 -13"><span class='ocrx_word' id='word_1_164' title='bbox 326 2799 392 2849; x_wconf 80' lang='lat' dir='ltr'>ad</span> <span class='ocrx_word' id='word_1_165' title='bbox 431 2799 486 2848; x_wconf 87' lang='lat' dir='ltr'>b.</span> <span class='ocrx_word' id='word_1_166' title='bbox 528 2800 565 2848; x_wconf 87' lang='lat' dir='ltr'>l.</span> <span class='ocrx_word' id='word_1_167' title='bbox 610 2800 971 2849; x_wconf 73' lang='lat' dir='ltr'>anctoritatem</span> <span class='ocrx_word' id='word_1_168' title='bbox 1010 2807 1278 2862; x_wconf 82' lang='lat' dir='ltr'>parentum</span> <span class='ocrx_word' id='word_1_169' title='bbox 1311 2815 1390 2850; x_wconf 83' lang='lat' dir='ltr'>re-</span> 
     </span>
     <span class='ocr_line' id='line_1_33' title="bbox 328 2875 1391 2941; baseline 0.003 -18"><span class='ocrx_word' id='word_1_170' title='bbox 328 2876 500 2926; x_wconf 77' lang='lat' dir='ltr'>vereri</span> <span class='ocrx_word' id='word_1_171' title='bbox 521 2875 740 2927; x_wconf 89' lang='lat' dir='ltr'>debent.</span> <span class='ocrx_word' id='word_1_172' title='bbox 806 2877 921 2928; x_wconf 83' lang='lat' dir='ltr'>Qua</span> <span class='ocrx_word' id='word_1_173' title='bbox 945 2875 1012 2925; x_wconf 90' lang='lat' dir='ltr'>de</span> <span class='ocrx_word' id='word_1_174' title='bbox 1037 2891 1093 2926; x_wconf 91' lang='lat' dir='ltr'>re</span> <span class='ocrx_word' id='word_1_175' title='bbox 1132 2878 1282 2941; x_wconf 83' lang='lat' dir='ltr'>plura</span> <span class='ocrx_word' id='word_1_176' title='bbox 1305 2891 1391 2926; x_wconf 85' lang='lat' dir='ltr'>cx·</span> 
     </span>
     <span class='ocr_line' id='line_1_34' title="bbox 328 2952 1391 3017; baseline 0 -15"><span class='ocrx_word' id='word_1_177' title='bbox 328 2953 475 3017; x_wconf 81' lang='lat' dir='ltr'>posui</span> <span class='ocrx_word' id='word_1_178' title='bbox 517 2953 572 3001; x_wconf 90' lang='lat' dir='ltr'>in</span> <span class='ocrx_word' id='word_1_179' title='bbox 618 2952 970 3016; x_wconf 86' lang='lat' dir='ltr'>disputatione</span> <span class='ocrx_word' id='word_1_180' title='bbox 1004 2953 1071 3002; x_wconf 87' lang='lat' dir='ltr'>de</span> <span class='ocrx_word' id='word_1_181' title='bbox 1115 2953 1391 3004; x_wconf 87' lang='lat' dir='ltr'>Limitibus</span> 
     </span>
     <span class='ocr_line' id='line_1_35' title="bbox 328 3028 1394 3094; baseline 0.001 -16"><span class='ocrx_word' id='word_1_182' title='bbox 328 3028 557 3079; x_wconf 81' lang='lat' dir='ltr'>Pietatis</span> <span class='ocrx_word' id='word_1_183' title='bbox 600 3028 901 3079; x_wconf 84' lang='lat' dir='ltr'>Liberorum</span> <span class='ocrx_word' id='word_1_184' title='bbox 939 3045 1066 3094; x_wconf 89' lang='lat' dir='ltr'>erga</span> <span class='ocrx_word' id='word_1_185' title='bbox 1117 3030 1394 3081; x_wconf 84' lang='lat' dir='ltr'>Parentes.</span> 
     </span>
     <span class='ocr_line' id='line_1_36' title="bbox 329 3106 582 3157; baseline 0 0"><span class='ocrx_word' id='word_1_186' title='bbox 329 3106 582 3157; x_wconf 52' lang='lat' dir='ltr'>Seium.</span> 
     </span>
    </p>

    <p class='ocr_par' dir='ltr' id='par_1_3' title="bbox 327 3185 1402 4320">
     <span class='ocr_line' id='line_1_37' title="bbox 396 3185 1394 3250; baseline -0.003 -13"><span class='ocrx_word' id='word_1_187' title='bbox 396 3187 535 3237; x_wconf 59' lang='lat' dir='ltr'>Cae.</span> <span class='ocrx_word' id='word_1_188' title='bbox 571 3198 780 3236; x_wconf 71' lang='lat' dir='ltr'>xxxix.</span> <span class='ocrx_word' id='word_1_189' title='bbox 842 3185 1109 3235; x_wconf 60' lang='lat' dir='ltr'>abstulisse</span> <span class='ocrx_word' id='word_1_190' title='bbox 1139 3186 1394 3250; x_wconf 67' lang='lat' dir='ltr'>uicesima]</span> 
     </span>
     <span class='ocr_line' id='line_1_38' title="bbox 327 3263 1395 3323; baseline -0.004 -8"><span class='ocrx_word' id='word_1_191' title='bbox 327 3265 376 3315; x_wconf 86' lang='lat'>1.</span> <span class='ocrx_word' id='word_1_192' title='bbox 398 3278 451 3314; x_wconf 86' lang='lat' dir='ltr'>e.</span> <span class='ocrx_word' id='word_1_193' title='bbox 474 3265 730 3313; x_wconf 80' lang='lat' dir='ltr'>exemisse</span> <span class='ocrx_word' id='word_1_194' title='bbox 746 3263 1023 3323; x_wconf 76' lang='lat' dir='ltr'>vicesimoe,</span> <span class='ocrx_word' id='word_1_195' title='bbox 1038 3271 1128 3312; x_wconf 84' lang='lat' dir='ltr'>aut</span> <span class='ocrx_word' id='word_1_196' title='bbox 1150 3265 1395 3313; x_wconf 74' lang='lat' dir='ltr'>liberasse</span> 
     </span>
     <span class='ocr_line' id='line_1_39' title="bbox 328 3340 1395 3393; baseline -0.004 0"><span class='ocrx_word' id='word_1_197' title='bbox 328 3350 384 3393; x_wconf 83' lang='lat' dir='ltr'>et</span> <span class='ocrx_word' id='word_1_198' title='bbox 412 3341 706 3391; x_wconf 82' lang='lat' dir='ltr'>vindicasse</span> <span class='ocrx_word' id='word_1_199' title='bbox 729 3340 795 3391; x_wconf 88' lang='lat' dir='ltr'>ob</span> <span class='ocrx_word' id='word_1_200' title='bbox 813 3353 972 3389; x_wconf 88' lang='lat' dir='ltr'>onere</span> <span class='ocrx_word' id='word_1_201' title='bbox 995 3340 1271 3389; x_wconf 77' lang='lat' dir='ltr'>vicesima».</span> <span class='ocrx_word' id='word_1_202' title='bbox 1306 3340 1395 3389; x_wconf 89' lang='lat' dir='ltr'>Sic</span> 
     </span>
     <span class='ocr_line' id='line_1_40' title="bbox 328 3415 1397 3484; baseline -0.006 -16"><span class='ocrx_word' id='word_1_203' title='bbox 328 3419 566 3484; x_wconf 84' lang='lat' dir='ltr'>loquitur</span> <span class='ocrx_word' id='word_1_204' title='bbox 594 3416 789 3465; x_wconf 86' lang='lat' dir='ltr'>Plinius</span> <span class='ocrx_word' id='word_1_205' title='bbox 822 3416 980 3464; x_wconf 89' lang='lat' dir='ltr'>etiam</span> <span class='ocrx_word' id='word_1_206' title='bbox 1020 3415 1189 3477; x_wconf 86' lang='lat' dir='ltr'>Epist.</span> <span class='ocrx_word' id='word_1_207' title='bbox 1216 3429 1290 3465; x_wconf 84' lang='lat' dir='ltr'>vt.</span> <span class='ocrx_word' id='word_1_208' title='bbox 1315 3420 1397 3465; x_wconf 76' lang='lat'>20.</span> 
     </span>
     <span class='ocr_line' id='line_1_41' title="bbox 337 3490 1398 3556; baseline -0.006 -11"><span class='ocrx_word' id='word_1_209' title='bbox 337 3500 421 3545; x_wconf 81' lang='lat' dir='ltr'>lt.</span> <span class='ocrx_word' id='word_1_210' title='bbox 470 3491 788 3556; x_wconf 80' lang='lat' dir='ltr'>‘effusoque</span> <span class='ocrx_word' id='word_1_211' title='bbox 834 3504 991 3540; x_wconf 77' lang='lat' dir='ltr'>eursu</span> <span class='ocrx_word' id='word_1_212' title='bbox 1035 3490 1268 3553; x_wconf 90' lang='lat' dir='ltr'>periculo</span> <span class='ocrx_word' id='word_1_213' title='bbox 1315 3505 1398 3539; x_wconf 81' lang='lat' dir='ltr'>au·</span> 
     </span>
     <span class='ocr_line' id='line_1_42' title="bbox 329 3566 1398 3630; baseline -0.006 -10"><span class='ocrx_word' id='word_1_214' title='bbox 329 3570 542 3626; x_wconf 60' lang='lat' dir='ltr'>fertur:</span> <span class='ocrx_word' id='word_1_215' title='bbox 576 3570 612 3619; x_wconf 91' lang='lat' dir='ltr'>i.</span> <span class='ocrx_word' id='word_1_216' title='bbox 636 3585 684 3619; x_wconf 89' lang='lat' dir='ltr'>e.</span> <span class='ocrx_word' id='word_1_217' title='bbox 710 3569 961 3618; x_wconf 85' lang='lat' dir='ltr'>liberatur</span> <span class='ocrx_word' id='word_1_218' title='bbox 985 3582 1014 3616; x_wconf 87' lang='lat' dir='ltr'>a</span> <span class='ocrx_word' id='word_1_219' title='bbox 1040 3567 1288 3630; x_wconf 85' lang='lat' dir='ltr'>periculo.</span> <span class='ocrx_word' id='word_1_220' title='bbox 1324 3566 1398 3615; x_wconf 81' lang='lat' dir='ltr'>A·</span> 
     </span>
     <span class='ocr_line' id='line_1_43' title="bbox 327 3645 1398 3709; baseline -0.005 -11"><span class='ocrx_word' id='word_1_221' title='bbox 327 3648 450 3698; x_wconf 79' lang='lat' dir='ltr'>liam</span> <span class='ocrx_word' id='word_1_222' title='bbox 475 3654 794 3698; x_wconf 82' lang='lat' dir='ltr'>structuram</span> <span class='ocrx_word' id='word_1_223' title='bbox 815 3645 969 3709; x_wconf 88' lang='lat' dir='ltr'>bujus</span> <span class='ocrx_word' id='word_1_224' title='bbox 992 3645 1139 3695; x_wconf 73' lang='lat' dir='ltr'>verbi</span> <span class='ocrx_word' id='word_1_225' title='bbox 1163 3646 1398 3709; x_wconf 83' lang='lat' dir='ltr'>sequitur</span> 
     </span>
     <span class='ocr_line' id='line_1_44' title="bbox 328 3721 1398 3777; baseline -0.007 -1"><span class='ocrx_word' id='word_1_226' title='bbox 328 3725 512 3777; x_wconf 89' lang='lat' dir='ltr'>Plaut.</span> <span class='ocrx_word' id='word_1_227' title='bbox 535 3724 590 3774; x_wconf 88' lang='lat' dir='ltr'>in</span> <span class='ocrx_word' id='word_1_228' title='bbox 616 3724 762 3774; x_wconf 75' lang='lat' dir='ltr'>Asin.</span> <span class='ocrx_word' id='word_1_229' title='bbox 784 3736 824 3771; x_wconf 84' lang='grc' dir='ltr'>ι.</span> <span class='ocrx_word' id='word_1_230' title='bbox 847 3726 896 3772; x_wconf 73' lang='lat'>8.</span> <span class='ocrx_word' id='word_1_231' title='bbox 920 3726 1000 3769; x_wconf 86' lang='lat' dir='ltr'>ll.</span> <span class='ocrx_word' id='word_1_232' title='bbox 1019 3722 1198 3770; x_wconf 77' lang='lat' dir='ltr'>‘Solus</span> <span class='ocrx_word' id='word_1_233' title='bbox 1221 3721 1398 3770; x_wconf 90' lang='lat' dir='ltr'>solitu-</span> 
     </span>
     <span class='ocr_line' id='line_1_45' title="bbox 329 3794 1401 3863; baseline -0.007 -12"><span class='ocrx_word' id='word_1_234' title='bbox 329 3800 453 3851; x_wconf 83' lang='lat' dir='ltr'>dine</span> <span class='ocrx_word' id='word_1_235' title='bbox 497 3808 551 3849; x_wconf 86' lang='lat' dir='ltr'>te</span> <span class='ocrx_word' id='word_1_236' title='bbox 583 3806 741 3863; x_wconf 81' lang='lat' dir='ltr'>atque</span> <span class='ocrx_word' id='word_1_237' title='bbox 786 3798 855 3847; x_wconf 91' lang='lat' dir='ltr'>ab</span> <span class='ocrx_word' id='word_1_238' title='bbox 895 3802 1129 3861; x_wconf 84' lang='lat' dir='ltr'>egestate</span> <span class='ocrx_word' id='word_1_239' title='bbox 1169 3794 1401 3856; x_wconf 85' lang='lat' dir='ltr'>abstuli‚&#39;</span> 
     </span>
     <span class='ocr_line' id='line_1_46' title="bbox 332 3872 1399 3929; baseline -0.009 0"><span class='ocrx_word' id='word_1_240' title='bbox 332 3880 367 3929; x_wconf 89' lang='lat' dir='ltr'>i.</span> <span class='ocrx_word' id='word_1_241' title='bbox 391 3893 440 3928; x_wconf 91' lang='lat' dir='ltr'>e.</span> <span class='ocrx_word' id='word_1_242' title='bbox 462 3877 686 3929; x_wconf 79' lang='lat' dir='ltr'>liberavi</span> <span class='ocrx_word' id='word_1_243' title='bbox 710 3883 766 3925; x_wconf 92' lang='lat' dir='ltr'>et</span> <span class='ocrx_word' id='word_1_244' title='bbox 789 3872 1048 3923; x_wconf 80' lang='lat' dir='ltr'>vindicavi</span> <span class='ocrx_word' id='word_1_245' title='bbox 1093 3879 1144 3922; x_wconf 95' lang='lat' dir='ltr'>te</span> <span class='ocrx_word' id='word_1_246' title='bbox 1170 3886 1199 3920; x_wconf 83' lang='lat' dir='ltr'>a</span> <span class='ocrx_word' id='word_1_247' title='bbox 1221 3872 1399 3920; x_wconf 85' lang='lat' dir='ltr'>solitu·</span> 
     </span>
     <span class='ocr_line' id='line_1_47' title="bbox 331 3949 1399 4016; baseline -0.007 -11"><span class='ocrx_word' id='word_1_248' title='bbox 331 3954 450 4005; x_wconf 80' lang='lat' dir='ltr'>dine</span> <span class='ocrx_word' id='word_1_249' title='bbox 475 3961 531 4005; x_wconf 89' lang='lat' dir='ltr'>et</span> <span class='ocrx_word' id='word_1_250' title='bbox 553 3959 811 4016; x_wconf 80' lang='lat' dir='ltr'>egestate.</span> <span class='ocrx_word' id='word_1_251' title='bbox 879 3950 1175 4000; x_wconf 89' lang='lat' dir='ltr'>Censentur</span> <span class='ocrx_word' id='word_1_252' title='bbox 1199 3963 1321 3998; x_wconf 82' lang='lat' dir='ltr'>vero</span> <span class='ocrx_word' id='word_1_253' title='bbox 1348 3949 1399 3997; x_wconf 93' lang='lat' dir='ltr'>in</span> 
     </span>
     <span class='ocr_line' id='line_1_48' title="bbox 333 4027 1400 4096; baseline -0.01 -13"><span class='ocrx_word' id='word_1_254' title='bbox 333 4033 505 4096; x_wconf 77' lang='lat' dir='ltr'>primo</span> <span class='ocrx_word' id='word_1_255' title='bbox 520 4029 851 4093; x_wconf 84' lang='lat' dir='ltr'>cognationis</span> <span class='ocrx_word' id='word_1_256' title='bbox 875 4027 1058 4090; x_wconf 84' lang='lat' dir='ltr'>gradu.</span> <span class='ocrx_word' id='word_1_257' title='bbox 1092 4032 1260 4089; x_wconf 84' lang='lat' dir='ltr'>pater,</span> <span class='ocrx_word' id='word_1_258' title='bbox 1296 4039 1400 4074; x_wconf 83' lang='lat' dir='ltr'>ma-</span> 
     </span>
     <span class='ocr_line' id='line_1_49' title="bbox 335 4099 1400 4171; baseline -0.01 -11"><span class='ocrx_word' id='word_1_259' title='bbox 335 4117 435 4171; x_wconf 75' lang='lat' dir='ltr'>ter,</span> <span class='ocrx_word' id='word_1_260' title='bbox 458 4106 648 4169; x_wconf 83' lang='lat' dir='ltr'>liberi;</span> <span class='ocrx_word' id='word_1_261' title='bbox 684 4106 737 4154; x_wconf 90' lang='lat' dir='ltr'>in</span> <span class='ocrx_word' id='word_1_262' title='bbox 761 4101 994 4154; x_wconf 82' lang='lat' dir='ltr'>secundo</span> <span class='ocrx_word' id='word_1_263' title='bbox 1018 4100 1200 4165; x_wconf 86' lang='lat' dir='ltr'>gradu,</span> <span class='ocrx_word' id='word_1_264' title='bbox 1215 4099 1400 4158; x_wconf 82' lang='lat' dir='ltr'>frater,</span> 
     </span>
     <span class='ocr_line' id='line_1_50' title="bbox 336 4176 1401 4248; baseline -0.008 -14"><span class='ocrx_word' id='word_1_265' title='bbox 336 4200 496 4248; x_wconf 74' lang='lat' dir='ltr'>soror,</span> <span class='ocrx_word' id='word_1_266' title='bbox 517 4195 665 4236; x_wconf 78' lang='lat' dir='ltr'>avus,</span> <span class='ocrx_word' id='word_1_267' title='bbox 690 4181 824 4240; x_wconf 78' lang='lat' dir='ltr'>avia,</span> <span class='ocrx_word' id='word_1_268' title='bbox 840 4179 1029 4242; x_wconf 87' lang='lat' dir='ltr'>neptis,</span> <span class='ocrx_word' id='word_1_269' title='bbox 1043 4191 1225 4241; x_wconf 89' lang='lat' dir='ltr'>nepos.</span> <span class='ocrx_word' id='word_1_270' title='bbox 1262 4176 1401 4227; x_wconf 85' lang='lat' dir='ltr'>Vide</span> 
     </span>
     <span class='ocr_line' id='line_1_51' title="bbox 339 4253 1402 4320; baseline -0.009 -4"><span class='ocrx_word' id='word_1_271' title='bbox 339 4261 469 4316; x_wconf 79' lang='lat' dir='ltr'>Jatii</span> <span class='ocrx_word' id='word_1_272' title='bbox 496 4258 677 4313; x_wconf 81' lang='lat' dir='ltr'>Paulli</span> <span class='ocrx_word' id='word_1_273' title='bbox 699 4258 945 4310; x_wconf 76' lang='lat' dir='ltr'>sentent.</span> <span class='ocrx_word' id='word_1_274' title='bbox 971 4255 1193 4320; x_wconf 85' lang='lat' dir='ltr'>Recept.</span> <span class='ocrx_word' id='word_1_275' title='bbox 1215 4253 1305 4305; x_wconf 90' lang='lat' dir='ltr'>lib.</span> <span class='ocrx_word' id='word_1_276' title='bbox 1320 4268 1402 4306; x_wconf 80' lang='lat' dir='ltr'>tv.</span> 
     </span>
    </p>
   </div>
   <div class='ocr_carea' id='block_1_3' title="bbox 2384 342 2516 410">
    <p class='ocr_par' dir='ltr' id='par_1_4' title="bbox 2384 342 2516 410">
     <span class='ocr_line' id='line_1_52' title="bbox 2384 342 2516 410; baseline 0.03 -4"><span class='ocrx_word' id='word_1_277' title='bbox 2384 342 2516 410; x_wconf 82' lang='lat'>665</span> 
     </span>
    </p>
   </div>
   <div class='ocr_carea' id='block_1_4' title="bbox 1449 501 2540 4316">
    <p class='ocr_par' dir='ltr' id='par_1_5' title="bbox 1453 501 2220 554">
     <span class='ocr_line' id='line_1_53' title="bbox 1453 501 2220 554; baseline 0.001 -3"><span class='ocrx_word' id='word_1_278' title='bbox 1453 502 1536 552; x_wconf 91' lang='lat' dir='ltr'>tit.</span> <span class='ocrx_word' id='word_1_279' title='bbox 1557 507 1634 552; x_wconf 88' lang='lat' dir='ltr'>ll.</span> <span class='ocrx_word' id='word_1_280' title='bbox 1657 502 1723 551; x_wconf 91' lang='lat' dir='ltr'>de</span> <span class='ocrx_word' id='word_1_281' title='bbox 1748 501 2031 552; x_wconf 82' lang='lat' dir='ltr'>Gradibus.</span> <span class='ocrx_word' id='word_1_282' title='bbox 2067 503 2220 554; x_wconf 84' lang='lat' dir='ltr'>Idem.</span> 
     </span>
    </p>

    <p class='ocr_par' dir='ltr' id='par_1_6' title="bbox 1449 581 2537 3998">
     <span class='ocr_line' id='line_1_54' title="bbox 1515 581 2512 645; baseline 0.001 -15"><span class='ocrx_word' id='word_1_283' title='bbox 1515 582 1716 630; x_wconf 75' lang='lat' dir='ltr'>Exemit</span> <span class='ocrx_word' id='word_1_284' title='bbox 1737 581 1977 645; x_wconf 77' lang='lat' dir='ltr'>cavitque]</span> <span class='ocrx_word' id='word_1_285' title='bbox 2011 581 2120 631; x_wconf 89' lang='lat' dir='ltr'>Sub</span> <span class='ocrx_word' id='word_1_286' title='bbox 2157 581 2308 630; x_wconf 82' lang='lat' dir='ltr'>tinem</span> <span class='ocrx_word' id='word_1_287' title='bbox 2339 582 2512 645; x_wconf 80' lang='lat' dir='ltr'>proxi·</span> 
     </span>
     <span class='ocr_line' id='line_1_55' title="bbox 1450 657 2515 723; baseline 0.002 -17"><span class='ocrx_word' id='word_1_288' title='bbox 1450 658 1520 706; x_wconf 87' lang='lat' dir='ltr'>mi</span> <span class='ocrx_word' id='word_1_289' title='bbox 1544 657 1732 720; x_wconf 88' lang='lat' dir='ltr'>capitis</span> <span class='ocrx_word' id='word_1_290' title='bbox 1756 657 2120 721; x_wconf 81' lang='lat' dir='ltr'>alloquebatur</span> <span class='ocrx_word' id='word_1_291' title='bbox 2151 658 2354 708; x_wconf 82' lang='lat' dir='ltr'>Plinius</span> <span class='ocrx_word' id='word_1_292' title='bbox 2381 673 2515 723; x_wconf 78' lang='lat' dir='ltr'>prte-</span> 
     </span>
     <span class='ocr_line' id='line_1_56' title="bbox 1449 733 2516 797; baseline 0.003 -15"><span class='ocrx_word' id='word_1_293' title='bbox 1449 741 1648 782; x_wconf 86' lang='lat' dir='ltr'>sentem</span> <span class='ocrx_word' id='word_1_294' title='bbox 1673 733 1984 797; x_wconf 83' lang='lat' dir='ltr'>Trajanum:</span> <span class='ocrx_word' id='word_1_295' title='bbox 2019 740 2032 761; x_wconf 79' lang='lat'><strong><em>⁴</em></strong></span> <span class='ocrx_word' id='word_1_296' title='bbox 2052 734 2128 782; x_wconf 86' lang='lat' dir='ltr'>Tu</span> <span class='ocrx_word' id='word_1_297' title='bbox 2151 735 2374 797; x_wconf 83' lang='lat' dir='ltr'>quidem,</span> <span class='ocrx_word' id='word_1_298' title='bbox 2399 735 2516 784; x_wconf 74' lang='lat' dir='ltr'>Cte-</span> 
     </span>
     <span class='ocr_line' id='line_1_57' title="bbox 1449 809 2519 871; baseline 0.003 -13"><span class='ocrx_word' id='word_1_299' title='bbox 1449 824 1553 865; x_wconf 85' lang='lat' dir='ltr'>sar,</span> <span class='ocrx_word' id='word_1_300' title='bbox 1609 811 1751 859; x_wconf 91' lang='lat' dir='ltr'>illam</span> <span class='ocrx_word' id='word_1_301' title='bbox 1808 809 2175 871; x_wconf 81' lang='lat' dir='ltr'>exceptionem</span> <span class='ocrx_word' id='word_1_302' title='bbox 2213 809 2519 862; x_wconf 64' lang='lat' dir='ltr'>removisti!</span> 
     </span>
     <span class='ocr_line' id='line_1_58' title="bbox 1452 886 2515 950; baseline -0.001 -14"><span class='ocrx_word' id='word_1_303' title='bbox 1452 886 1608 936; x_wconf 84' lang='lat' dir='ltr'>Nunc</span> <span class='ocrx_word' id='word_1_304' title='bbox 1635 894 1883 950; x_wconf 88' lang='lat' dir='ltr'>tanquam</span> <span class='ocrx_word' id='word_1_305' title='bbox 1926 886 1990 933; x_wconf 88' lang='lat' dir='ltr'>de</span> <span class='ocrx_word' id='word_1_306' title='bbox 2025 886 2244 934; x_wconf 76' lang='lat' dir='ltr'>absente</span> <span class='ocrx_word' id='word_1_307' title='bbox 2284 887 2515 950; x_wconf 88' lang='lat' dir='ltr'>loquitur</span> 
     </span>
     <span class='ocr_line' id='line_1_59' title="bbox 1451 963 2513 1026; baseline 0.002 -15"><span class='ocrx_word' id='word_1_308' title='bbox 1451 963 1503 1011; x_wconf 89' lang='lat' dir='ltr'>in</span> <span class='ocrx_word' id='word_1_309' title='bbox 1549 977 1768 1025; x_wconf 88' lang='lat' dir='ltr'>persona</span> <span class='ocrx_word' id='word_1_310' title='bbox 1817 963 1991 1012; x_wconf 84' lang='lat' dir='ltr'>tertia.</span> <span class='ocrx_word' id='word_1_311' title='bbox 2074 963 2337 1026; x_wconf 85' lang='lat' dir='ltr'>Suspicor,</span> <span class='ocrx_word' id='word_1_312' title='bbox 2377 964 2513 1013; x_wconf 83' lang='lat' dir='ltr'>illam</span> 
     </span>
     <span class='ocr_line' id='line_1_60' title="bbox 1452 1039 2516 1103; baseline 0.002 -16"><span class='ocrx_word' id='word_1_313' title='bbox 1452 1053 1687 1103; x_wconf 64' lang='lat' dir='ltr'>persone</span> <span class='ocrx_word' id='word_1_314' title='bbox 1713 1040 2075 1100; x_wconf 77' lang='lat' dir='ltr'>mutationem,</span> <span class='ocrx_word' id='word_1_315' title='bbox 2098 1054 2214 1103; x_wconf 82' lang='lat' dir='ltr'>quae</span> <span class='ocrx_word' id='word_1_316' title='bbox 2240 1039 2516 1102; x_wconf 86' lang='lat' dir='ltr'>aliquoties</span> 
     </span>
     <span class='ocr_line' id='line_1_61' title="bbox 1453 1116 2518 1181; baseline 0 -17"><span class='ocrx_word' id='word_1_317' title='bbox 1453 1116 1504 1165; x_wconf 88' lang='lat' dir='ltr'>in</span> <span class='ocrx_word' id='word_1_318' title='bbox 1541 1117 1636 1166; x_wconf 88' lang='lat' dir='ltr'>hoc</span> <span class='ocrx_word' id='word_1_319' title='bbox 1682 1116 2013 1181; x_wconf 81' lang='lat' dir='ltr'>Panegyrico</span> <span class='ocrx_word' id='word_1_320' title='bbox 2049 1117 2292 1172; x_wconf 87' lang='lat' dir='ltr'>occurrit,</span> <span class='ocrx_word' id='word_1_321' title='bbox 2330 1116 2518 1165; x_wconf 88' lang='lat' dir='ltr'>identi-</span> 
     </span>
     <span class='ocr_line' id='line_1_62' title="bbox 1453 1191 2518 1258; baseline 0 -16"><span class='ocrx_word' id='word_1_322' title='bbox 1453 1193 1569 1243; x_wconf 91' lang='lat' dir='ltr'>dem</span> <span class='ocrx_word' id='word_1_323' title='bbox 1595 1192 1887 1258; x_wconf 78' lang='lat' dir='ltr'>prot&#39;ectam</span> <span class='ocrx_word' id='word_1_324' title='bbox 1914 1208 2027 1242; x_wconf 84' lang='lat' dir='ltr'>esse</span> <span class='ocrx_word' id='word_1_325' title='bbox 2044 1210 2075 1241; x_wconf 87' lang='lat' dir='ltr'>a</span> <span class='ocrx_word' id='word_1_326' title='bbox 2095 1193 2250 1242; x_wconf 84' lang='lat' dir='ltr'>Plinii</span> <span class='ocrx_word' id='word_1_327' title='bbox 2276 1191 2518 1257; x_wconf 78' lang='lat' dir='ltr'>frequen-</span> 
     </span>
     <span class='ocr_line' id='line_1_63' title="bbox 1454 1268 2516 1329; baseline -0.002 -10"><span class='ocrx_word' id='word_1_328' title='bbox 1454 1271 1494 1319; x_wconf 84' lang='lat' dir='ltr'>ti</span> <span class='ocrx_word' id='word_1_329' title='bbox 1538 1268 1900 1318; x_wconf 87' lang='lat' dir='ltr'>emendatione</span> <span class='ocrx_word' id='word_1_330' title='bbox 1938 1268 2185 1318; x_wconf 80' lang='lat' dir='ltr'>orationis</span> <span class='ocrx_word' id='word_1_331' title='bbox 2221 1284 2357 1329; x_wconf 69' lang='lat' dir='ltr'>suaeg</span> <span class='ocrx_word' id='word_1_332' title='bbox 2394 1269 2516 1317; x_wconf 90' lang='lat' dir='ltr'>dum</span> 
     </span>
     <span class='ocr_line' id='line_1_64' title="bbox 1453 1344 2518 1408; baseline -0.001 -14"><span class='ocrx_word' id='word_1_333' title='bbox 1453 1345 1606 1394; x_wconf 86' lang='lat' dir='ltr'>modo</span> <span class='ocrx_word' id='word_1_334' title='bbox 1631 1359 1694 1394; x_wconf 84' lang='lat' dir='ltr'>ex</span> <span class='ocrx_word' id='word_1_335' title='bbox 1719 1360 1810 1393; x_wconf 89' lang='lat' dir='ltr'>suo</span> <span class='ocrx_word' id='word_1_336' title='bbox 1834 1346 2062 1408; x_wconf 89' lang='lat' dir='ltr'>ingenio,</span> <span class='ocrx_word' id='word_1_337' title='bbox 2080 1344 2229 1393; x_wconf 92' lang='lat' dir='ltr'>modo</span> <span class='ocrx_word' id='word_1_338' title='bbox 2253 1360 2317 1393; x_wconf 85' lang='lat' dir='ltr'>ex</span> <span class='ocrx_word' id='word_1_339' title='bbox 2342 1344 2518 1393; x_wconf 84' lang='lat' dir='ltr'>admo·</span> 
     </span>
     <span class='ocr_line' id='line_1_65' title="bbox 1454 1421 2516 1484; baseline 0.001 -14"><span class='ocrx_word' id='word_1_340' title='bbox 1454 1421 1654 1470; x_wconf 84' lang='lat' dir='ltr'>uitione</span> <span class='ocrx_word' id='word_1_341' title='bbox 1694 1422 1993 1482; x_wconf 85' lang='lat' dir='ltr'>amicorum,</span> <span class='ocrx_word' id='word_1_342' title='bbox 2049 1421 2346 1484; x_wconf 78' lang='lat' dir='ltr'>quibuscum</span> <span class='ocrx_word' id='word_1_343' title='bbox 2401 1436 2516 1471; x_wconf 86' lang='lat' dir='ltr'>eam</span> 
     </span>
     <span class='ocr_line' id='line_1_66' title="bbox 1455 1497 2519 1559; baseline 0 -15"><span class='ocrx_word' id='word_1_344' title='bbox 1455 1497 1618 1559; x_wconf 84' lang='lat' dir='ltr'>ipsam</span> <span class='ocrx_word' id='word_1_345' title='bbox 1640 1497 1928 1545; x_wconf 87' lang='lat' dir='ltr'>orationem</span> <span class='ocrx_word' id='word_1_346' title='bbox 1947 1504 2066 1544; x_wconf 84' lang='lat' dir='ltr'>ante</span> <span class='ocrx_word' id='word_1_347' title='bbox 2085 1497 2363 1544; x_wconf 83' lang='lat' dir='ltr'>editionem</span> <span class='ocrx_word' id='word_1_348' title='bbox 2379 1511 2519 1544; x_wconf 86' lang='lat' dir='ltr'>com·</span> 
     </span>
     <span class='ocr_line' id='line_1_67' title="bbox 1454 1571 2518 1636; baseline 0.002 -17"><span class='ocrx_word' id='word_1_349' title='bbox 1454 1571 1831 1633; x_wconf 83' lang='lat' dir='ltr'>municaverat,</span> <span class='ocrx_word' id='word_1_350' title='bbox 1853 1572 2085 1636; x_wconf 78' lang='lat' dir='ltr'>quaedam</span> <span class='ocrx_word' id='word_1_351' title='bbox 2124 1572 2356 1626; x_wconf 88' lang='lat' dir='ltr'>inseruit,</span> <span class='ocrx_word' id='word_1_352' title='bbox 2381 1587 2518 1636; x_wconf 83' lang='lat' dir='ltr'>quae·</span> 
     </span>
     <span class='ocr_line' id='line_1_68' title="bbox 1456 1645 2520 1712; baseline 0.003 -18"><span class='ocrx_word' id='word_1_353' title='bbox 1456 1645 1575 1695; x_wconf 85' lang='lat' dir='ltr'>dant</span> <span class='ocrx_word' id='word_1_354' title='bbox 1601 1647 1808 1703; x_wconf 79' lang='lat' dir='ltr'>dermit,</span> <span class='ocrx_word' id='word_1_355' title='bbox 1828 1648 2085 1712; x_wconf 79' lang='lat' dir='ltr'>aliterque</span> <span class='ocrx_word' id='word_1_356' title='bbox 2104 1650 2346 1698; x_wconf 85' lang='lat' dir='ltr'>mutavit.</span> <span class='ocrx_word' id='word_1_357' title='bbox 2394 1649 2520 1698; x_wconf 90' lang='lat' dir='ltr'>Cer-</span> 
     </span>
     <span class='ocr_line' id='line_1_69' title="bbox 1458 1723 2520 1789; baseline 0.003 -18"><span class='ocrx_word' id='word_1_358' title='bbox 1458 1730 1527 1780; x_wconf 86' lang='lat' dir='ltr'>te,</span> <span class='ocrx_word' id='word_1_359' title='bbox 1564 1725 1606 1772; x_wconf 90' lang='lat' dir='ltr'>si</span> <span class='ocrx_word' id='word_1_360' title='bbox 1643 1725 1758 1789; x_wconf 89' lang='lat' dir='ltr'>quis</span> <span class='ocrx_word' id='word_1_361' title='bbox 1792 1723 2072 1788; x_wconf 80' lang='lat' dir='ltr'>diligenter</span> <span class='ocrx_word' id='word_1_362' title='bbox 2106 1725 2349 1774; x_wconf 84' lang='lat' dir='ltr'>attendat</span> <span class='ocrx_word' id='word_1_363' title='bbox 2384 1726 2520 1774; x_wconf 89' lang='lat' dir='ltr'>inter</span> 
     </span>
     <span class='ocr_line' id='line_1_70' title="bbox 1459 1801 2519 1864; baseline 0.003 -16"><span class='ocrx_word' id='word_1_364' title='bbox 1459 1801 1751 1864; x_wconf 86' lang='lat' dir='ltr'>legendum,</span> <span class='ocrx_word' id='word_1_365' title='bbox 1774 1815 1873 1850; x_wconf 91' lang='lat' dir='ltr'>nou</span> <span class='ocrx_word' id='word_1_366' title='bbox 1895 1802 2114 1851; x_wconf 86' lang='lat' dir='ltr'>obscura</span> <span class='ocrx_word' id='word_1_367' title='bbox 2139 1802 2519 1851; x_wconf 87' lang='lat' dir='ltr'>sententiarum</span> 
     </span>
     <span class='ocr_line' id='line_1_71' title="bbox 1457 1877 2524 1942; baseline 0.003 -18"><span class='ocrx_word' id='word_1_368' title='bbox 1457 1878 1777 1940; x_wconf 86' lang='lat' dir='ltr'>quarundam</span> <span class='ocrx_word' id='word_1_369' title='bbox 1801 1877 1945 1942; x_wconf 85' lang='lat' dir='ltr'>quasi</span> <span class='ocrx_word' id='word_1_370' title='bbox 1964 1878 2279 1941; x_wconf 85' lang='lat' dir='ltr'>postliminio</span> <span class='ocrx_word' id='word_1_371' title='bbox 2297 1880 2524 1927; x_wconf 83' lang='lat' dir='ltr'>interca·</span> 
     </span>
     <span class='ocr_line' id='line_1_72' title="bbox 1460 1955 2520 2018; baseline 0.003 -16"><span class='ocrx_word' id='word_1_372' title='bbox 1460 1955 1681 2004; x_wconf 86' lang='lat' dir='ltr'>latarum</span> <span class='ocrx_word' id='word_1_373' title='bbox 1722 1955 1942 2016; x_wconf 74' lang='lat' dir='ltr'>vestigia</span> <span class='ocrx_word' id='word_1_374' title='bbox 1981 1955 2357 2018; x_wconf 86' lang='lat' dir='ltr'>deprehendet.</span> <span class='ocrx_word' id='word_1_375' title='bbox 2424 1956 2520 2005; x_wconf 87' lang='lat' dir='ltr'>Ce-</span> 
     </span>
     <span class='ocr_line' id='line_1_73' title="bbox 1463 2030 2521 2095; baseline 0 -14"><span class='ocrx_word' id='word_1_376' title='bbox 1463 2039 1657 2093; x_wconf 89' lang='lat' dir='ltr'>terum,</span> <span class='ocrx_word' id='word_1_377' title='bbox 1688 2030 1944 2079; x_wconf 87' lang='lat' dir='ltr'>notandus</span> <span class='ocrx_word' id='word_1_378' title='bbox 1979 2031 2063 2080; x_wconf 87' lang='lat' dir='ltr'>hic</span> <span class='ocrx_word' id='word_1_379' title='bbox 2088 2040 2168 2081; x_wconf 84' lang='lat' dir='ltr'>est</span> <span class='ocrx_word' id='word_1_380' title='bbox 2205 2047 2324 2081; x_wconf 85' lang='lat' dir='ltr'>usus</span> <span class='ocrx_word' id='word_1_381' title='bbox 2347 2031 2521 2095; x_wconf 85' lang='lat' dir='ltr'>singu·</span> 
     </span>
     <span class='ocr_line' id='line_1_74' title="bbox 1462 2106 2523 2172; baseline -0.002 -13"><span class='ocrx_word' id='word_1_382' title='bbox 1462 2107 1587 2159; x_wconf 86' lang='lat' dir='ltr'>laris</span> <span class='ocrx_word' id='word_1_383' title='bbox 1613 2107 1760 2155; x_wconf 83' lang='lat' dir='ltr'>verbi</span> <span class='ocrx_word' id='word_1_384' title='bbox 1790 2106 2048 2170; x_wconf 80' lang='lat' dir='ltr'>‘cavere,’</span> <span class='ocrx_word' id='word_1_385' title='bbox 2078 2108 2198 2156; x_wconf 91' lang='lat' dir='ltr'>dum</span> <span class='ocrx_word' id='word_1_386' title='bbox 2218 2123 2333 2158; x_wconf 91' lang='lat' dir='ltr'>cum</span> <span class='ocrx_word' id='word_1_387' title='bbox 2361 2111 2523 2172; x_wconf 85' lang='lat' dir='ltr'>parti-</span> 
     </span>
     <span class='ocr_line' id='line_1_75' title="bbox 1463 2183 2523 2240; baseline 0 -6"><span class='ocrx_word' id='word_1_388' title='bbox 1463 2185 1581 2234; x_wconf 85' lang='lat' dir='ltr'>cula</span> <span class='ocrx_word' id='word_1_389' title='bbox 1624 2190 1678 2233; x_wconf 75' lang='lat' dir='ltr'>ul</span> <span class='ocrx_word' id='word_1_390' title='bbox 1716 2191 2087 2240; x_wconf 86' lang='lat' dir='ltr'>constructum,</span> <span class='ocrx_word' id='word_1_391' title='bbox 2125 2184 2316 2234; x_wconf 85' lang='lat' dir='ltr'>dicitur</span> <span class='ocrx_word' id='word_1_392' title='bbox 2355 2183 2422 2234; x_wconf 87' lang='lat' dir='ltr'>de</span> <span class='ocrx_word' id='word_1_393' title='bbox 2462 2185 2523 2234; x_wconf 90' lang='lat' dir='ltr'>iis</span> 
     </span>
     <span class='ocr_line' id='line_1_76' title="bbox 1463 2261 2522 2326; baseline -0.002 -14"><span class='ocrx_word' id='word_1_394' title='bbox 1463 2263 1551 2326; x_wconf 90' lang='lat' dir='ltr'>qui</span> <span class='ocrx_word' id='word_1_395' title='bbox 1592 2263 1676 2309; x_wconf 82' lang='lat' dir='ltr'>vel</span> <span class='ocrx_word' id='word_1_396' title='bbox 1718 2263 1833 2325; x_wconf 87' lang='lat' dir='ltr'>lege</span> <span class='ocrx_word' id='word_1_397' title='bbox 1858 2262 1941 2309; x_wconf 82' lang='lat' dir='ltr'>vel</span> <span class='ocrx_word' id='word_1_398' title='bbox 1975 2266 2291 2310; x_wconf 86' lang='lat' dir='ltr'>testamento</span> <span class='ocrx_word' id='word_1_399' title='bbox 2328 2261 2522 2325; x_wconf 83' lang='lat' dir='ltr'>aliquid</span> 
     </span>
     <span class='ocr_line' id='line_1_77' title="bbox 1464 2337 2522 2389; baseline -0.003 -1"><span class='ocrx_word' id='word_1_400' title='bbox 1464 2339 1788 2389; x_wconf 86' lang='lat' dir='ltr'>constituunt</span> <span class='ocrx_word' id='word_1_401' title='bbox 1826 2351 1887 2386; x_wconf 85' lang='lat' dir='ltr'>ac</span> <span class='ocrx_word' id='word_1_402' title='bbox 1930 2337 2189 2386; x_wconf 83' lang='lat' dir='ltr'>sanciunt.</span> <span class='ocrx_word' id='word_1_403' title='bbox 2273 2337 2357 2385; x_wconf 86' lang='lat' dir='ltr'>Sic</span> <span class='ocrx_word' id='word_1_404' title='bbox 2402 2351 2522 2385; x_wconf 83' lang='lat' dir='ltr'>usus</span> 
     </span>
     <span class='ocr_line' id='line_1_78' title="bbox 1464 2411 2525 2469; baseline -0.003 -5"><span class='ocrx_word' id='word_1_405' title='bbox 1464 2422 1546 2465; x_wconf 81' lang='lat' dir='ltr'>est</span> <span class='ocrx_word' id='word_1_406' title='bbox 1571 2415 1669 2465; x_wconf 80' lang='lat' dir='ltr'>hoc</span> <span class='ocrx_word' id='word_1_407' title='bbox 1696 2413 1853 2463; x_wconf 84' lang='lat' dir='ltr'>verbo</span> <span class='ocrx_word' id='word_1_408' title='bbox 1876 2414 2075 2469; x_wconf 85' lang='lat' dir='ltr'>Cicero,</span> <span class='ocrx_word' id='word_1_409' title='bbox 2113 2427 2228 2462; x_wconf 89' lang='lat' dir='ltr'>cum</span> <span class='ocrx_word' id='word_1_410' title='bbox 2269 2411 2332 2461; x_wconf 89' lang='lat' dir='ltr'>de</span> <span class='ocrx_word' id='word_1_411' title='bbox 2371 2420 2525 2463; x_wconf 84' lang='lat' dir='ltr'>testa·</span> 
     </span>
     <span class='ocr_line' id='line_1_79' title="bbox 1464 2490 2527 2555; baseline -0.001 -15"><span class='ocrx_word' id='word_1_412' title='bbox 1464 2498 1639 2541; x_wconf 85' lang='lat' dir='ltr'>mento</span> <span class='ocrx_word' id='word_1_413' title='bbox 1665 2491 1877 2555; x_wconf 88' lang='lat' dir='ltr'>Epicuri</span> <span class='ocrx_word' id='word_1_414' title='bbox 1901 2492 2216 2554; x_wconf 80' lang='lat' dir='ltr'>loqueretur,</span> <span class='ocrx_word' id='word_1_415' title='bbox 2233 2490 2346 2538; x_wconf 87' lang='lat' dir='ltr'>Fin.</span> <span class='ocrx_word' id='word_1_416' title='bbox 2365 2502 2429 2539; x_wconf 80' lang='grc' dir='ltr'>ιι.</span> <span class='ocrx_word' id='word_1_417' title='bbox 2444 2493 2527 2539; x_wconf 74' lang='grc'><strong>81.</strong></span> 
     </span>
     <span class='ocr_line' id='line_1_80' title="bbox 1459 2569 2527 2632; baseline -0.001 -15"><span class='ocrx_word' id='word_1_418' title='bbox 1459 2571 1475 2599; x_wconf 76' lang='lat'>⁸</span> <span class='ocrx_word' id='word_1_419' title='bbox 1502 2569 1759 2632; x_wconf 73' lang='lat' dir='ltr'>Epicurus</span> <span class='ocrx_word' id='word_1_420' title='bbox 1784 2600 1798 2615; x_wconf 93' lang='lat'>.</span> <span class='ocrx_word' id='word_1_421' title='bbox 1821 2603 1837 2618; x_wconf 94' lang='lat'>.</span> <span class='ocrx_word' id='word_1_422' title='bbox 1861 2601 1873 2616; x_wconf 92' lang='lat'>.</span> <span class='ocrx_word' id='word_1_423' title='bbox 1897 2574 2002 2616; x_wconf 87' lang='lat' dir='ltr'>tam</span> <span class='ocrx_word' id='word_1_424' title='bbox 2033 2574 2276 2615; x_wconf 82' lang='lat' dir='ltr'>accurate</span> <span class='ocrx_word' id='word_1_425' title='bbox 2315 2574 2527 2630; x_wconf 84' lang='lat' dir='ltr'>tamque</span> 
     </span>
     <span class='ocr_line' id='line_1_81' title="bbox 1467 2641 2525 2709; baseline -0.007 -13"><span class='ocrx_word' id='word_1_426' title='bbox 1467 2647 1752 2709; x_wconf 82' lang='lat' dir='ltr'>diiigenter</span> <span class='ocrx_word' id='word_1_427' title='bbox 1783 2651 1934 2693; x_wconf 84' lang='lat' dir='ltr'>cavet</span> <span class='ocrx_word' id='word_1_428' title='bbox 1964 2650 2021 2693; x_wconf 89' lang='lat' dir='ltr'>et</span> <span class='ocrx_word' id='word_1_429' title='bbox 2043 2643 2226 2705; x_wconf 83' lang='lat' dir='ltr'>sancit,</span> <span class='ocrx_word' id='word_1_430' title='bbox 2263 2649 2323 2692; x_wconf 89' lang='lat' dir='ltr'>ut</span> <span class='ocrx_word' id='word_1_431' title='bbox 2367 2641 2525 2706; x_wconf 83' lang='lat' dir='ltr'>Amy-</span> 
     </span>
     <span class='ocr_line' id='line_1_82' title="bbox 1466 2719 2527 2782; baseline -0.007 -9"><span class='ocrx_word' id='word_1_432' title='bbox 1466 2723 1743 2774; x_wconf 83' lang='lat' dir='ltr'>nomachus</span> <span class='ocrx_word' id='word_1_433' title='bbox 1767 2730 1823 2771; x_wconf 87' lang='lat' dir='ltr'>et</span> <span class='ocrx_word' id='word_1_434' title='bbox 1838 2719 2403 2782; x_wconf 81' lang='lat' dir='ltr'>Timocrates‚heredes</span> <span class='ocrx_word' id='word_1_435' title='bbox 2428 2720 2527 2777; x_wconf 85' lang='lat' dir='ltr'>sui,</span> 
     </span>
     <span class='ocr_line' id='line_1_83' title="bbox 1466 2796 2525 2859; baseline -0.004 -10"><span class='ocrx_word' id='word_1_436' title='bbox 1466 2800 1533 2850; x_wconf 90' lang='lat' dir='ltr'>de</span> <span class='ocrx_word' id='word_1_437' title='bbox 1573 2799 1854 2851; x_wconf 80' lang='lat' dir='ltr'>Hermachi</span> <span class='ocrx_word' id='word_1_438' title='bbox 1900 2799 2166 2848; x_wconf 87' lang='lat' dir='ltr'>sententia</span> <span class='ocrx_word' id='word_1_439' title='bbox 2207 2796 2352 2859; x_wconf 88' lang='lat' dir='ltr'>dent,</span> <span class='ocrx_word' id='word_1_440' title='bbox 2387 2796 2525 2859; x_wconf 86' lang='lat' dir='ltr'>quod</span> 
     </span>
     <span class='ocr_line' id='line_1_84' title="bbox 1466 2872 2527 2936; baseline -0.008 -8"><span class='ocrx_word' id='word_1_441' title='bbox 1466 2879 1594 2928; x_wconf 81' lang='lat' dir='ltr'>satis</span> <span class='ocrx_word' id='word_1_442' title='bbox 1623 2878 1710 2933; x_wconf 86' lang='lat' dir='ltr'>sit,</span> <span class='ocrx_word' id='word_1_443' title='bbox 1747 2876 1809 2925; x_wconf 84' lang='lat' dir='ltr'>ad</span> <span class='ocrx_word' id='word_1_444' title='bbox 1845 2875 1982 2925; x_wconf 89' lang='lat' dir='ltr'>diem</span> <span class='ocrx_word' id='word_1_445' title='bbox 2019 2873 2274 2936; x_wconf 84' lang='lat' dir='ltr'>agendum</span> <span class='ocrx_word' id='word_1_446' title='bbox 2302 2872 2527 2920; x_wconf 87' lang='lat' dir='ltr'>natalem</span> 
     </span>
     <span class='ocr_line' id='line_1_85' title="bbox 1466 2947 2530 3017; baseline -0.005 -13"><span class='ocrx_word' id='word_1_447' title='bbox 1466 2970 1611 3005; x_wconf 90' lang='lat' dir='ltr'>suum</span> <span class='ocrx_word' id='word_1_448' title='bbox 1634 2951 1947 3017; x_wconf 84' lang='lat' dir='ltr'>quotannis.’</span> <span class='ocrx_word' id='word_1_449' title='bbox 2016 2951 2226 2999; x_wconf 88' lang='lat' dir='ltr'>Sueton.</span> <span class='ocrx_word' id='word_1_450' title='bbox 2259 2947 2457 2997; x_wconf 88' lang='lat' dir='ltr'>Domit.</span> <span class='ocrx_word' id='word_1_451' title='bbox 2480 2962 2530 2999; x_wconf 86' lang='lat' dir='ltr'>c.</span> 
     </span>
     <span class='ocr_line' id='line_1_86' title="bbox 1466 3027 2531 3093; baseline -0.008 -12"><span class='ocrx_word' id='word_1_452' title='bbox 1466 3036 1516 3081; x_wconf 83' lang='lat'>9.</span> <span class='ocrx_word' id='word_1_453' title='bbox 1566 3032 1850 3093; x_wconf 78' lang='lat' dir='ltr'>‘Legatum</span> <span class='ocrx_word' id='word_1_454' title='bbox 1887 3027 2043 3077; x_wconf 87' lang='lat' dir='ltr'>etiam</span> <span class='ocrx_word' id='word_1_455' title='bbox 2100 3041 2165 3074; x_wconf 85' lang='lat' dir='ltr'>ex</span> <span class='ocrx_word' id='word_1_456' title='bbox 2214 3030 2531 3074; x_wconf 87' lang='lat' dir='ltr'>testamento</span> 
     </span>
     <span class='ocr_line' id='line_1_87' title="bbox 1469 3105 2528 3170; baseline -0.01 -11"><span class='ocrx_word' id='word_1_457' title='bbox 1469 3109 1624 3159; x_wconf 87' lang='lat' dir='ltr'>Rusci</span> <span class='ocrx_word' id='word_1_458' title='bbox 1645 3105 1926 3170; x_wconf 84' lang='lat' dir='ltr'>Caepionis,</span> <span class='ocrx_word' id='word_1_459' title='bbox 1943 3105 2028 3168; x_wconf 92' lang='lat' dir='ltr'>qui</span> <span class='ocrx_word' id='word_1_460' title='bbox 2047 3109 2282 3163; x_wconf 83' lang='lat' dir='ltr'>caverat,</span> <span class='ocrx_word' id='word_1_461' title='bbox 2297 3107 2356 3149; x_wconf 89' lang='lat' dir='ltr'>ut</span> <span class='ocrx_word' id='word_1_462' title='bbox 2376 3107 2528 3164; x_wconf 89' lang='lat' dir='ltr'>quot-</span> 
     </span>
     <span class='ocr_line' id='line_1_88' title="bbox 1471 3179 2530 3245; baseline -0.007 -11"><span class='ocrx_word' id='word_1_463' title='bbox 1471 3185 1641 3241; x_wconf 85' lang='lat' dir='ltr'>annis,</span> <span class='ocrx_word' id='word_1_464' title='bbox 1673 3180 2080 3245; x_wconf 82' lang='lat' dir='ltr'>ingredientibus</span> <span class='ocrx_word' id='word_1_465' title='bbox 2102 3179 2298 3229; x_wconf 90' lang='lat' dir='ltr'>curiam</span> <span class='ocrx_word' id='word_1_466' title='bbox 2323 3184 2530 3227; x_wconf 86' lang='lat' dir='ltr'>senato-</span> 
     </span>
     <span class='ocr_line' id='line_1_89' title="bbox 1473 3254 2532 3318; baseline -0.007 -8"><span class='ocrx_word' id='word_1_467' title='bbox 1473 3263 1632 3316; x_wconf 88' lang='lat' dir='ltr'>ribus,</span> <span class='ocrx_word' id='word_1_468' title='bbox 1660 3267 1853 3308; x_wconf 88' lang='lat' dir='ltr'>certam</span> <span class='ocrx_word' id='word_1_469' title='bbox 1885 3271 2132 3305; x_wconf 80' lang='lat' dir='ltr'>summam</span> <span class='ocrx_word' id='word_1_470' title='bbox 2164 3254 2355 3304; x_wconf 84' lang='lat' dir='ltr'>viritim</span> <span class='ocrx_word' id='word_1_471' title='bbox 2396 3269 2532 3318; x_wconf 71' lang='lat' dir='ltr'>prm-</span> 
     </span>
     <span class='ocr_line' id='line_1_90' title="bbox 1471 3329 2532 3388; baseline -0.008 -1"><span class='ocrx_word' id='word_1_472' title='bbox 1471 3344 1636 3388; x_wconf 85' lang='lat' dir='ltr'>staret</span> <span class='ocrx_word' id='word_1_473' title='bbox 1659 3337 1809 3383; x_wconf 87' lang='lat' dir='ltr'>heres</span> <span class='ocrx_word' id='word_1_474' title='bbox 1826 3347 1964 3386; x_wconf 83' lang='lat' dir='ltr'>suus,</span> <span class='ocrx_word' id='word_1_475' title='bbox 1983 3333 2186 3381; x_wconf 87' lang='lat' dir='ltr'>irritum</span> <span class='ocrx_word' id='word_1_476' title='bbox 2206 3329 2367 3380; x_wconf 77' lang='lat' dir='ltr'>fecit-⁸</span> <span class='ocrx_word' id='word_1_477' title='bbox 2400 3330 2532 3380; x_wconf 86' lang='lat' dir='ltr'>Cur-</span> 
     </span>
     <span class='ocr_line' id='line_1_91' title="bbox 1474 3406 2529 3470; baseline -0.008 -8"><span class='ocrx_word' id='word_1_478' title='bbox 1474 3414 1576 3464; x_wconf 86' lang='lat' dir='ltr'>tius</span> <span class='ocrx_word' id='word_1_479' title='bbox 1615 3425 1695 3459; x_wconf 82' lang='lat' dir='ltr'>vr.</span> <span class='ocrx_word' id='word_1_480' title='bbox 1730 3414 1812 3458; x_wconf 85' lang='lat'>11.</span> <span class='ocrx_word' id='word_1_481' title='bbox 1849 3413 1931 3458; x_wconf 79' lang='lat'>20.</span> <span class='ocrx_word' id='word_1_482' title='bbox 1964 3409 1980 3437; x_wconf 89' lang='lat'>‘</span> <span class='ocrx_word' id='word_1_483' title='bbox 2007 3409 2146 3470; x_wconf 88' lang='lat' dir='ltr'>Lege</span> <span class='ocrx_word' id='word_1_484' title='bbox 2183 3406 2529 3455; x_wconf 82' lang='lat' dir='ltr'>Macedonum</span> 
     </span>
     <span class='ocr_line' id='line_1_92' title="bbox 1472 3480 2531 3551; baseline -0.008 -12"><span class='ocrx_word' id='word_1_485' title='bbox 1472 3497 1680 3539; x_wconf 87' lang='lat' dir='ltr'>cautum</span> <span class='ocrx_word' id='word_1_486' title='bbox 1704 3486 1767 3551; x_wconf 89' lang='lat' dir='ltr'>(i.</span> <span class='ocrx_word' id='word_1_487' title='bbox 1789 3499 1837 3534; x_wconf 89' lang='lat' dir='ltr'>e.</span> <span class='ocrx_word' id='word_1_488' title='bbox 1862 3480 2136 3545; x_wconf 82' lang='lat' dir='ltr'>sancitum)</span> <span class='ocrx_word' id='word_1_489' title='bbox 2152 3489 2285 3541; x_wconf 86' lang='lat' dir='ltr'>erat,</span> <span class='ocrx_word' id='word_1_490' title='bbox 2320 3488 2376 3529; x_wconf 85' lang='lat' dir='ltr'>ut</span> <span class='ocrx_word' id='word_1_491' title='bbox 2411 3495 2531 3545; x_wconf 87' lang='lat' dir='ltr'>pro-</span> 
     </span>
     <span class='ocr_line' id='line_1_93' title="bbox 1471 3557 2535 3629; baseline -0.008 -16"><span class='ocrx_word' id='word_1_492' title='bbox 1471 3566 1649 3629; x_wconf 89' lang='lat' dir='ltr'>pinqui</span> <span class='ocrx_word' id='word_1_493' title='bbox 1668 3576 1845 3613; x_wconf 89' lang='lat' dir='ltr'>eorum</span> <span class='ocrx_word' id='word_1_494' title='bbox 1875 3560 1960 3625; x_wconf 88' lang='lat' dir='ltr'>qui</span> <span class='ocrx_word' id='word_1_495' title='bbox 1987 3559 2096 3621; x_wconf 84' lang='lat' dir='ltr'>regi</span> <span class='ocrx_word' id='word_1_496' title='bbox 2125 3557 2535 3614; x_wconf 85' lang='lat' dir='ltr'>insidiatieraut‚</span> 
     </span>
     <span class='ocr_line' id='line_1_94' title="bbox 1473 3634 2535 3705; baseline -0.009 -14"><span class='ocrx_word' id='word_1_497' title='bbox 1473 3657 1588 3691; x_wconf 86' lang='lat' dir='ltr'>cnm</span> <span class='ocrx_word' id='word_1_498' title='bbox 1633 3641 1757 3705; x_wconf 84' lang='lat' dir='ltr'>ipsis</span> <span class='ocrx_word' id='word_1_499' title='bbox 1793 3634 2143 3688; x_wconf 63' lang='lat' dir='ltr'>necarentur!</span> <span class='ocrx_word' id='word_1_500' title='bbox 2222 3634 2348 3697; x_wconf 82' lang='lat' dir='ltr'>Ipse</span> <span class='ocrx_word' id='word_1_501' title='bbox 2395 3635 2535 3683; x_wconf 87' lang='lat' dir='ltr'>Plin.</span> 
     </span>
     <span class='ocr_line' id='line_1_95' title="bbox 1474 3712 2533 3782; baseline -0.007 -15"><span class='ocrx_word' id='word_1_502' title='bbox 1474 3719 1644 3782; x_wconf 86' lang='lat' dir='ltr'>Epist.</span> <span class='ocrx_word' id='word_1_503' title='bbox 1681 3730 1757 3766; x_wconf 85' lang='lat' dir='ltr'>vr.</span> <span class='ocrx_word' id='word_1_504' title='bbox 1801 3720 1851 3765; x_wconf 79' lang='lat'>4.</span> <span class='ocrx_word' id='word_1_505' title='bbox 1895 3721 1911 3744; x_wconf 79' lang='lat'><strong><em>⁴</em></strong></span> <span class='ocrx_word' id='word_1_506' title='bbox 1947 3713 2019 3764; x_wconf 82' lang='lat' dir='ltr'>At</span> <span class='ocrx_word' id='word_1_507' title='bbox 2069 3714 2154 3762; x_wconf 87' lang='lat' dir='ltr'>ille</span> <span class='ocrx_word' id='word_1_508' title='bbox 2195 3712 2533 3761; x_wconf 80' lang='lat' dir='ltr'>mandaverat</span> 
     </span>
     <span class='ocr_line' id='line_1_96' title="bbox 1473 3787 2535 3856; baseline -0.008 -13"><span class='ocrx_word' id='word_1_509' title='bbox 1473 3801 1810 3856; x_wconf 67' lang='lat' dir='ltr'>oneratque,</span> <span class='ocrx_word' id='word_1_510' title='bbox 1834 3797 1892 3840; x_wconf 88' lang='lat' dir='ltr'>ut</span> <span class='ocrx_word' id='word_1_511' title='bbox 1921 3790 2147 3839; x_wconf 82' lang='lat' dir='ltr'>divinum</span> <span class='ocrx_word' id='word_1_512' title='bbox 2192 3788 2318 3838; x_wconf 88' lang='lat' dir='ltr'>illud</span> <span class='ocrx_word' id='word_1_513' title='bbox 2352 3795 2408 3837; x_wconf 91' lang='lat' dir='ltr'>et</span> <span class='ocrx_word' id='word_1_514' title='bbox 2442 3787 2535 3835; x_wconf 92' lang='lat' dir='ltr'>im·</span> 
     </span>
     <span class='ocr_line' id='line_1_97' title="bbox 1474 3864 2537 3920; baseline -0.006 -1"><span class='ocrx_word' id='word_1_515' title='bbox 1474 3870 1692 3920; x_wconf 81' lang='lat' dir='ltr'>mortale</span> <span class='ocrx_word' id='word_1_516' title='bbox 1728 3867 1921 3917; x_wconf 84' lang='lat' dir='ltr'>factum</span> <span class='ocrx_word' id='word_1_517' title='bbox 1964 3867 2197 3916; x_wconf 82' lang='lat' dir='ltr'>versibus</span> <span class='ocrx_word' id='word_1_518' title='bbox 2238 3864 2537 3914; x_wconf 86' lang='lat' dir='ltr'>inscribere·</span> 
     </span>
     <span class='ocr_line' id='line_1_98' title="bbox 1474 3945 1780 3998; baseline -0.016 0"><span class='ocrx_word' id='word_1_519' title='bbox 1474 3945 1594 3998; x_wconf 76' lang='lat' dir='ltr'>tur-⁸</span> <span class='ocrx_word' id='word_1_520' title='bbox 1628 3946 1780 3995; x_wconf 80' lang='lat' dir='ltr'>Idem.</span> 
     </span>
    </p>

    <p class='ocr_par' dir='ltr' id='par_1_7' title="bbox 1472 4016 2540 4316">
     <span class='ocr_line' id='line_1_99' title="bbox 1543 4016 2534 4084; baseline -0.006 -13"><span class='ocrx_word' id='word_1_521' title='bbox 1543 4022 1641 4071; x_wconf 82' lang='lat' dir='ltr'>His</span> <span class='ocrx_word' id='word_1_522' title='bbox 1659 4017 1862 4084; x_wconf 77' lang='lat' dir='ltr'>quoque]</span> <span class='ocrx_word' id='word_1_523' title='bbox 1898 4019 1962 4069; x_wconf 89' lang='lat' dir='ltr'>In</span> <span class='ocrx_word' id='word_1_524' title='bbox 1999 4016 2262 4067; x_wconf 86' lang='lat' dir='ltr'>codicibus</span> <span class='ocrx_word' id='word_1_525' title='bbox 2294 4016 2534 4065; x_wconf 51' lang='grc' dir='ltr'>Μειδυ-</span> 
     </span>
     <span class='ocr_line' id='line_1_100' title="bbox 1472 4094 2537 4161; baseline -0.007 -13"><span class='ocrx_word' id='word_1_526' title='bbox 1472 4098 1800 4161; x_wconf 81' lang='lat' dir='ltr'>lisburgeusi‚</span> <span class='ocrx_word' id='word_1_527' title='bbox 1831 4094 2154 4158; x_wconf 85' lang='lat' dir='ltr'>Guelpherb.</span> <span class='ocrx_word' id='word_1_528' title='bbox 2191 4099 2245 4141; x_wconf 90' lang='lat' dir='ltr'>et</span> <span class='ocrx_word' id='word_1_529' title='bbox 2282 4106 2415 4147; x_wconf 88' lang='lat' dir='ltr'>meo,</span> <span class='ocrx_word' id='word_1_530' title='bbox 2441 4106 2537 4154; x_wconf 89' lang='lat' dir='ltr'>pro</span> 
     </span>
     <span class='ocr_line' id='line_1_101' title="bbox 1475 4169 2537 4234; baseline -0.004 -12"><span class='ocrx_word' id='word_1_531' title='bbox 1475 4173 1597 4229; x_wconf 77' lang='lat' dir='ltr'>His.</span> <span class='ocrx_word' id='word_1_532' title='bbox 1641 4172 1831 4234; x_wconf 85' lang='lat' dir='ltr'>legitur</span> <span class='ocrx_word' id='word_1_533' title='bbox 1867 4171 1954 4219; x_wconf 85' lang='lat' dir='ltr'>Iis.</span> <span class='ocrx_word' id='word_1_534' title='bbox 2036 4170 2172 4218; x_wconf 81' lang='lat' dir='ltr'>Haec</span> <span class='ocrx_word' id='word_1_535' title='bbox 2217 4169 2537 4231; x_wconf 64' lang='lat' dir='ltr'>pronomina</span> 
     </span>
     <span class='ocr_line' id='line_1_102' title="bbox 1475 4245 2540 4316; baseline -0.004 -15"><span class='ocrx_word' id='word_1_536' title='bbox 1475 4249 1763 4316; x_wconf 73' lang='lat' dir='ltr'>saepissime</span> <span class='ocrx_word' id='word_1_537' title='bbox 1786 4248 1923 4297; x_wconf 88' lang='lat' dir='ltr'>inter</span> <span class='ocrx_word' id='word_1_538' title='bbox 1946 4259 2003 4295; x_wconf 84' lang='lat' dir='ltr'>se</span> <span class='ocrx_word' id='word_1_539' title='bbox 2026 4245 2327 4311; x_wconf 88' lang='lat' dir='ltr'>permutari,</span> <span class='ocrx_word' id='word_1_540' title='bbox 2344 4252 2540 4312; x_wconf 80' lang='lat' dir='ltr'>praetcr</span> 
     </span>
    </p>
   </div>
  </div>
 </body>
</html>
