3060 4902
476 356 481 362 '
524 339 658 408 716

525 512 619 549 nos
640 497 772 560 ipsi?
804 496 1123 548 divinitatem
1141 496 1389 562 principis
1406 496 1588 553 nostri.

530 590 593 625 an
627 576 1016 638 humanitatem,
1041 608 1055 624 .
1079 608 1093 623 .
1118 610 1131 625 .
1157 574 1426 624 celebrare
1475 575 1590 624 nni-

1219 352 1441 405 ⁸0⁴1·AE
1491 351 1902 402 vammum
1951 349 2032 400 tu

1662 496 1892 546 ἐπίστατο
1913 494 1990 544 καὶ
2013 493 2175 544 ἐποίει.
2211 492 2462 543 Doctrinae
2477 499 2735 559 accuratae,

1663 588 1767 636 quae
1809 574 1860 621 in
1896 572 2049 622 rer-bis
2090 570 2326 630 consistit,
2360 571 2600 634 particeps
2637 585 2735 620 non

527 655 664 702 versi
683 655 902 702 solemus
915 654 950 702 ?’
986 659 1185 703 1.vtt.5.
1212 658 1227 684 ‘
1250 654 1321 703 At
1347 655 1457 703 illos
1484 669 1592 703 res·
1651 649 1756 710 suit
1779 664 1798 707 ‚-
1830 654 1881 697 at
1903 663 2007 711 qua·
2029 648 2392 712 proecipiuutur,
2420 661 2473 695 ea
2505 653 2552 697 et
2582 647 2737 710 novit,

528 730 737 794 publica
759 730 964 778 ciebat:
1002 730 1160 793 quid?
1206 737 1258 778 te
1282 744 1381 778 non
1405 730 1590 778 eadem

526 805 841 865 respublica,
876 820 977 853 non
1015 805 1259 865 senatus‚’
1284 809 1381 854 διο.
1410 805 1491 853 ct‘.
1523 803 1587 853 ad

530 894 738 931 xxxix.
775 886 825 931 4.
851 882 937 930 ubi
972 892 1025 931 et
1061 883 1160 930 alis
1198 882 1347 944 hujus
1384 882 1590 944 generis

528 956 770 1021 exempla
788 959 1162 1007 annotavimus.
1224 958 1311 1007 Sic
1336 972 1456 1005 vero
1479 958 1590 1006 haec

528 1033 692 1083 verba
730 1047 846 1083 cum
882 1035 1133 1096 Livineio‚
1168 1035 1417 1097 Grutero,
1450 1035 1590 1083 Bau·-

529 1112 635 1166 nio,
682 1112 947 1170 Pataram,
983 1118 1037 1159 et
1078 1111 1384 1171 Arntzenio,
1429 1111 1584 1159 inter·

529 1187 806 1251 pungenda
828 1187 1036 1245 censui;
1074 1201 1190 1250 quae
1211 1187 1364 1246 vulgo
1388 1186 1452 1234 ab
1477 1187 1589 1235 aliis

530 1265 701 1322 aliter,
725 1270 778 1311 et
801 1263 935 1312 hunc
960 1263 1166 1326 quidem
1192 1263 1242 1311 in
1284 1263 1488 1310 niodum
1514 1264 1591 1310 in·

531 1346 832 1402 terpuncta,
852 1339 1117 1402 leguntur,
1137 1340 1268 1394 Quid
1282 1339 1592 1401 oitamtquid

529 1430 681 1464 mores
728 1416 999 1476 juventutis
1025 1421 1045 1463 Ρ
1089 1417 1229 1478 quain
1264 1415 1593 1479 principaliter

516 1491 745 1551 formas?
778 1494 1036 1542 Schwarz.

618 1570 771 1624 Quam
818 1570 1146 1631 principaliter
1185 1567 1398 1630 formas]
1452 1567 1499 1616 1.
1546 1582 1593 1616 e.

531 1660 683 1709 quant
711 1646 1002 1708 principali,
1022 1646 1129 1694 sive
1155 1646 1386 1708 principe
1419 1644 1593 1705 digna,

529 1735 670 1776 cura,
696 1729 750 1769 et
774 1731 964 1781 sumtu,
994 1736 1053 1769 ac
1091 1736 1243 1785 quam
1282 1721 1595 1769 convenien-

532 1806 615 1847 ter
638 1798 770 1846 bono
794 1799 1014 1861 principi
1041 1806 1095 1848 et
1122 1799 1256 1860 patri
1292 1799 1595 1861 patriae‚ju-

531 1881 801 1924 ventutem
842 1876 1121 1923 Romanam
1160 1873 1483 1922 educandam
1518 1875 1596 1922 in·

529 1950 948 2015 stituendamque
969 1952 1146 2001 curas!
1184 1951 1302 2001 Qua
1324 1965 1448 1999 cura
1472 1951 1597 1999 nihil

531 2027 809 2074 salutarius
834 2028 1069 2089 praestari
1103 2043 1132 2075 a
1163 2027 1398 2091 principe
1423 2033 1600 2089 potest

530 2103 605 2152 rei
629 2102 886 2165 publicae;
920 2117 1036 2153 cum
1062 2103 1269 2166 publica
1294 2104 1431 2151 salus
1455 2116 1597 2151 max-

529 2179 683 2229 imam
716 2188 917 2243 partem
956 2196 986 2230 e
1020 2187 1164 2229 recta
1201 2180 1508 2230 educatione
1541 2186 1598 2231 et

530 2256 1156 2321 institutionejuventutis
1175 2256 1489 2320 dependeat.
1524 2256 1596 2306 A·

530 2333 597 2381 lia
625 2335 767 2384 notio
783 2335 931 2398 hujus
951 2335 1184 2384 adverbii
1202 2335 1434 2383 occurrit
1456 2334 1593 2397 apud

532 2417 738 2460 veteres
767 2412 1156 2474 jureconsultos
1195 2411 1243 2459 in
1272 2410 1552 2460 Pandectis
1579 2425 1594 2472 ς

531 2487 616 2535 uhi
661 2488 942 2537 identidem
990 2503 1083 2550 per
1127 2489 1141 2515 ‘
1173 2488 1417 2549 primario
1445 2486 1459 2507 '
1503 2496 1594 2536 aut

531 2562 546 2587 ⁸
567 2563 765 2612 directo
785 2563 797 2583 '
821 2564 1186 2625 explicandum
1211 2570 1309 2611 est.
1361 2563 1591 2611 Verbum

529 2645 701 2684 autem
740 2644 753 2664 ⁴
781 2635 1032 2685 formare'
1081 2637 1288 2699 proprie
1320 2636 1595 2698 significat,

531 2710 748 2759 formam
774 2713 918 2774 dare,
942 2710 1141 2773 tingere
1168 2726 1182 2770 3
1218 2710 1406 2758 deinde
1428 2719 1595 2760 trans-

532 2789 700 2839 fertur
725 2790 788 2837 ad
815 2791 950 2850 alia5
989 2804 1036 2836 v.
1065 2804 1113 2850 g.
1139 2789 1201 2836 ad
1236 2791 1249 2814 ⁴
1273 2786 1594 2837 formandam

532 2864 852 2914 orationem’
892 2865 1030 2927 apud
1071 2865 1180 2914 Cic.
1217 2864 1282 2912 de
1318 2864 1471 2913 Orat.
1509 2879 1597 2916 ιιι.

530 2946 610 2991 49.
637 2942 757 2991 item
800 2941 863 2990 ad
902 2950 1121 2996 mentes,
1157 2955 1346 3000 mores,
1370 2940 1595 3003 ingenia,

531 3025 587 3067 et
610 3018 781 3066 studia
817 3016 1105 3065 formanda.
1162 3016 1348 3065 Horat.
1375 3017 1480 3065 Od.
1507 3030 1597 3066 ιιι.

527 3097 610 3143 24.
627 3099 709 3143 53.
734 3096 749 3122 ‘
770 3102 962 3142 tenerae
980 3099 1177 3141 mentes
1194 3090 1471 3140 formandae
1489 3100 1597 3141 stu-

527 3168 667 3218 diis!
703 3168 957 3221 Quinctil.
986 3168 1163 3217 Instit.
1191 3168 1339 3216 Orat.
1372 3168 1597 3217 Prooem.

531 3248 619 3295 lib.
639 3260 678 3295 ι.
698 3248 714 3274 ‘
737 3245 926 3294 Studia
953 3245 1065 3307 ejus
1092 3242 1315 3293 formare
1342 3245 1406 3293 ab
1431 3244 1596 3294 infan-

533 3322 607 3372 tia
632 3319 914 3384 incipiam.’
983 3321 1132 3370 Idem
1172 3334 1276 3371 xn.
1310 3326 1359 3370 2.
1388 3327 1400 3348 ⁸
1420 3323 1598 3371 Mores

531 3398 813 3464 praeceptis
838 3413 898 3448 ac
924 3400 1124 3448 ratione
1148 3397 1416 3449 formare.'
1485 3400 1596 3449 Pli-

530 3478 645 3526 nius
671 3478 783 3540 ipse
812 3477 978 3538 Epist.
1003 3490 1081 3525 ιν.
1111 3480 1188 3525 19.
1223 3480 1237 3503 ⁴
1256 3477 1344 3524 Me
1368 3490 1400 3525 ι
1424 3477 1597 3539 pueri·

533 3554 608 3602 tia
629 3551 802 3601 statim
827 3549 1048 3599 formare
1075 3549 1312 3599 solebas!
1338 3551 1487 3601 Idem.

598 3627 972 3690 Principatiter]
1005 3626 1149 3689 Sive,
1174 3634 1229 3673 ut
1260 3625 1418 3677 decet
1456 3627 1597 3690 prin-

531 3707 723 3769 cipem.
743 3707 851 3752 sive
878 3703 1155 3763 eximie‚et
1179 3700 1369 3762 ἐξόχως.
1416 3702 1597 3753 Habes

529 3784 662 3834 hanc
689 3795 866 3832 curam
891 3780 1026 3828 inter
1047 3779 1329 3844 principes.
1358 3783 1487 3845 Lips.

596 3857 807 3909 Dicendi
821 3855 1091 3917 mgistris]
1111 3856 1442 3907 Rhetoribus.
1479 3860 1600 3910 Vic-

531 3939 691 3991 torae
703 3934 953 3998 Trojano:
978 3933 992 3957 ‘
1009 3932 1597 3999 Eruditissimos,quam·

530 4018 609 4067 vis
633 4017 746 4079 ipse
771 4026 938 4077 parce
964 4017 1102 4059 esset
1132 4010 1382 4068 scientiae,
1423 4014 1598 4063 mode.

530 4103 750 4157 rateque
772 4092 1040 4153 eloquens,
1058 4087 1349 4150 diligebat:
1393 4092 1460 4140 Et
1479 4093 1604 4154 Dio,

527 4169 753 4221 Παιδείας
760 4166 850 4229 μὲν
863 4165 958 4227 γὰρ
972 4164 1207 4227 ἀκριβοῦς,
1231 4163 1322 4225 ὅση
1341 4167 1395 4214 ἐν
1414 4166 1600 4231 λόγοις,

527 4248 583 4299 οὔ
605 4244 840 4309 μετέσχε,
871 4242 931 4293 τό
966 4258 1027 4303 ‘re
1062 4244 1157 4302 μὴν
1186 4242 1326 4305 ἔργον
1354 4243 1501 4304 αὐτῆς
1520 4244 1598 4296 καὶ

1665 733 1712 777 et
1732 727 1874 783 fecit.
1941 726 2150 773 Summa
2173 732 2273 785 est,
2294 737 2491 772 summe
2514 724 2729 773 doctum

1667 806 1716 853 in
1743 804 1982 853 liter-ariis
2006 803 2201 851 artibus
2225 817 2325 851 non
2362 801 2553 864 fuisse3
2587 811 2642 852 at
2678 804 2730 853 in

1666 881 2028 945 philosophicis
2068 888 2123 929 et
2157 879 2456 941 moralibus,
2490 882 2732 930 maxime.

1667 958 1796 1007 Quis
1821 959 1954 1005 enim
1978 956 2074 1005 hoc
2096 957 2380 1017 negaverit,
2399 955 2486 1017 qui
2506 957 2588 1004 vel
2607 957 2733 1005 Plu-

1668 1035 1900 1082 tarchum
1938 1033 2266 1094 cogitaverit,
2290 1033 2402 1096 ejus
2426 1029 2738 1083 doctorem?

1666 1111 1857 1158 Exstat
1893 1110 2114 1172 epistola
2153 1109 2270 1171 viri,
2298 1123 2448 1172 quam
2489 1110 2628 1158 misit
2667 1108 2733 1158 ad

1663 1188 1932 1249 Trajsnum
1974 1187 2084 1249 jam
2135 1193 2376 1235 recenter
2421 1186 2733 1249 principem,

1667 1264 1820 1326 digna
1845 1279 1956 1327 quae
1983 1264 2119 1325 apud
2145 1263 2313 1325 ipsum
2341 1264 2564 1323 legatur.
2600 1264 2737 1326 Lips-

1735 1341 1947 1388 Diceudi
1977 1340 2245 1402 magistris]
2281 1341 2295 1367 ⁸
2319 1340 2474 1388 Celso
2509 1346 2735 1389 statuam

1669 1420 1788 1480 poni
1821 1418 2007 1479 jussit:
2061 1417 2240 1480 poetas
2275 1417 2574 1466 muneribus
2610 1415 2733 1466 affe·

1670 1493 1782 1554 cit‚’
1824 1494 1954 1543 Dio:
2003 1500 2058 1542 et
2099 1494 2477 1545 Juvenalisvde
2516 1494 2735 1556 Trajano

1670 1569 1893 1631 benigno
1916 1571 1965 1619 in
1991 1571 2168 1619 doctos
2190 1570 2361 1619 viros:
2399 1565 2580 1620 ‘Solus
2598 1570 2735 1619 enim

1670 1647 1845 1693 tristes
1876 1645 1971 1693 hac
2002 1653 2312 1710 tempestate
2339 1647 2607 1696 Camaenas
2631 1645 2734 1696 Re·

1672 1720 1883 1785 spexit.'
1921 1723 2070 1771 Rern.

1737 1799 1946 1847 Dicendi
1967 1797 2235 1861 magistris]
2259 1798 2510 1848 Rhetores
2533 1805 2589 1848 et
2627 1798 2737 1864 phi·

1670 1872 1907 1936 losophos
1947 1888 2145 1922 summo
2201 1873 2409 1923 habitos
2454 1875 2650 1925 honore
2705 1890 2737 1925 ι

1670 1950 1908 2013 'Pr-ajano,
1956 1949 2169 1999 tradunt
2213 1949 2393 1999 Aurei.
2431 1950 2637 2007 Victor,
2681 1958 2736 2000 et

1674 2026 1990 2089 xiphilinus.
2028 2028 2278 2075 Testatur
2294 2035 2346 2077 et
2366 2027 2607 2079 Juvenal.
2624 2029 2736 2078 Sat.

1673 2115 1776 2152 vn.
1803 2107 1849 2150 1.
1866 2104 1880 2129 ⁸
1901 2104 1964 2151 Et
1993 2117 2112 2165 spes
2136 2110 2190 2151 et
2215 2103 2346 2151 ratio
2371 2101 2662 2152 studiorum
2684 2103 2737 2152 in

1674 2177 1882 2227 Caesare
1909 2178 2147 2239 tantum‚’
2175 2181 2276 2226 &c.
2299 2176 2387 2227 ubi
2416 2186 2588 2228 tamen
2613 2193 2736 2230 con·

1673 2262 1754 2304 tra
1790 2256 2004 2303 aliorum
2029 2255 2182 2303 fidem
2209 2256 2557 2305 Domitianum
2582 2255 2739 2305 intel-

1671 2332 1759 2395 ligi
1785 2331 2062 2381 Ascensius
2090 2332 2214 2379 vult.
2242 2333 2461 2380 Patarol.

1738 2409 1889 2464 Quam
1928 2409 2277 2473 dignationem]
2325 2411 2480 2466 Quam
2520 2409 2738 2474 dignita·

1670 2491 1764 2534 tem
1805 2485 1971 2535 Liviu.
1995 2488 2083 2535 sed
2109 2489 2160 2535 in
2193 2488 2441 2550 margine,
2465 2504 2604 2551 qaam
2625 2489 2737 2551 dig·

1667 2562 1904 2609 nationem
1930 2561 1998 2609 V.
2022 2563 2082 2609 C.
2108 2563 2288 2610 Recte.
2328 2563 2565 2611 Rittersk.

1738 2637 1892 2691 Quam
1930 2637 2283 2701 dignationem]
2329 2639 2487 2693 Quam
2523 2640 2738 2701 dignita·

1670 2716 1781 2761 tem.
1852 2711 2046 2761 Verum
2073 2722 2153 2761 est
2180 2714 2525 2774 dignationem.
2594 2715 2739 2765 Infra

1671 2791 2020 2852 ‘tantumque
2057 2789 2371 2851 dignationis
2408 2791 2461 2838 in
2501 2791 2615 2854 ipso
2651 2793 2741 2842 bo·

1671 2880 1796 2913 nore
1845 2863 2108 2927 ponebat:
2145 2868 2246 2914 &c.
2333 2866 2611 2916 Eumenius
2646 2882 2738 2931 pro

1675 2942 1913 2992 Restaur.
1948 2941 2179 2989 Scholis:
2220 2948 2235 2972 ‘
2263 2942 2366 2991 Qui
2399 2943 2644 2993 honorem
2683 2946 2739 2992 li-

1674 3026 1900 3065 terarum
1940 3018 2034 3065 hac
2074 3032 2280 3081 quoque
2318 3016 2616 3081 dignatione
2649 3035 2739 3070 cu·

1673 3094 1920 3155 nmlavit,’
1954 3098 2051 3142 &m
2119 3093 2336 3154 Iterum,
2369 3099 2383 3123 ‘
2408 3095 2739 3159 singularem

1673 3170 1956 3222 eorundem
2002 3186 2125 3232 erga
2172 3172 2350 3220 literas
2391 3173 2740 3234 dignationem

1674 3247 1726 3295 in
1773 3249 1988 3310 antiqua
2034 3248 2298 3297 literarum
2337 3248 2462 3298 sede
2504 3250 2740 3300 eelebre-

1673 3323 1820 3373 mus.’
1856 3325 2018 3373 Livia.

1766 3401 1922 3455 Quam
1962 3400 2314 3464 dignationem]
2361 3396 2619 3451 cellarius
2663 3411 2738 3465 et,

1674 3484 1798 3525 ante
1847 3490 1982 3532 etun,
2046 3491 2145 3525 non
2193 3478 2344 3538 pauci
2389 3477 2478 3527 alii
2525 3478 2741 3530 edidere

1672 3568 1810 3615 quam
1831 3553 2135 3614 dignitatem.
2203 3553 2306 3602 Sed
2326 3554 2600 3603 lectionem
2625 3571 2742 3605 nos-

1675 3637 1803 3678 tram
1824 3644 1924 3677 non
1942 3630 2103 3678 solum
2119 3630 2233 3692 jam
2259 3629 2591 3692 publicarunt
2610 3634 2740 3682 Cus-

1673 3704 1934 3768 piniauus,
1963 3702 2488 3766 Lipsius‚‘Grnterus,
2504 3708 2742 3772 Berneg·

1674 3795 1786 3843 ger,
1810 3781 2068 3842 Graevins,
2093 3781 2172 3830 De
2199 3782 2247 3829 la
2271 3782 2473 3837 Baune,
2509 3783 2741 3841 Hesrne.

1675 3856 1910 3918 Putat-ol,
1947 3857 2120 3918 Ceva3
2157 3856 2248 3905 sed
2274 3872 2409 3907 nunc
2433 3860 2591 3908 etism
2616 3875 2740 3910 eon·

1671 3930 1881 3980 firmant
1934 3933 2143 3981 codices
2214 3933 2477 3990 Vaticani,
2535 3934 2744 3991 Veneti.

1675 4008 2190 4072 Guelpherbytanus,
2208 4015 2262 4057 et
2284 4024 2429 4058 meus
2450 4026 2467 4070 ;
2499 4004 2750 4062 eandem-⁷

1673 4100 1773 4150 que
1799 4088 1848 4134 in
1876 4096 2055 4135 vetere
2078 4085 2259 4136 codice
2299 4098 2567 4152 repererat
2609 4092 2740 4140 Livi·

1673 4163 1839 4211 neius.
1901 4163 1988 4211 Sic
2028 4169 2084 4211 et
2107 4162 2307 4213 Plinius
2338 4162 2477 4214 iufra
2514 4179 2740 4217 mxxvii.

1671 4244 1720 4290 3.
1736 4248 1750 4269 ‘
1766 4241 1989 4291 Tantum
2008 4239 2323 4305 dignationis
2345 4243 2529 4307 inipso
2546 4244 2742 4301 honore
