3060 4902
806 340 874 387 0.
925 338 1164 387 Phil-111
1217 338 1546 388 SECUNDl
1606 341 1878 392 PANEG.

359 477 626 542 oeqtiabat.
695 478 855 541 Cujus
889 478 928 526 si
967 479 1084 528 talis
1112 479 1308 528 animus
1333 490 1433 543 est,

357 558 620 604 solvamus
645 569 736 602 nos
760 555 870 617 ejus
889 556 1114 617 vincula,
1132 565 1182 604 et
1208 558 1430 606 claustra

358 630 725 693 refringantus‚
746 639 799 677 ut
827 645 1098 693 erumpere
1124 633 1212 681 diu
1237 633 1428 682 coe'rci·

356 716 462 756 tam
488 707 616 756 iram
641 707 691 755 in
714 708 886 755 ltostes
910 721 1205 757 communes
1231 707 1429 772 possit.’

355 785 560 834 Statius
580 784 707 832 Silv.
737 797 804 832 ιι.
824 786 874 832 4.
898 782 962 831 de
988 783 1162 833 Leone
1194 798 1430 835 mansue·

358 871 446 912 to:
496 864 510 889 ‘
533 862 708 914 Quid?
740 861 877 925 quod
923 861 1064 910 abire
1105 863 1278 923 domo,
1310 875 1426 910 rut·-

1956 342 2008 389 1.
2036 326 2146 390 81.
2446 331 2578 396 999

1508 480 1644 530 feste
1679 497 1999 546 expressam,
2022 498 2174 548 quam
2212 492 2339 547 puto
2370 485 2451 535 hic
2487 501 2579 550 pro

1506 560 1519 585 ‘
1549 558 1711 620 vero,’
1744 559 1855 607 sive
1898 561 1913 585 ‘
1939 558 2122 619 certe,’
2160 561 2297 623 poni.
2333 562 2442 611 Cic.
2483 576 2579 624 pro

1507 633 1768 695 Cluentio,
1788 648 1834 683 c.
1856 639 1935 683 19.
1958 642 1971 662 ¹
1992 635 2167 684 Verbo
2192 635 2275 683 ille
2303 651 2418 685 reus
2438 645 2573 701 erat,

1506 724 1562 759 re
1593 710 1800 774 quidem
1839 726 1979 767 vera,
2017 720 2071 761 et
2108 713 2355 775 periculo,
2380 721 2434 762 et
2460 721 2577 764 tota

1506 788 1855 850 accusatione,
1872 787 2237 850 Oppianicus.'
2265 789 2411 838 Idem
2431 790 2576 841 Fam.

1506 877 1546 912 1.
1580 869 1627 912 7.
1677 866 1811 914 ‘Cui
1852 863 2058 929 quidem
2101 866 2269 914 literae
2316 875 2418 916 tuae
2458 882 2575 930 per-

358 953 552 1003 susqne
597 938 651 986 in
695 939 923 986 claustra
967 939 1159 986 reverti
1199 936 1427 986 Suetus.'
1493 941 1743 1004 jucundae
1784 940 2034 991 fue1·unt.'
2100 943 2170 990 Et
2206 942 2327 991 alibi
2366 945 2575 1007 passim.

360 1015 522 1064 Vides
566 1015 673 1074 hic,
709 1014 1097 1076 receptaculum
1139 1015 1303 1062 leonis
1342 1030 1429 1064 vo·

357 1094 468 1140 cari
507 1089 789 1152 ‘domum,'
822 1099 876 1138 et
912 1091 1229 1149 ‘claustra3'
1268 1099 1425 1155 atque

357 1167 573 1217 inferius
597 1167 756 1216 etiam
790 1172 804 1194 ‘
830 1181 1036 1215 caveam
1060 1167 1091 1214 :’
1134 1170 1148 1194 ‘
1176 1169 1294 1217 Stat:
1317 1183 1424 1217 car-

357 1246 481 1295 dine
534 1252 717 1306 aperto
761 1242 954 1293 Infelix
1001 1243 1199 1294 cavea.’
1269 1245 1424 1309 Apud

358 1321 635 1373 claudian.
673 1335 895 1385 quoque,
932 1334 994 1370 tt.
1026 1322 1235 1370 Consul.
1259 1324 1428 1373 Stilic.

358 1413 435 1449 vs.
455 1403 573 1448 272.
597 1399 646 1448 in
672 1413 786 1447 meo
823 1399 1004 1448 codice
1028 1399 1129 1447 Ms.
1155 1401 1329 1464 utique
1354 1403 1425 1450 le·

357 1490 445 1538 go,
496 1476 512 1502 ⁸
541 1475 778 1538 Retibus,
837 1482 889 1523 et
947 1477 1207 1537 claustris,
1262 1478 1424 1527 dilata

357 1560 524 1601 morte
561 1554 814 1607 tenenda»,
852 1552 1227 1616 Ducenda’que
1268 1553 1425 1603 ferae-⁹

357 1629 592 1677 Martial.
628 1633 809 1680 tx.73.
846 1628 911 1677 de
950 1630 1098 1678 leone
1134 1638 1189 1679 et
1226 1633 1420 1680 ariete:

355 1706 370 1732 ⁸
396 1705 572 1753 Cavea
595 1704 922 1753 stabulantur
953 1704 1001 1752 iu
1041 1720 1158 1760 tina,
1184 1707 1251 1755 Et
1288 1708 1423 1768 pari·

357 1789 440 1829 ter
463 1781 626 1829 socias
648 1780 821 1842 carpit
845 1788 1065 1844 uterque
1090 1783 1284 1844 dapes.’
1335 1785 1421 1835 Ita

358 1856 541 1905 videor
579 1856 751 1905 Plinio
782 1857 1044 1920 antiquam
1080 1873 1256 1908 vocem
1294 1861 1419 1910 clau·

353 1933 475 1980 stris
544 1932 667 1994 jure
744 1933 1036 1998 meritoque
1115 1935 1419 1987 vindicasse.

355 2008 676 2058 δώωσι-τίω.

357 2108 362 2113 ·
424 2085 487 2133 In
519 2086 728 2148 ipsorum
763 2087 948 2149 quidem
986 2086 1265 2149 ludibrium]
1304 2087 1347 2135 1.
1369 2102 1418 2136 e.

354 2162 409 2212 in
448 2164 674 2227 ipsorum
717 2177 837 2210 vero
879 2162 1167 2226 principum
1206 2161 1419 2212 ludibri-

357 2254 473 2302 un13
509 2245 692 2302 utpote
725 2239 807 2303 qui
846 2239 1132 2287 deridiculo
1155 2247 1419 2302 spectato·

356 2316 498 2365 ribus
540 2315 706 2373 fuere,
753 2315 888 2379 quod
936 2316 1212 2378 cupierant
1256 2318 1421 2366 videri

353 2393 639 2458 haberique
664 2402 959 2453 venatores,
979 2408 1092 2441 cum
1125 2400 1293 2442 tamen
1319 2408 1419 2442 non

355 2471 457 2520 nisi
496 2470 634 2520 feras
672 2470 910 2520 claustris
941 2468 1164 2519 domitas
1202 2469 1419 2519 fractas·

354 2562 478 2612 que,
497 2563 612 2612 qnoe
636 2562 702 2597 ex
731 2547 830 2596 illis
856 2547 976 2610 ipsis
1000 2548 1239 2598 claustris
1270 2549 1420 2597 emis·

354 2640 427 2673 sae
452 2632 644 2687 praesto
666 2632 834 2680 erant,
860 2634 1190 2673 venarentur.
1257 2626 1320 2674 In
1346 2626 1419 2675 his

356 2702 532 2750 verbis
558 2702 775 2751 Livineii
800 2701 1007 2750 auribus
1044 2710 1287 2764 suspecta
1319 2703 1420 2753 fuit

355 2777 614 2841 particula
637 2779 855 2841 quidem3
877 2780 1109 2842 quamvis
1137 2781 1270 2835 libri,
1296 2796 1422 2844 qnos

357 2854 619 2909 tractarit,
659 2869 760 2903 non
800 2855 1063 2904 variarint.
1130 2857 1420 2905 Emendan-

355 2930 481 2980 dum
520 2931 676 2994 igitur
707 2931 923 2988 censuit,
958 2931 1010 2979 ia
1044 2933 1252 2994 ipsorum
1284 2934 1421 2997 (quid

355 3008 470 3071 ni21)
491 3008 761 3057 ludibrium.
808 3011 980 3072 Atque
999 3010 1151 3057 ecce!
1188 3025 1286 3058 non
1312 3019 1419 3059 tan-

359 3092 468 3134 tum
493 3084 660 3134 codex
683 3085 1177 3148 Gnelplterbytanus
1204 3101 1294 3147 pro
1317 3088 1416 3149 qui·

354 3161 482 3216 dem,
513 3159 723 3209 exbibet
759 3161 873 3223 quid
909 3162 979 3221 in,
1013 3163 1147 3225 quod
1174 3161 1419 3211 facillime

353 3252 423 3286 ex
462 3239 577 3300 quid
608 3238 659 3285 ni
688 3236 959 3286 formatum
983 3239 1183 3299 credas,
1205 3241 1295 3287 sed
1322 3242 1419 3289 eti·

355 3328 437 3363 am
473 3315 666 3363 diserte
704 3315 820 3375 lego
857 3315 908 3362 in
947 3315 1129 3364 codice
1168 3317 1419 3366 Vaticano

343 3393 503 3440 3461.
527 3391 576 3438 in
601 3390 904 3452 parisiensi,
927 3399 982 3440 et
1007 3392 1210 3441 Veneto
1238 3397 1280 3440 t.
1305 3395 1420 3456 quid

352 3471 424 3519 tii.
494 3468 758 3531 Concedo,
789 3469 887 3517 levi
924 3471 1205 3518 mutatione
1238 3486 1303 3519 ex
1332 3487 1416 3520 vo-

355 3546 487 3594 culis
532 3545 648 3608 quid
685 3546 737 3593 ni
780 3545 1010 3607 potuisse
1050 3545 1163 3595 fieri
1199 3548 1419 3610 quidem3

351 3622 444 3670 sed
466 3621 574 3684 pari
601 3621 812 3671 levitate
837 3622 992 3670 lectio
1019 3623 1186 3684 prisca
1214 3625 1419 3685 quidem,

354 3698 406 3746 in
427 3697 682 3746 nonnullis
704 3697 969 3746 codicibus
991 3700 1225 3748 converti
1248 3701 1418 3761 potuit

356 3774 408 3822 in
449 3775 566 3837 quid
599 3774 683 3830 ni:
728 3781 782 3822 ut
819 3775 893 3823 sic
929 3774 1137 3824 dubium
1177 3778 1265 3836 sit,
1302 3786 1419 3825 ntra

351 3852 515 3901 lectio
541 3849 750 3900 fluxerit
773 3866 836 3900 ex
865 3853 1063 3901 calamo
1092 3853 1265 3902 Plinii.
1319 3857 1417 3902 ve·

357 3946 487 3991 rum,
524 3931 573 3979 in
609 3931 709 3979 ista
745 3933 1167 3991 commutatione,
1202 3933 1315 3994 quid
1349 3935 1418 3988 ni,

353 4006 755 4070 haudquaquam
792 4020 996 4068 possum
1033 4021 1146 4055 cnm
1188 4009 1420 4059 Livineio

352 4096 638 4146 agnoscere
670 4081 980 4144 singularem
1017 4092 1339 4134 venustatem
1365 4095 1419 4136 et

354 4162 594 4225 gratiam.
652 4159 888 4209 Profero
914 4162 1085 4223 potius
1112 4165 1418 4225 particulam

350 4238 624 4304 quidem,in
641 4235 874 4287 omuibus
890 4238 1081 4287 ceteris
1099 4237 1242 4289 libris
1260 4243 1418 4291 maui-

1506 1018 1658 1067 Idem.

1570 1094 1629 1142 ln
1672 1095 1878 1156 ipsorum
1915 1095 2101 1157 quidem
2143 1094 2424 1160 ludibrium]
2477 1095 2571 1146 Su-

1502 1180 1738 1232 spectum
1785 1172 1871 1220 liic
1916 1174 2043 1220 meis
2084 1173 2294 1221 auribus
2343 1171 2571 1235 quidem.

1505 1246 1645 1294 Libri
1687 1254 1859 1296 tamen
1899 1261 2000 1296 nou
2037 1248 2256 1303 variant.
2294 1261 2422 1310 quos
2457 1247 2572 1311 qui-

1501 1322 1618 1371 dem
1645 1325 1927 1372 tractarim.
2001 1323 2370 1386 Emendabam,
2408 1324 2459 1371 in
2493 1325 2567 1387 ι’ρ-

1499 1413 1657 1445 sorum
1678 1399 1710 1461 (
1714 1401 1877 1461 quidni
1894 1405 1914 1448 ?
1915 1400 1948 1461 )
1980 1400 2250 1454 ludibrium,
2275 1400 2376 1448 levi
2400 1409 2568 1449 muta·

1503 1475 1664 1533 tione,
1695 1475 1785 1522 sed
1826 1490 1924 1524 nou
1959 1477 2147 1539 exigua
2178 1477 2452 1525 sententiae
2479 1491 2566 1525 ve-

1501 1559 1712 1598 nustate
1750 1558 1805 1598 et
1840 1552 2022 1614 gratia.
2087 1550 2171 1600 Tu
2209 1551 2343 1609 vide,
2382 1553 2564 1609 lector,

1499 1631 1555 1673 et
1579 1640 1751 1674 cense.
1818 1626 1974 1689 Apud
1993 1627 2240 1675 Senecam
2268 1641 2471 1691 qnoque
2495 1626 2564 1677 de

1499 1701 1783 1751 Beneficiis
1805 1716 1855 1750 v.
1880 1707 1961 1750 24.
1997 1702 2130 1751 idem
2158 1703 2444 1765 tentabam,
2469 1704 2565 1752 sed

1498 1779 1629 1827 baud
1661 1780 1788 1839 scio,
1818 1794 1881 1827 au
1920 1779 2027 1841 pari
2064 1793 2319 1828 successu.
2388 1778 2565 1828 Verba

1496 1854 1609 1904 liaec
1647 1863 1799 1903 sunt:
1848 1855 2013 1903 ‘Cum
2053 1855 2230 1903 Caesar
2269 1855 2564 1905 meminisse

1497 1945 1552 1978 se
1593 1930 1845 1979 dixisset:
1894 1929 2177 1978 Meministi
2216 1929 2447 1993 quidem,
2483 1931 2560 1980 in·

1496 2009 1628 2073 quit,
1673 2008 1766 2057 sub
1809 2007 2026 2072 quadam
2066 2007 2251 2057 arbore
2292 2009 2560 2058 minimum

1496 2085 1691 2133 nrnbrae
1733 2092 2010 2147 spargente
2049 2098 2166 2132 cuin
2225 2086 2387 2133 velles
2434 2088 2561 2135 resi·

1497 2161 1622 2210 dere
1653 2159 2038 2209 ferventissimo
2061 2158 2202 2214 sole,’
2238 2168 2292 2208 et
2329 2176 2443 2223 qnae
2479 2177 2562 2210 se-

1495 2246 1742 2302 quuntur.
1817 2236 2164 2299 Repouebam,
2203 2237 2430 2301 inquam,
2455 2238 2565 2288 Me.

1496 2315 1680 2363 ”niniati
1725 2313 1861 2376 (quid
1917 2312 1967 2359 ai
1984 2309 2033 2375 ξ’)
2072 2312 2246 2375 inquit,
2296 2313 2381 2361 sub
2417 2317 2562 2377 quod.

1494 2397 1578 2458 ξε.
1621 2394 1860 2441 Muretus
1885 2390 1951 2438 de
1977 2391 2202 2453 ingenio,
2222 2397 2276 2438 et
2303 2391 2422 2454 jure
2447 2406 2560 2455 suo,

1498 2486 1598 2520 non
1645 2486 1673 2519 e
1722 2469 1887 2522 libris,
1931 2468 2115 2523 edidit,
2142 2468 2417 2517 Meministi
2451 2485 2567 2533 quo·

1497 2548 1801 2612 que,‘inquit,
1831 2546 1918 2594 sub
1955 2547 2097 2608 quod.
2172 2546 2307 2595 Jano
2331 2545 2563 2595 Grutero

1499 2625 1756 2688 placebat,
1793 2619 2111 2672 Meministin’
2141 2621 2265 2670 idem
2302 2622 2388 2670 sub
2423 2625 2565 2685 quad.

1500 2702 1637 2765 quod
1694 2701 1813 2749 milti
1862 2699 2069 2764 quidem
2128 2713 2227 2746 non
2285 2699 2563 2748 admodum

1500 2779 1703 2841 probat.
1769 2776 1968 2826 Addam
1996 2775 2154 2824 Solini
2178 2790 2206 2823 e
2236 2776 2565 2838 Polyhistore

1497 2871 1615 2919 cap.
1654 2859 1733 2904 32.
1769 2854 1956 2915 locum,
1992 2852 2075 2916 qui
2117 2853 2400 2915 superioris
2438 2853 2564 2902 milui

1498 2933 1815 2995 conjecturae
1855 2937 2036 2978 auctor
2075 2934 2130 2976 et
2170 2938 2412 2990 tanquam
2450 2927 2563 2976 fun·

1498 3007 1595 3055 dus
1622 3016 1733 3056 est:
1770 3008 1783 3032 ‘
1803 3006 2170 3053 Garamantum
2206 3003 2456 3065 oppidum
2480 3011 2566 3053 est.

1497 3083 1711 3137 Debris,
1745 3080 1889 3130 fonte
1926 3080 2075 3135 miro,
2107 3080 2195 3141 qui
2232 3078 2457 3141 denique
2490 3081 2566 3128 al-

1498 3162 1662 3209 ternis
1695 3159 1890 3208 vicibus
1925 3155 2007 3204 die
2041 3154 2251 3218 frigeat,
2275 3161 2428 3203 nocte
2455 3154 2560 3204 fer·

1498 3235 1653 3284 veat.’
1721 3235 1823 3284 Sed
1857 3233 2044 3281 eximie
2072 3232 2320 3295 Langiani
2346 3245 2404 3279 ac
2433 3232 2561 3280 Del·

1497 3316 1626 3363 riani
1664 3314 1890 3373 codices,
1911 3312 2055 3369 sonte
2088 3311 2227 3373 miro,
2268 3311 2409 3373 (quid
2443 3313 2492 3360 ni
2513 3314 2559 3374 ?)

1495 3394 1577 3456 qui
1619 3394 1838 3452 alteruis,
1881 3392 1963 3452 ἔμ’.
2033 3390 2293 3451 Corrupta
2341 3397 2396 3438 et
2449 3390 2559 3439 ltaec

1497 3471 1652 3519 Plinii
1682 3469 1850 3533 Epist.
1868 3481 1965 3516 vn.
1988 3470 2071 3514 30.
2095 3467 2401 3530 ‘Torqueor‚
2419 3466 2558 3530 quod

1495 3548 1827 3611 discipulum,
1860 3554 1916 3595 ut
1954 3544 2160 3606 scribis,
2198 3546 2411 3608 optimae
2447 3547 2561 3610 spei

1494 3625 1728 3672 amisisti.
1761 3622 1918 3686 Cujus
1937 3629 1989 3669 et
2010 3619 2303 3670 valetudine
2321 3629 2375 3670 et
2393 3630 2560 3672 morte

1497 3699 1747 3762 impedita
1788 3697 1962 3746 studia
2008 3703 2096 3743 tua
2133 3696 2254 3759 quid
2297 3697 2560 3745 nesciam?

1495 3794 1611 3828 cum
1649 3778 1715 3825 sis
1749 3791 1885 3826 omn.
1919 3771 2075 3823 offic.’
2104 3776 2201 3821 διε.
2270 3773 2559 3835 Corrigam,

1495 3857 1609 3918 quid
1643 3856 1695 3902 πί
1730 3855 1911 3902 scium?
1953 3853 2033 3912 ξε.
2101 3852 2346 3899 Ceterum
2371 3849 2562 3898 similia.

1495 3947 1557 3981 ac
1602 3945 1749 3995 paene
1795 3929 1998 3991 gemina
2034 3933 2153 3973 suut
2196 3925 2276 3980 iis,
2320 3939 2432 3988 quae
2476 3925 2560 3974 bic

1495 4009 1738 4056 dicuntur
1773 4005 1856 4054 illa
1880 4001 2233 4064 chrysostomi
2267 4001 2456 4050 Dionis
2491 4000 2559 4052 de

1496 4085 1775 4134 Persarum
1816 4080 2022 4141 regibus
2058 4083 2296 4124 extremo
2320 4090 2559 4127 sermono

1498 4164 1564 4211 de
1590 4162 1768 4223 Regno
1791 4172 1876 4206 tn.
1909 4156 2107 4205 Ἐκεῖνοι
2127 4152 2215 4213 μὲν
2234 4153 2328 4216 γὰρ
2345 4154 2560 4218 παραδφ

1498 4255 1603 4287 σου
1640 4231 1996 4298 περιλαβόντος,
2033 4227 2179 4279 ὁπότε
2219 4229 2561 4296 ἐπιθυμήσειαν,
