3060 4902
751 391 817 437 C.
868 387 1106 436 Pmml
1159 386 1492 434 SECUNDI
1548 387 1820 434 PANEG.
1902 387 1946 433 1.

307 533 468 584 etism
492 532 1122 596 receperint-Aminnias
1154 539 1209 581 et
1245 531 1379 581 Ges·

307 628 483 662 uerus.
546 611 1114 674 conjeciniroe.Gruieri
1135 609 1380 658 subvenit

307 690 455 738 locus
507 689 727 738 Senecae
774 704 805 736 a
844 687 1044 735 Baudio
1088 686 1379 735 excitatus:

305 767 320 793 ⁴
348 767 611 814 Putabam
638 781 668 812 a
692 764 930 813 custodia
969 764 1067 812 mei
1097 764 1380 811 removisse

311 844 514 890 vultum
571 839 890 890 Fortunam!
956 839 1028 889 At
1077 853 1173 886 nec
1220 837 1379 900 negli-

312 918 516 982 gendus
539 926 618 965 est
652 930 935 965 consensus
956 923 1033 963 tot
1070 914 1379 976 reliquorum

310 994 548 1044 codicum
588 994 718 1042 Mss.
753 994 803 1040 in
832 991 1020 1055 quibus
1054 991 1242 1053 legitur
1276 1004 1382 1039 cus·

311 1072 446 1119 todia
469 1070 542 1119 lui
562 1070 749 1132 capitis.
814 1070 950 1116 Sane
971 1068 1085 1116 ltaec
1109 1066 1257 1115 nobis
1280 1068 1379 1114 sal·

316 1156 420 1194 tem
448 1148 618 1209 placet
647 1160 753 1207 prae
780 1146 874 1192 ista
907 1146 1139 1206 vulgata,
1170 1144 1384 1192 custodia

313 1224 392 1272 tui
430 1222 653 1285 corporis.
718 1221 847 1273 Quis
871 1222 1005 1268 euim
1046 1221 1227 1274 nescit.
1259 1224 1273 1248 ⁸
1298 1235 1382 1268 ca·

316 1299 445 1362 put'
469 1299 764 1362 elegantius,
787 1311 879 1358 pro
899 1300 914 1324 ‘
937 1295 1075 1344 vita'
1100 1305 1153 1342 et
1180 1303 1192 1323 ‘
1216 1295 1381 1344 salute
1451 1331 1458 1337 .

315 1374 570 1425 hominis’
615 1373 776 1437 poni?
829 1373 941 1422 Cic.
983 1369 1139 1419 Offic.
1181 1384 1270 1419 ιιι.
1302 1376 1384 1420 29.

317 1452 331 1478 ‘
359 1453 414 1500 Si
458 1450 784 1514 predonibus
821 1457 1026 1511 pactum
1072 1463 1164 1509 pro
1210 1450 1384 1511 capite

317 1528 539 1590 pretium
558 1541 658 1575 non
678 1527 938 1585 attuleris,
953 1524 1091 1572 nulla
1111 1524 1250 1571 fraus
1268 1523 1386 1573 est.’

320 1604 469 1652 Idem
494 1603 726 1666 Philipp.
753 1616 851 1650 vu.
872 1605 920 1650 9.
954 1603 969 1627 ‘
995 1602 1153 1664 Cujus
1173 1616 1271 1664 ego
1295 1615 1383 1649 ex·

316 1680 498 1731 cubias
520 1688 576 1729 et
598 1677 856 1727 cus-tudina
873 1679 972 1725 mei
990 1678 1177 1737 capitis
1197 1691 1385 1738 cogno.

320 1757 389 1811 vi,
410 1758 461 1805 in
487 1755 755 1804 consulatu
794 1752 945 1802 meo.’
1015 1752 1243 1815 Philipp.
1277 1767 1384 1803 xn.

320 1838 402 1882 10.
436 1835 451 1861 ⁴
477 1831 580 1883 Qui
606 1831 882 1879 multorum
903 1827 1170 1876 custodem
1191 1844 1245 1877 se
1268 1844 1384 1891 pro-

320 1908 551 1968 fitentur,
600 1921 715 1955 eum
752 1906 1009 1967 sapientes
1046 1906 1121 1952 sni
1162 1905 1383 1967 primum

320 1985 511 2048 rapitis
530 1983 672 2031 aiunt
690 1981 954 2030 custodem
974 1995 1087 2048 esse
1107 1982 1384 2044 oportere.'

320 2062 564 2111 Schmun.

390 2138 565 2186 Oculos
575 2136 888 2199 dimoverent]
910 2135 969 2183 In
985 2135 1246 2184 codicibus
1256 2136 1387 2184 Mss.

322 2214 628 2274 Parisiensi,
653 2211 858 2260 Veneto
882 2217 929 2260 2.
955 2222 1006 2260 et
1031 2212 1386 2273 salisburgen-

321 2292 384 2348 si,
427 2291 618 2354 legitur
658 2290 812 2337 oculos
869 2291 1179 2336 demovere-nt.
1246 2290 1386 2337 Satis

327 2370 495 2426 bene;
554 2365 643 2413 sed
708 2363 928 2413 sortasse
977 2380 1159 2425 parum
1208 2364 1389 2419 refert,

321 2454 490 2493 utram
529 2441 853 2507 amplectaris
891 2442 1233 2503 scripturam3
1274 2456 1387 2489 cum

323 2522 434 2569 haec
462 2520 639 2573 verba,
661 2520 675 2543 ⁸
701 2517 1000 2571 dimovere?
1031 2525 1085 2566 et
1110 2520 1124 2546 ‘
1149 2517 1391 2566 demove-

323 2595 417 2657 re,'
440 2597 490 2643 in
514 2594 689 2644 multis
712 2595 1021 2656 scriptorum
1048 2604 1279 2643 veterum
1318 2595 1390 2642 lo·

323 2672 396 2721 cis
421 2669 802 2733 confundi,jam
828 2670 1117 2719 observarit
1141 2672 1390 2719 Burman·

323 2764 417 2797 nus
442 2748 508 2795 ad
534 2748 786 2798 Quinctil.
805 2761 905 2796 vu.
925 2752 971 2797 3.
999 2763 1046 2810 p.
1068 2752 1182 2796 618.
1217 2749 1391 2799 Quan-

324 2839 478 2890 quam
514 2824 650 2871 idem
690 2821 881 2877 tradat,
910 2825 925 2849 ‘
953 2821 1245 2871 dimovere'
1278 2838 1390 2887 pro·

325 2904 438 2965 prie
462 2913 577 2948 esse
601 2912 708 2946 rem
735 2898 805 2945 ita
825 2913 1056 2959 movere,
1078 2908 1131 2946 ιιι
1154 2899 1202 2945 in
1222 2899 1392 2946 diver·

324 2994 408 3027 sas
446 2985 621 3041 partes
660 2976 804 3040 quasi
840 2976 992 3024 abeat
1019 2984 1069 3023 et
1096 2976 1393 3035 scindatur;

327 3071 376 3103 v.
421 3068 472 3116 g.
540 3054 555 3081 ‘
596 3052 816 3100 Glebam
874 3052 1135 3100 dimovere
1190 3051 1394 3101 aratro!

327 3129 485 3179 ovid.
525 3130 657 3177 Met.
699 3142 752 3177 v.
787 3131 902 3176 341.
945 3135 1001 3176 at
1042 3130 1055 3154 ‘
1084 3128 1394 3184 demovere‚'

326 3216 510 3256 notare
552 3206 706 3265 idem,
743 3204 878 3268 quod
928 3203 1174 3267 dejicere,
1218 3206 1391 3253 detur·

329 3286 486 3345 bare;
541 3283 696 3336 addo,
746 3288 800 3329 et
852 3294 1091 3329 amovere
1146 3289 1199 3330 et
1247 3297 1392 3330 aver·

327 3370 462 3411 tere.
532 3361 684 3408 Sicut
722 3373 846 3420 ergo
884 3359 994 3406 Cic.
1029 3358 1322 3420 Philippa.
1352 3363 1393 3405 1.

325 3439 481 3491 dixit.
515 3444 528 3464 ⁸
566 3436 682 3484 Nec
724 3450 753 3482 a
792 3434 1057 3495 republica
1088 3434 1393 3497 dejiciebant

328 3512 564 3571 oculos;’
614 3513 689 3560 ita
727 3511 933 3558 omnino
979 3511 1139 3572 magis
1186 3513 1395 3574 proprie

329 3588 607 3638 dicendum
661 3594 798 3635 esset
845 3593 858 3615 ⁴
893 3586 1068 3634 oculos
1117 3586 1181 3634 ab
1228 3587 1399 3649 aliquo

329 3663 649 3726 demovere,’
673 3677 826 3727 quam
849 3664 863 3690 ‘
891 3663 1151 3711 dimovere
1168 3662 1208 3724 ς’
1243 3670 1398 3726 prout

331 3746 458 3794 etin
475 3741 689 3806 optimis
707 3741 1019 3790 editionibus
1034 3741 1168 3803 apud
1189 3742 1397 3789 Terent.

336 3820 566 3882 Adelph.
615 3832 678 3866 ιι.
736 3822 782 3866 1.
824 3822 899 3868 16.
946 3818 1153 3880 legitur,
1206 3822 1219 3845 ‘
1259 3818 1397 3866 Cave

330 3911 472 3948 nunc
502 3896 612 3958 jam
653 3895 826 3943 oculos
849 3909 879 3942 a
914 3895 1040 3941 meis
1076 3892 1237 3942 oculis
1272 3908 1399 3957 quo-

332 3990 488 4042 quam
520 3974 798 4021 demoveas
834 3978 979 4029 tuos;
1000 3969 1016 3991 '
1049 3978 1104 4019 et
1128 3971 1264 4034 apud
1291 3972 1394 4020 Ho-

333 4060 434 4102 rat.
458 4050 560 4101 Od.
583 4056 722 4098 lv.5.
750 4055 825 4099 14.
860 4051 873 4075 ‘
899 4049 1071 4098 Curvo
1095 4064 1189 4098 nec
1216 4049 1399 4098 faciem

313 4126 512 4177 ‘littore
537 4126 773 4174 demovet
794 4140 806 4172 ε
831 4124 843 4145 '
876 4125 1028 4174 nihilo
1044 4126 1210 4174 minus
1230 4133 1401 4174 tamen

338 4205 496 4254 etiam
540 4203 556 4231 ‘
583 4201 882 4258 dimoverc,’
914 4216 1011 4265 pro
1048 4217 1306 4258 annovere,
1348 4208 1402 4250 et

1991 372 2098 434 67.
2389 369 2523 436 893

1454 530 1749 593 demovere,
1771 532 1966 581 dictum
1990 533 2343 596 scriptumque
2371 545 2519 594 repe-

1455 611 1615 668 ritur;
1649 625 1696 657 v.
1721 625 1769 670 g.
1809 611 1943 671 apud
1983 611 2093 659 Cic.
2127 611 2386 659 Paradox.
2408 623 2444 656 1.
2469 615 2517 657 4.

1454 692 1467 714 ⁴
1492 686 1748 748 Voluptas
1771 694 1995 735 mentem
2016 702 2044 735 e
2061 702 2152 734 sna
2173 687 2295 735 sede
2312 693 2365 735 et
2382 694 2521 735 statu

1453 761 1726 809 dimovet-⁹
1768 762 1917 810 Idem
1944 777 2034 824 pro
2060 763 2215 810 Publ.
2238 763 2383 811 Sext.
2403 778 2517 825 cap.

1453 843 1537 887 47.
1592 839 1606 865 ‘
1633 839 1717 887 De
1757 837 1975 886 civitate
2020 840 2218 899 maluit,
2263 853 2411 902 quam
2454 841 2519 888 de

1456 916 1733 978 sententia,
1772 914 2061 963 dimoveri!
2113 914 2256 963 Alias
2299 916 2413 964 Cic.
2453 915 2519 964 de

1456 991 1636 1039 eodem
1681 999 1985 1053 argumento
2022 992 2182 1040 utitur
2218 992 2374 1040 verbo
2397 997 2410 1020 ‘
2439 1006 2520 1039 re-

1458 1067 1705 1126 movere,’
1750 1082 1841 1128 pro
1883 1066 2067 1124 Balbo,
2105 1082 2222 1128 cap.
2259 1073 2307 1114 5.
2356 1069 2370 1093 ‘
2398 1068 2522 1115 Fuit

1459 1158 1631 1198 nemo,
1668 1144 1789 1207 quin
1831 1153 2120 1192 removeret
2159 1145 2353 1204 oculos,
2377 1150 2434 1194 et
2463 1157 2520 1192 se

1460 1228 1627 1269 totum
1653 1218 1953 1270 averteret.'
1986 1220 2138 1268 Idem.

1535 1297 1686 1356 Votis,
1711 1312 1814 1358 quae
1839 1311 1929 1345 non
1951 1297 2129 1359 polam]
2156 1297 2202 1345 1.
2235 1311 2283 1345 ε.
2308 1296 2433 1346 diris
2468 1303 2523 1346 et

1460 1373 1898 1428 execrationibus.
1925 1388 2037 1434 qnae
2072 1374 2318 1422 adversus
2360 1376 2553 1423 malos.

1461 1449 1742 1513 principes,
1761 1463 1859 1497 uon
1886 1450 2051 1511 palam
2071 1448 2296 1512 quidem.
2316 1457 2371 1498 et
2396 1464 2522 1498 voce

1460 1528 1619 1585 clara,
1640 1526 1730 1574 sed
1757 1526 1909 1585 clam,
1934 1535 1989 1573 et
2012 1527 2149 1573 intra
2172 1528 2413 1587 animum,
2432 1527 2522 1575 fie-

1462 1601 1604 1652 bant.
1654 1604 1907 1652 Nimirum
1930 1606 2086 1652 etiam
2105 1605 2263 1652 tacite
2286 1604 2522 1665 quaedam

1460 1682 1895 1742 nuncupabantur
1919 1687 2038 1728 vota
2064 1679 2128 1728 ab
2148 1694 2226 1734 eo,
2244 1680 2328 1743 qni
2348 1680 2523 1742 nimia,

1459 1765 1548 1803 aut
1575 1757 1739 1814 noxia,
1764 1765 1852 1804 aut
1878 1757 2123 1804 indecora
2147 1765 2198 1803 et
2223 1756 2394 1816 nupia,
2432 1768 2523 1817 op·

1462 1832 1627 1881 tabat.
1682 1834 1764 1880 De
1784 1834 1870 1880 tali
1895 1833 2174 1881 Tibull.1v.
2192 1838 2240 1879 5.
2264 1834 2354 1885 ait,
2385 1835 2399 1859 ⁸
2421 1832 2523 1879 Tu·

1462 1910 1563 1957 tius
1586 1918 1764 1970 optat3
1804 1910 1939 1957 Nam
1966 1911 2127 1972 pudet
2151 1910 2261 1957 liaec
2283 1910 2421 1956 illum
2446 1908 2524 1956 di-

1459 1998 1581 2034 cere
1609 1984 1767 2032 verba
1792 1986 1998 2046 palam·
2035 1986 2100 2033 Et
2125 1984 2283 2047 Apul.
2303 1984 2526 2047 Apolog.

1459 2076 1508 2124 p.
1524 2064 1638 2109 268.
1662 2069 1674 2089 ⁶
1693 2061 1897 2109 Tacitas
1919 2076 2098 2123 preces
2117 2062 2378 2122 intemplo
2397 2061 2525 2108 Deis

1460 2139 1731 2197 allegasti:
1766 2138 1925 2199 igitur
1960 2153 2142 2199 magus
2180 2152 2264 2197 es;
2316 2146 2402 2185 aut
2434 2150 2524 2184 cnr

1460 2213 1715 2277 optasti?’
1786 2214 1915 2262 Have
1939 2224 2055 2261 vota
2098 2213 2325 2274 graviter
2348 2228 2526 2274 repre·

1461 2292 1642 2339 uendit
1668 2292 1866 2339 Seneca
1888 2292 2054 2353 Epist.
2074 2294 2151 2338 10.
2179 2290 2351 2337 ‘Tunc
2375 2290 2525 2350 scito,

1463 2375 1517 2416 te
1543 2381 1656 2415 esse
1696 2368 1930 2415 omnibus
1971 2366 2348 2427 cupiditatibus
2392 2365 2525 2412 solu-

1467 2455 1593 2500 tum,
1618 2457 1732 2493 cum
1758 2456 1820 2491 eo
1848 2444 2165 2504 perveneris,
2188 2451 2240 2490 ιιι
2268 2440 2391 2490 niliil
2419 2442 2525 2489 De-

1467 2535 1549 2569 um
1600 2534 1767 2582 rpges,
1810 2521 1902 2567 nisi
1951 2518 2087 2583 qnod
2130 2533 2312 2579 rogare
2360 2518 2525 2580 possis

1468 2597 1654 2661 palam.
1709 2598 1863 2645 Nunc
1888 2598 2023 2644 enim
2050 2604 2238 2656 quanta
2264 2594 2527 2641 dementia

1466 2685 1549 2725 est
1594 2676 1874 2735 bominum,
1924 2674 2217 2736 turpissima
2260 2680 2375 2719 vota
2415 2671 2527 2719 Diis

1468 2752 1809 2800 insusurrant.
1877 2752 1929 2799 Si
1967 2752 2080 2813 qius
2118 2748 2403 2797 admoverit
2438 2762 2528 2795 au·

1468 2844 1595 2888 rem,
1640 2829 2026 2886 conticescmit;
2095 2836 2167 2884 ει,
2214 2825 2348 2889 qnod
2396 2824 2528 2872 seire

1466 2905 1720 2952 homiuem
1745 2905 1929 2965 nolint,
1956 2904 2067 2951 Deo
2093 2901 2337 2950 nart·ant.'
2395 2901 2528 2949 Con·

1468 2979 1550 3028 fer
1577 2982 1738 3028 Persii
1765 2982 1874 3028 Sat.
1905 2993 1966 3027 ιι.
2037 2980 2169 3026 Vide
2196 2979 2349 3025 etiam
2374 2977 2527 3025 Grut.

1468 3059 1671 3119 Suspic.
1700 3071 1774 3105 vi.
1805 3061 1884 3103 15.
1951 3054 2221 3104 Quomodo
2257 3068 2382 3114 ergo
2407 3053 2531 3100 licu-

1467 3133 1613 3192 isset,
1638 3132 1852 3180 exitium
1891 3138 1945 3179 et
1977 3131 2110 3178 mala
2136 3130 2331 3192 quaevis
2358 3129 2530 3190 palam

1467 3213 1741 3273 imprecari
1763 3209 1906 3258 malis
1930 3206 2285 3271 principibus?
2321 3205 2429 3254 Sub
2454 3205 2531 3253 his

1470 3295 1592 3334 vota
1618 3300 1713 3334 uec
1739 3286 1900 3332 libera
1922 3299 2017 3332 noc
2045 3299 2163 3332 vera
2188 3292 2374 3341 eraut;
2416 3298 2529 3332 cnm

1469 3372 1524 3413 et
1542 3362 1784 3412 custodes
1800 3368 2186 3424 apponerentur
2204 3361 2430 3422 templis,
2445 3360 2536 3424 qui

1472 3448 1591 3487 vota
1619 3438 1875 3485 bominum
1911 3437 2317 3499 nuncupandum
2355 3437 2533 3485 obser·

1473 3527 1651 3565 vatent
1674 3534 1687 3575 ;
1743 3515 2027 3577 cujusmodi
2075 3513 2374 3561 custodibus
2430 3528 2532 3563 non

1472 3608 1602 3656 opus
1645 3598 1758 3639 crat
1805 3591 2025 3652 principi
2064 3590 2215 3649 bono,
2261 3597 2314 3639 et
2358 3604 2533 3638 amore

1471 3670 1656 3718 civium
1684 3668 1900 3716 munito.
1965 3668 2165 3716 Seneca
2189 3668 2254 3714 de
2279 3668 2535 3716 Clement-

1473 3759 1510 3795 1.
1536 3749 1614 3793 19.
1638 3746 1651 3770 ‘
1675 3744 1845 3791 Unum
1878 3751 1957 3792 est
1989 3744 2390 3805 inexpugnabile
2428 3757 2534 3791 mu·

1473 3821 1781 3879 uiuientum,
1813 3833 1953 3867 amor
1977 3820 2185 3867 civium.
2240 3817 2376 3867 Quid
2421 3818 2534 3879 pul·

1473 3898 1644 3944 ebrius
1691 3905 1789 3956 est,
1834 3911 1986 3959 quam
2022 3896 2195 3944 vivere
2232 3893 2535 3955 optantibus

1475 3974 1694 4027 cunctis,
1714 3982 1769 4020 et
1796 3981 1913 4020 vota
1938 3986 2034 4020 non
2059 3971 2156 4019 sub
2171 3970 2385 4020 custode
2408 3982 2537 4017 nun·

1475 4048 1783 4109 enpantibns
1799 4047 1834 4094 Γ
1858 4047 2006 4096 Idem.

1548 4127 1659 4175 Non
1679 4125 1858 4189 palam]
1886 4125 1945 4173 ld
1970 4133 2070 4183 est,
2094 4125 2241 4172 malis
2266 4124 2537 4187 noxiisque

1479 4203 1628 4250 votis.
1665 4201 1798 4251 Nam
1818 4201 1866 4248 in
1890 4208 2133 4263 tyrannos
2151 4199 2324 4248 tacitae
2344 4200 2535 4262 passim
