3060 4902
518 341 650 409 664

522 501 890 551 calamitatem.
956 498 1093 551 Vide
1127 512 1304 563 snpra,
1340 501 1404 551 ad
1440 514 1585 552 xxx.

521 583 571 627 2.
606 578 754 627 Idem.
1443 605 1448 610 -

589 654 675 703 Sic
713 652 915 717 quoque]
960 655 1267 718 Elegantem
1308 670 1453 705 usum
1492 655 1587 703 ha-

523 744 635 778 rum
662 730 1031 793 particulsrum
1057 745 1156 780 non
1192 745 1456 795 possumus
1478 744 1582 778 non

524 805 825 863 observare,
848 820 960 854 cum
982 807 1304 857 reconditum
1325 806 1582 871 quendum

521 895 727 930 sensum
764 879 1006 945 afferant,
1039 898 1100 933 ac
1134 883 1446 946 significent,
1472 882 1583 944 jam

523 958 681 1008 etiem
708 972 802 1022 pet·
823 973 880 1007 se
905 959 1096 1022 aliquid
1120 958 1254 1020 fieri,
1290 960 1366 1008 vel
1392 957 1583 1007 facien·

524 1032 647 1081 dum
672 1048 809 1095 esse,
838 1048 953 1083 cum
979 1035 1096 1098 quid
1120 1034 1336 1095 factum,
1366 1042 1456 1083 aut
1483 1047 1582 1083 non

520 1108 761 1171 factum;
830 1111 974 1166 item,
1021 1112 1131 1174 jam
1180 1125 1446 1174 personam
1500 1112 1585 1160 vel

522 1202 653 1247 rem,
691 1186 758 1235 de
790 1202 892 1252 qua
927 1201 1095 1235 sermo
1128 1194 1227 1250 est,
1268 1201 1360 1235 sua
1394 1193 1584 1235 natura

522 1277 636 1312 esse
673 1264 850 1318 talem,
892 1264 1055 1325 qualis
1096 1271 1195 1312 est.
1264 1263 1351 1311 Sic
1386 1278 1582 1325 quoque,

521 1339 558 1389 i.
584 1354 629 1388 e.
647 1340 757 1401 jam
792 1354 884 1402 per
914 1354 988 1400 se,
1019 1340 1185 1401 [sehon
1208 1354 1270 1388 an
1291 1339 1392 1387 sich
1413 1337 1582 1400 selbst]

521 1415 678 1465 etiarn
715 1430 829 1464 cum
859 1430 989 1464 onus
1017 1417 1268 1465 vicesimae
1291 1429 1392 1464 non
1418 1415 1584 1477 impo-

520 1493 695 1553 situm,
726 1492 909 1541 abunde
938 1493 1114 1542 misera
1143 1507 1221 1541 res
1241 1498 1310 1541 est
1329 1490 1585 1555 potet-filio

518 1572 645 1619 solus
679 1572 832 1619 heres.
903 1570 1023 1619 Puri
1071 1569 1222 1618 modo
1263 1570 1466 1618 locutus
1503 1575 1586 1617 est

520 1646 756 1702 Tacitus,
804 1646 956 1694 Plinii
995 1646 1226 1709 aequalis,
1270 1643 1462 1692 Annal.
1504 1657 1584 1691 tv.

523 1726 605 1771 40.
627 1728 675 1771 4.
708 1725 722 1750 ‘
745 1724 832 1770 Sic
869 1735 1074 1786 quoque
1114 1735 1384 1782 erumpere
1428 1734 1584 1768 aemu-

517 1800 763 1847 lationem
789 1797 1110 1857 feminarum,
1133 1811 1297 1860 eaque
1321 1794 1587 1843 discordia

520 1881 742 1936 nepotes
786 1872 1050 1922 convelli:
1087 1871 1227 1935 quid,
1259 1871 1301 1918 si
1346 1870 1585 1919 intenda-

522 1957 610 1998 tur
654 1957 918 1998 certamen
957 1949 1048 1996 tali
1088 1946 1333 2011 conjugio
1353 1947 1389 1995 ?'
1454 1948 1469 1972 ‘
1494 1947 1583 1995 Sic

522 2024 765 2091 quoque,’
806 2027 837 2073 i.
861 2040 909 2073 e.
933 2025 1043 2087 jam
1070 2038 1162 2087 per
1185 2039 1240 2072 se
1264 2024 1442 2083 etiam,
1466 2037 1582 2072 cum

520 2103 720 2151 nullum
775 2102 878 2151 tale
945 2103 1012 2151 sit
1076 2102 1472 2156 matrimonium,
1529 2108 1585 2149 et

523 2193 707 2228 caussa
743 2177 1038 2239 discordiae,
1071 2184 1086 2206 ‘
1117 2191 1390 2240 erumpere
1427 2191 1584 2224 aemu·

520 2256 769 2305 lationem
794 2254 1249 2316 feminarum,'etc.
1302 2254 1451 2302 Idem
1478 2253 1584 2301 An·

520 2333 628 2381 nal.
654 2346 752 2380 xv.
774 2337 851 2380 17.
879 2337 927 2381 2.
964 2333 978 2359 ‘
1000 2332 1088 2381 Sic
1112 2344 1313 2395 quoque
1336 2331 1585 2393 optimam

524 2407 789 2458 fortunam
833 2409 1101 2469 orandam,
1158 2416 1215 2457 ut
1259 2408 1419 2472 pedes
1463 2422 1585 2457 con·

522 2484 697 2536 fectus
745 2487 926 2549 spatiis
969 2486 1232 2545 itinerum,
1274 2486 1494 2532 alacrem
1532 2492 1587 2531 et

521 2560 779 2613 facilitate
831 2576 1128 2625 camporum
1180 2562 1584 2622 praevenientem

522 2639 752 2704 equitem
791 2636 1190 2700 assequeretur!
1238 2637 1446 2686 Curtius
1484 2649 1587 2684 vu.

522 2716 572 2761 8.
598 2717 676 2761 13.
709 2712 725 2739 ‘
748 2713 834 2761 Sic
860 2726 1061 2775 quoque
1094 2711 1436 2773 concupiscis,
1467 2725 1585 2774 quae

522 2801 627 2837 non
662 2787 845 2851 cupis‚’
879 2788 913 2836 i.
937 2802 984 2836 e.
1007 2787 1117 2851 jani
1156 2788 1334 2850 etiam,
1357 2801 1474 2836 cum
1501 2785 1586 2835 Dii

521 2863 753 2913 habiturn
790 2864 1026 2927 corporis
1058 2863 1297 2912 aviditati
1331 2863 1484 2911 animi
1510 2862 1586 2911 tui

521 2954 703 3005 pst-em
754 2954 866 2990 esse
923 2941 1202 2999 noluerint,
1256 2947 1347 2989 tua
1401 2946 1589 2988 ustura

522 3025 540 3048 ⁴
563 3018 901 3081 concupiscis,
921 3033 1035 3082 quae
1054 3033 1154 3068 non
1175 3018 1351 3083 capis-⁹
1405 3019 1488 3068 Ad
1507 3034 1588 3067 se·

524 3096 739 3160 quentia
754 3095 930 3158 verba,
942 3096 957 3123 ‘
971 3103 1118 3159 pater
1132 3094 1237 3144 filio
1253 3095 1389 3143 solus
1405 3094 1591 3152 heres,’

521 3173 577 3223 in
629 3174 859 3236 margine
921 3181 1261 3221 annotaverat
1304 3173 1588 3237 Livineius,

521 3250 636 3298 scil.
672 3252 687 3276 ‘
711 3249 822 3298 siue
855 3246 1176 3311 nepotibus3'
1212 3248 1354 3311 qussi
1389 3249 1589 3299 Plinius

522 3324 702 3375 dicere
725 3325 967 3381 voluerit,
989 3333 1095 3374 tum
1120 3324 1325 3375 demum
1351 3327 1589 3377 miseram

523 3415 634 3450 rem
651 3399 782 3458 sore,
801 3402 843 3450 si
857 3399 990 3450 filius
1010 3400 1315 3451 decessisset
1339 3403 1493 3451 nullis
1513 3417 1589 3452 re-

523 3478 662 3527 lictis
688 3480 882 3539 liberis,
904 3486 961 3528 et
977 3480 1051 3528 sic
1074 3479 1184 3529 sine
1204 3481 1266 3527 iis
1282 3480 1416 3528 solus
1440 3479 1588 3529 here·

526 3554 746 3604 ditatem
765 3563 1005 3604 cerneret
1028 3563 1198 3617 pater.
1236 3557 1409 3617 Negat
1429 3556 1585 3606 Arut-

528 3630 726 3685 nemus,
760 3630 895 3679 hunc
935 3643 1113 3677 verum
1152 3629 1299 3694 hujus
1335 3630 1432 3679 loci
1471 3646 1586 3682 esse

525 3721 767 3767 sensum;
803 3706 1107 3770 putatque,‘
1122 3706 1284 3755 solum
1310 3708 1554 3758 heredem
1571 3707 1588 3730 '

521 3785 609 3837 hic
633 3797 764 3847 esse,
796 3783 837 3831 si
870 3782 1066 3831 nullum
1093 3783 1245 3831 alium
1268 3782 1509 3833 heredem
1536 3786 1586 3835 in

524 3865 839 3912 testamento
881 3858 1244 3922 adscripsisset
1281 3861 1393 3923 ipse
1434 3859 1588 3910 filius.

523 3939 629 3991 Sed
654 3939 834 4003 utique
859 3951 1064 3999 censeo,
1097 3937 1249 3985 istum
1276 3952 1451 3987 verum
1482 3940 1588 3989 Pli-

523 4016 598 4065 nii
632 4029 744 4065 esse
780 4028 1003 4064 sensum.
1072 4013 1323 4078 Loquitur
1353 4016 1487 4064 enim
1522 4015 1589 4064 de

525 4093 856 4143 successione
880 4091 943 4140 ab
970 4091 1236 4147 intestato,
1261 4105 1361 4140 non
1395 4106 1459 4141 ex
1487 4098 1592 4143 tes-

525 4175 793 4218 tamento:
828 4167 904 4217 sic
929 4180 1114 4216 revera
1147 4166 1389 4217 indicium
1414 4169 1593 4217 miser-

526 4243 669 4295 rima
699 4243 938 4294 orbitatis
974 4238 1090 4294 e'rst
1111 4242 1127 4271 ‘
1145 4251 1297 4308 pater
1320 4243 1429 4295 tilio
1451 4245 1590 4295 solus

1208 357 1429 410 NOTAE
1478 356 1891 407 vARtoltUM
1942 358 2025 408 m

1658 501 1847 551 heres!
1913 502 1981 552 Et
2004 499 2141 566 qnod
2165 499 2402 551 solatium
2428 500 2492 551 ad
2518 506 2724 566 patrem

1658 576 2016 640 redundasset,
2045 578 2086 626 si
2115 577 2253 627 filius
2278 579 2611 642 peregrinum
2636 595 2722 630 co-

1658 653 1900 705 heredem
1938 655 2300 718 adscripsisset
2334 658 2510 719 patri?
2543 658 2695 707 Idem.

1722 729 1770 779 A
1795 730 1933 795 filio]
1972 731 2087 780 Nec
2127 737 2438 780 testamento
2485 732 2597 795 ejus
2635 733 2727 780 ds·

1659 813 1786 863 tum,
1828 821 1925 856 nec
1959 808 2007 855 ei
2036 808 2298 871 junctum,
2337 808 2506 871 qualis
2532 815 2614 858 est
2636 807 2723 857 fis·

1657 897 1767 944 cns,
1796 898 1947 947 quem
1976 882 2061 932 lex
2086 883 2296 945 ingerit.
2328 885 2465 948 Lips.

1723 959 1868 1007 Illam
1901 959 2244 1022 exceptionem]
2295 960 2428 1014 Cod.
2466 958 2731 1024 Sulishur·⁴

1659 1035 1852 1097 gensis,
1891 1049 1986 1097 pro
2025 1049 2150 1084 voce
2186 1036 2523 1098 exceptionem,
2547 1035 2727 1084 habuit

1656 1113 2006 1173 acceptionem,·
2041 1112 2131 1160 sed
2162 1113 2274 1175 jam
2311 1113 2520 1176 entique
2545 1126 2726 1161 manus

1659 1189 1892 1250 reposuit
1934 1190 2274 1248 exceptionem.
2356 1189 2573 1238 Scilicet
2624 1188 2729 1237 ists

1659 1262 1817 1310 verba
1835 1261 2043 1312 fuerunt
2062 1265 2109 1311 in
2130 1264 2305 1314 edicto
2325 1265 2516 1314 Nervoe
2535 1279 2551 1325 ;
2573 1280 2724 1330 quarn

1656 1345 1829 1387 autern
1870 1341 2232 1402 exceptionem
2267 1341 2539 1405 Trajsnus,
2579 1350 2640 1390 nt
2670 1355 2726 1389 se

1661 1414 2043 1477 benigniorem.
2098 1416 2450 1476 ostenderet,·
2500 1418 2726 1465 sustulit.

1661 1492 1814 1543 Quod
1844 1492 1885 1539 si
1918 1505 2040 1540 vero
2073 1492 2323 1555 Trajanus
2348 1492 2457 1555 jam
2489 1493 2577 1541 illo
2601 1498 2726 1542 tem·

1663 1582 1806 1629 pore,
1847 1583 1946 1631 quo
1990 1569 2073 1617 hic
2122 1569 2490 1632 panegyricus
2515 1568 2726 1618 habitus

1662 1652 1761 1696 est.
1796 1644 2016 1693 removit
2049 1644 2198 1693 istam
2231 1643 2619 1708 exceptionem,
2643 1658 2728 1693 vo-

1662 1719 1881 1783 luitque,
1905 1727 1979 1781 ut,
2005 1721 2210 1769 etiamsi
2235 1719 2370 1770 filius
2389 1734 2491 1769 non
2515 1729 2655 1771 esset
2676 1722 2729 1769 in

1662 1804 1924 1859 potestate
1983 1798 2167 1860 patris,
2225 1805 2494 1859 paternam
2552 1803 2730 1846 tamen

1659 1873 2006 1922 hereditatem
2076 1880 2331 1936 caperet;
2386 1874 2580 1935 nescio,
2635 1887 2729 1923 eur

1662 1957 1844 2012 postea
1895 1950 2099 1998 Plinius
2140 1950 2306 2013 Epist.
2349 1962 2408 1999 x.
2452 1953 2502 1998 6.
2540 1963 2659 1999 cum
2694 1964 2731 1999 ι

1659 2026 1881 2088 Trajauo
1904 2032 2130 2088 peteret,
2151 2033 2206 2072 ut
2227 2025 2405 2074 liberis
2427 2025 2730 2089 Chrysippi,

1660 2102 1896 2164 Epigono
1931 2111 1983 2149 et
2006 2100 2324 2157 Mithridati,
2359 2101 2509 2149 daret
2543 2102 2727 2151 civita·

1662 2186 1786 2239 tem,
1820 2187 1992 2226 tamen
2031 2191 2248 2226 necesse
2274 2178 2491 2240 putarit,
2526 2178 2673 2227 simul
2697 2192 2728 2227 s

1659 2254 1886 2315 Trajuno
1913 2261 2114 2315 petere,
2145 2260 2201 2302 ut
2224 2251 2275 2301 hi
2301 2253 2449 2302 liberi
2475 2262 2651 2303 essent
2675 2255 2726 2303 in

1661 2329 1822 2392 patris
1848 2337 2128 2391 potestate.
2171 2329 2416 2378 Seleu-urz.
2633 2347 2634 2350 ¹

1735 2407 1843 2458 Vim
1885 2408 2125 2470 legemque
2167 2405 2380 2469 notura]
2431 2407 2498 2456 In
2541 2406 2726 2458 codice

1656 2485 2035 2546 salisburgensi
2072 2484 2287 2547 legimus
2322 2484 2542 2533 uidelicet
2573 2486 2728 2547 legens

1659 2566 1862 2610 παίωνα.
1928 2559 2034 2608 Sed
2061 2558 2239 2615 credo,
2260 2560 2393 2609 hanc
2414 2561 2727 2611 varietatem

1662 2653 1727 2687 ex
1751 2636 2074 2701 compendiis
2109 2636 2371 2686 scribendi
2397 2643 2564 2686 ortam
2599 2651 2735 2687 esse.

1662 2716 1816 2765 Idem.

1725 2792 1942 2855 Semper]
1981 2792 2153 2841 Etiam
2174 2790 2400 2854 grandes
2424 2797 2480 2840 et
2498 2790 2728 2849 adultos.

1662 2868 1822 2918 etiam
1870 2875 2023 2931 patre
2057 2867 2340 2931 digniores.
2388 2868 2732 2931 potentiores.

1663 2944 1783 2993 Huc
1804 2945 1941 2991 enirn
1964 2957 2190 3008 sequens
2213 2943 2539 3006 comparatio
2572 2955 2734 3006 spec-

1664 3028 1761 3070 tst.
1795 3020 1932 3082 Lips.

1728 3095 1790 3143 In
1813 3096 1992 3144 ditione
2009 3093 2282 3158 parentum]
2316 3100 2331 3122 ‘
2351 3092 2584 3158 Στέργειν
2618 3095 2734 3146 sive

1662 3174 1863 3235 diligere
1900 3181 2163 3236 parentes,
2204 3173 2612 3237 natnrae'primn
2644 3174 2733 3223 lex

1664 3248 1782 3312 est,'
1798 3250 1914 3298 Val.
1939 3249 2083 3298 Max.
2107 3263 2162 3298 v.
2180 3254 2230 3298 4.
2253 3254 2304 3298 7.
2329 3264 2482 3314 quam
2504 3264 2731 3315 sequun-

1663 3333 1749 3375 tur
1767 3325 1938 3374 omnia
1976 3325 2234 3374 animalia.
2302 3325 2378 3375 At
2414 3339 2537 3375 vero
2569 3327 2736 3391 τιμᾷα,

1656 3417 1843 3467 parere,
1877 3410 1958 3450 est
1993 3401 2129 3465 juris
2170 3401 2401 3465 gentium
2436 3410 2493 3451 et
2528 3411 2731 3452 tantum

1662 3481 1943 3529 hominum.
2007 3479 2180 3528 Homo
2227 3478 2406 3541 igitur,
2440 3492 2542 3543 qua
2577 3479 2731 3529 homo

1663 3564 1764 3616 est,
1803 3554 2008 3603 etiamsi
2051 3555 2119 3602 sit
2156 3552 2358 3617 sortior,
2401 3555 2733 3606 imbecilliori

1663 3640 1837 3681 temen
1862 3630 2065 3695 parenti
2085 3629 2405 3693 obsequitur.
2425 3643 2619 3679 morem
2641 3644 2731 3693 ge·

1663 3709 1748 3763 rit,
1783 3708 2001 3770 patriam
2029 3713 2234 3755 tuetur:
2272 3720 2374 3768 qua
2411 3715 2586 3756 autem
2620 3708 2731 3757 ani-

1664 3787 1763 3833 mal
1788 3793 1986 3834 neturae
2012 3781 2175 3831 ductu
2200 3782 2391 3831 nemini
2417 3783 2513 3831 nisi
2540 3783 2732 3833 viribus

1663 3860 1922 3922 superiori
1956 3857 2118 3913 cedit,
2140 3858 2228 3922 jus
2261 3857 2315 3907 in
2353 3857 2545 3907 viribus
2569 3859 2734 3923 ponit.

1662 3937 1816 3986 Rern.

1729 4015 1789 4063 In
1812 4012 2018 4076 ditione]
2052 4012 2100 4061 1.
2122 4027 2173 4062 e.
2208 4012 2261 4061 in
2298 4019 2582 4075 potestate.
2647 4014 2735 4065 Its

1665 4092 1851 4142 Cicero
1871 4090 2164 4141 identidem
2189 4096 2465 4154 utrumque
2502 4092 2732 4140 vocabu·

1664 4171 1768 4219 lum
1790 4167 2089 4230 conjungit3
2115 4181 2165 4214 v.
2184 4180 2236 4229 g.
2259 4179 2355 4228 pro
2377 4166 2594 4219 Quinct.
2611 4182 2660 4217 c.
2682 4172 2735 4218 2.

1667 4245 1926 4309 ‘Omnes,
1968 4256 2189 4309 quorum
2229 4243 2283 4293 in
2316 4242 2533 4295 alterius
2573 4258 2734 4296 manu
