3060 4902
705 401 777 450 c.
828 400 1094 451 ΡωΝιι
1143 400 1476 451 suenum
1529 402 1810 453 nunc.
1888 381 2082 453 1.15.

275 543 558 610 plurimum
605 545 778 594 omnis
812 545 1063 596 studiosa
1095 546 1366 609 juventus,

279 622 577 685 presertim
603 623 768 671 sacris
792 630 1046 686 operata,
1069 621 1246 672 debet.
1278 624 1366 672 vi·

285 696 350 748 de
384 708 443 747 et
469 699 706 750 casaub.
731 700 785 747 in
811 700 1056 749 Exercit.
1081 700 1144 748 sd
1171 700 1364 749 Baron.

287 774 477 825 Annal.
513 789 565 826 c.
587 779 671 827 88.
706 777 943 828 Exercit.
978 780 1097 827 4⁶1.
1127 784 1182 826 et
1218 791 1362 843 seqq.

359 925 639 990 Coss-esu]
674 926 767 977 Ita
801 927 900 977 boc
939 927 1154 978 verbum
1190 927 1365 990 expri-

292 1013 444 1054 munt
466 1004 683 1053 codices
705 1004 836 1054 Mss.
863 1004 1147 1067 Livineius,
1169 1005 1365 1055 Grute-

294 1094 404 1142 rus,
428 1080 517 1129 alii
532 1096 549 1130 ς
573 1078 712 1129 haud
737 1088 913 1129 tamen
940 1080 991 1128 iu
1016 1081 1194 1144 paucis
1219 1081 1364 1131 libris

291 1157 508 1221 legitur,
530 1157 836 1205 mneeists'.
869 1157 1135 1209 Schwart-

357 1233 582 1284 Emerita
600 1234 763 1297 arnse]
798 1233 1021 1283 Munere
1037 1248 1129 1284 suo
1155 1235 1363 1298 egregie

291 1307 611 1374 perfunctas
660 1317 719 1358 nt
752 1308 1019 1359 ‘emeriti'
1053 1310 1365 1359 dicebantur

290 1388 508 1450 milites,
525 1388 613 1453 qui
633 1394 755 1452 post
771 1395 974 1438 certum
999 1402 1245 1438 annorum
1269 1402 1364 1438 nu·

290 1477 512 1521 merum,
556 1464 748 1530 quibus
798 1464 935 1515 bello
992 1466 1362 1521 inserviissent,

291 1542 627 1592 vacationem
651 1541 1022 1604 impetrabant.
1057 1542 1274 1592 Putaui.

356 1618 581 1668 Esses-ite
599 1616 756 1680 asna]
794 1618 828 1667 i.
850 1631 898 1667 e.
918 1631 1079 1674 arma,
1102 1632 1218 1683 quie
1240 1623 1362 1683 post

291 1703 565 1759 peractam
607 1694 868 1752 militiam,
909 1696 1050 1758 pacis
1105 1703 1366 1758 tempore,

292 1770 443 1836 quasi
465 1771 771 1835 quiescunt3
807 1776 899 1822 aut
936 1785 1075 1835 quae,
1112 1780 1228 1833 post
1267 1772 1360 1820 im·

290 1847 435 1912 plets
454 1845 735 1911 stipendia,
770 1847 968 1896 milites
999 1848 1201 1897 emeriti
1236 1847 1357 1897 lari·

287 1922 387 1973 bus
409 1923 813 1986 consecrabant,
833 1922 1358 1989 suspendebantque;

291 2001 397 2061 vel,
416 2013 531 2064 quae
555 1999 679 2049 belli
699 1999 879 2060 duces,
901 2000 988 2062 qui
1019 2013 1072 2048 re
1093 1998 1224 2048 bene
1241 2013 1358 2061 ges·

290 2082 347 2126 ta
373 2076 663 2140 redierant,
697 2078 821 2128 Jovi
846 2076 1052 2127 Reduci
1087 2078 1138 2127 in
1165 2079 1357 2141 templo

287 2152 619 2205 dedicabant.
687 2152 770 2203 Ad
793 2168 944 2219 quem
963 2156 1119 2203 ritum
1140 2155 1357 2217 respicit

289 2230 449 2281 Osid.
462 2231 627 2280 Trist.
643 2244 724 2280 tv.
737 2234 787 2280 3.
801 2234 855 2280 2.
872 2233 888 2260 ‘
907 2231 1082 2294 Miles,
1098 2239 1155 2280 ut
1172 2232 1355 2281 emeri-

287 2308 359 2358 tis
390 2321 496 2356 nou
529 2315 615 2356 est
647 2308 773 2356 satis
806 2307 949 2357 utilis
985 2307 1157 2363 armis,
1197 2308 1358 2357 Ponit

286 2385 353 2434 ad
380 2385 646 2447 antiquos,
680 2398 796 2448 qum
830 2386 954 2435 tulit
989 2399 1152 2448 arma,
1187 2383 1357 2433 lares.'

289 2460 617 2524 Quamquam
639 2460 713 2509 ibi
739 2462 793 2510 in
816 2461 1078 2511 nonnullis
1114 2461 1256 2511 libris
1280 2461 1355 2510 le·

288 2545 465 2603 gatur,
487 2538 749 2587 ‘emeritis
775 2538 962 2588 annis!
993 2539 1232 2590 Lucanus
1259 2539 1357 2588 eti-

289 2628 389 2671 am.
407 2629 447 2664 ι.
463 2617 580 2664 2³9.
600 2628 746 2679 seqq.
760 2622 777 2645 ‘
794 2616 973 2677 Rupta
993 2616 1133 2678 quies
1159 2616 1354 2679 populi,

288 2693 576 2756 stratisque
602 2692 774 2740 excita
786 2693 1057 2756 juventus,
1079 2693 1356 2756 Diripiunt

288 2769 445 2820 sacris
486 2766 643 2818 affixa
689 2767 977 2818 Penatibus
1018 2782 1178 2824 arma,
1219 2769 1352 2820 Quae

287 2859 391 2910 pu
414 2845 573 2910 longa
606 2844 807 2895 dabat.'
873 2846 943 2894 Et
982 2859 1155 2894 rursus
1197 2846 1357 2895 Ovid.

289 2921 508 2973 Beroid.
534 2922 707 2985 Epist.
732 2935 862 2972 xm.
880 2925 962 2971 49,
984 2923 999 2951 ⁸
1023 2921 1112 2984 m,
1151 2936 1353 2986 precor,

287 3014 319 3050 a
354 3001 505 3050 nobis
550 3014 702 3049 omen
744 3007 1010 3049 removete
1052 3001 1356 3062 sinistrum;

289 3077 358 3126 Et
383 3091 478 3126 sna
499 3076 590 3125 det
616 3076 819 3126 Reduci
844 3075 922 3125 sir
944 3091 1086 3126 meus
1105 3090 1244 3125 arms
1259 3076 1352 3127 Jo-

289 3149 379 3201 τί.)
446 3152 598 3201 Idem
628 3151 789 3202 ovid.
813 3151 955 3201 Fast-
977 3165 1018 3200 1.
1038 3155 1156 3201 ⁶65.
1194 3152 1350 3203 etiam

286 3228 563 3277 ‘aratrum
609 3227 883 3277 emeritum
911 3225 929 3251 ’
983 3234 1156 3289 vocat,
1213 3227 1352 3292 quod

287 3311 408 3368 post
432 3311 678 3365 peractos
690 3303 892 3353 labores
916 3302 1352 3367 suspendebatur,

287 3386 346 3430 et
368 3380 512 3429 velut
535 3378 874 3443 quiescebat:
909 3378 1190 3429 ‘Rusticus
1213 3393 1351 3428 eme·

288 3455 445 3505 ritum
473 3456 595 3518 pslo
617 3454 888 3518 suspendit
910 3452 1179 3505 aratrum?
1248 3456 1355 3505 Pli-

287 3532 430 3581 nium
471 3537 699 3579 nostrum
732 3531 962 3580 imitatus
1008 3532 1124 3582 Lat.
1169 3531 1353 3581 Pacat.

285 3605 496 3670 Paneg.
528 3619 650 3668 cap.
678 3610 755 3655 10.
789 3609 806 3636 ⁸
825 3606 926 3656 Vix
952 3608 1173 3658 emerita
1210 3622 1354 3657 arma

286 3682 664 3747 suspenderas;
689 3683 800 3746 jam
835 3683 967 3733 bosti
1006 3692 1235 3735 armatus
1276 3685 1353 3734 in·

285 3757 498 3810 stabas:
531 3756 770 3808 Schuetz·

360 3835 711 3897 venes-amque
755 3834 972 3899 studere]
1028 3835 1349 3888 Particulam

287 3909 573 3974 ὴκλετιιὴν
606 3924 694 3974 φιε
729 3923 798 3959 ex
836 3912 1024 3961 codice
1058 3912 1162 3963 Mn.
1200 3913 1348 3964 Pari·

286 3986 465 4049 aiensi,
510 3992 565 4035 et
602 3992 800 4047 nostro,
832 3987 1157 4050 recepimus;
1195 4004 1348 4054 quam

286 4064 445 4115 etiam
481 4061 761 4124 Livineius,
790 4062 1071 4120 Gruterus.
1095 4073 1152 4115 et
1183 4066 1264 4115 De
1299 4067 1350 4116 la

288 4138 611 4203 Banne,jam
635 4137 936 4203 prodidere.
969 4140 1120 4191 Idem.

352 4213 588 4279 eas-pn]
652 4214 719 4264 Iu
776 4228 879 4280 quo
934 4223 989 4265 te
1045 4217 1350 4267 exercuisti.

285 4294 581 4439 wimpi-
600 4377 648 4424 et
676 4371 796 4425 Ver.
820 4373 957 4424 cias.

1237 4374 1423 4440 Panes.
1453 4375 1561 4428 Vct.

2374 388 2508 456 497

1508 546 1811 607 Rdectiones
1833 552 1943 597 tuus
1968 545 2185 610 arbores]
2220 547 2326 597 Pro
2351 550 2506 597 rusti-

1440 635 1504 672 co
1528 631 1581 673 et
1605 623 1813 672 militari
1842 624 1965 673 item
1992 625 2111 681 ritu,
2135 625 2225 689 qui
2250 623 2390 675 cibos
2416 639 2503 675 ca·

1441 698 1657 761 piebant
1704 705 1719 728 ⁴
1745 708 1965 763 propter
2010 715 2159 764 aquae
2204 701 2357 759 rivos,
2402 702 2498 752 sub

1441 776 1596 823 ramis
1620 775 1820 825 arboris
1838 775 1995 825 auae:
2028 777 2180 826 Idem.

1505 850 1735 899 Somnum
1750 852 1894 915 saxu]
1916 850 2298 902 Credemusne?
2324 852 2503 904 creda·

1438 942 1574 991 mus,
1631 937 1688 978 et
1727 944 1810 977 res
1856 937 1937 978 est
1958 945 1974 977 ε
2009 928 2167 979 duces
2210 930 2503 995 militesque

1440 1005 1583 1066 olim,
1623 1006 1803 1055 nonin
1840 1006 2091 1062 culcitris,
2128 1005 2221 1054 sed
2257 1007 2308 1054 in
2349 1012 2503 1070 terra,

1440 1091 1530 1131 aut
1556 1082 1808 1146 gramine,
1844 1090 1899 1132 et
1932 1083 2014 1147 (ut
2035 1083 2306 1147 magnum)
2338 1084 2388 1131 in
2413 1098 2524 1132 an·-

1441 1163 1543 1213 tro,
1568 1166 1658 1207 aut
1683 1172 1866 1221 specu,
1901 1173 2026 1207 saxo
2065 1161 2402 1223 impendente
2441 1175 2503 1211 ac

1442 1234 1676 1298 tegente,
1712 1235 1988 1284 dormisse.
2052 1237 2254 1286 Marius
2290 1237 2340 1285 in
2388 1239 2503 1287 Sal·

1440 1310 1631 1360 lustio:
1670 1310 1774 1359 ‘At
1812 1313 1896 1360 ills
1936 1313 2102 1362 multo
2126 1313 2326 1375 optima
2347 1313 2502 1363 edoc-

1442 1395 1526 1437 tus
1550 1402 1683 1448 sum,
1719 1387 1936 1437 hiemem
1979 1396 2036 1438 et
2076 1396 2312 1438 aestatem
2342 1390 2505 1453 juxta

1437 1465 1569 1527 pati,
1587 1464 1723 1512 humi
1750 1464 2114 1527 requiescere)
2146 1466 2298 1514 Idem.

1505 1540 1859 1602 Proetexeriut]
1912 1539 2115 1590 Plinius
2151 1541 2368 1590 inuuere
2411 1556 2502 1591 vo·

1437 1616 1552 1678 luit,
1567 1615 1781 1665 arbores
1801 1624 2027 1678 tantum,
2042 1624 2273 1666 veterum
2291 1618 2499 1667 heroum

1439 1694 1703 1756 exemplo,
1755 1694 2057 1757 Trajanum,
2103 1695 2246 1744 tenui
2287 1695 2402 1744 cibo
2447 1705 2503 1745 et

1437 1770 1652 1833 potione
1673 1784 1728 1818 se
1765 1769 2108 1832 reficientem,
2149 1772 2503 1837 obumbrasse,

1437 1852 1492 1895 et
1512 1859 1640 1895 saxa
1664 1845 1713 1894 in
1739 1846 1998 1909 speluncis
2032 1848 2370 1897 dormientem
2410 1850 2501 1899 ob·

1438 1914 1649 1978 texisse.
1676 1930 1735 1972 ut
1757 1923 1937 1972 saltem
1962 1939 1991 1971 a
2014 1921 2206 1986 frigore
2242 1931 2297 1974 et
2329 1926 2499 1975 calore

1429 1998 1821 2049 defenderetur.
1888 2000 2085 2050 Eadem
2111 2009 2295 2065 postea
2320 2002 2383 2051 de
2407 2003 2496 2051 be·

1429 2075 1518 2125 roe
1544 2090 1638 2124 suo
1678 2076 1927 2125 stilicone
1967 2079 2276 2140 praedicavit
2313 2080 2498 2129 Claud.

1431 2149 1497 2200 de
1520 2151 1586 2200 B.
1612 2150 1680 2200 G.
1706 2166 1780 2200 vs.
1802 2156 1917 2203 3⁵4.
1941 2168 2086 2217 seqq.
2121 2156 2137 2183 ‘
2162 2154 2356 2219 Raptos
2378 2170 2501 2205 con-

1431 2235 1611 2279 tentus
1647 2229 1697 2277 in
1735 2228 1889 2278 armis
1918 2230 2196 2280 Delibasse
2237 2232 2381 2282 cibos
2408 2266 2423 2280 .
2447 2265 2461 2280 .
2488 2268 2500 2283 .

1430 2319 1527 2354 nec
1553 2305 1724 2354 mollia
1740 2303 1874 2353 fesso
1891 2306 2069 2354 Strata
2088 2306 2281 2356 dedere
2307 2317 2498 2360 torum.

1429 2382 1686 2432 Tenebris
1710 2383 1752 2430 si
1777 2396 1919 2430 caeca
1943 2384 2195 2445 repressit
2221 2384 2342 2432 Nox
2369 2385 2496 2446 iter,

1431 2467 1521 2508 aut
1547 2459 1738 2523 spclaea
1763 2457 1902 2508 subit
1936 2459 2214 2508 metuenda
2253 2458 2501 2518 ferarum,

1428 2534 1541 2584 Aut
1588 2535 1836 2597 pastorali
1886 2534 2059 2598 jacuit
2116 2535 2216 2584 sub*
2257 2537 2499 2601 culmine,

1432 2609 1594 2661 fultus
1619 2610 1889 2660 Cervicem
1925 2611 2151 2674 clypeo!
2218 2614 2496 2676 Speluncas

1435 2699 1562 2734 vero
1586 2685 1760 2748 obtegi
1788 2687 1960 2735 solent
1985 2688 2143 2735 saxis.
2210 2689 2361 2737 Unde
2386 2690 2496 2739 Cic.

1429 2762 1494 2811 de
1517 2762 1669 2818 Fato,
1694 2776 1809 2824 cap.
1835 2767 1879 2811 3.
1905 2764 2104 2824 scribit,
2131 2767 2144 2791 ⁸
2165 2779 2229 2812 ex
2249 2766 2499 2827 spelunca

1428 2854 1610 2889 saxum
1636 2840 1686 2887 in
1707 2854 1857 2887 crura
1873 2840 2035 2888 Icadii
2056 2841 2334 2891 incidisse!
2357 2852 2369 2870 ⁴
2389 2843 2496 2891 Pu-

1431 2914 1519 2979 to,'
1557 2916 1744 2978 inquit.
1783 2916 2020 2965 ‘etiamsi
2049 2917 2258 2966 Icadius
2297 2919 2347 2966 in
2379 2933 2495 2980 spe·

1428 2993 1583 3041 lunca
1607 3007 1706 3041 non
1734 2990 1938 3052 fuisset,
1957 3007 2137 3041 saxum
2165 3001 2337 3042 tamen
2365 2995 2493 3043 illud

1428 3081 1668 3118 casurum
1694 3066 1888 3116 fuisse!
1924 3068 2167 3116 Schwurz.

1494 3144 1712 3206 Magnus
1751 3143 1939 3207 hospes]
1988 3144 2304 3193 Claudianus
2340 3143 2495 3196 Bello

1427 3221 1623 3271 Getico
1663 3220 1727 3269 de
1762 3220 2035 3281 stilicone,
2070 3221 2086 3246 ‘
2109 3222 2229 3270 Stat
2276 3220 2498 3284 pallidus

1424 3297 1636 3359 hospite
1660 3311 1843 3358 magno
1868 3296 2092 3347 Pastor.'
2121 3297 2283 3348 Licin.

1494 3373 1797 3437 Impleceris]
1830 3372 1938 3421 Aut
1964 3375 2335 3436 magnitudine,
2373 3388 2490 3425 natu

1430 3458 1484 3502 et
1505 3463 1727 3512 corpore
1753 3450 1887 3512 talis,
1920 3456 2011 3498 aut
2033 3458 2177 3498 certe
2200 3451 2490 3512 majestate.

1495 3604 1558 3653 Iss
1585 3601 1866 3668 prasentia]
1902 3603 2020 3653 Non
2055 3600 2236 3651 babuit
2276 3602 2345 3652 H.
2373 3603 2491 3654 Ste-

1428 3679 1645 3743 phanus,
1668 3694 1762 3729 cur
1801 3679 1867 3729 de
1892 3679 2175 3728 Latinitate
2213 3679 2364 3742 hujus
2388 3679 2490 3729 for·

1426 3759 1579 3809 mulae
1600 3759 1906 3820 dubitaret3
1933 3766 2119 3821 utpote
2149 3760 2231 3807 cui
2256 3760 2304 3807 iu
2326 3760 2487 3808 Pseu-

1427 3834 1634 3885 do·Cic.
1678 3850 1732 3899 p.
1761 3840 1844 3883 98.
1867 3835 2097 3898 suspecti
2125 3836 2366 3885 dicuntur
2390 3836 2490 3886 loci

1425 3924 1604 3959 omnes
1631 3911 1768 3974 apud
1803 3910 1913 3959 Cic.
1945 3911 2034 3959 ubi
2072 3911 2261 3973 legitur
2289 3912 2341 3961 in
2362 3928 2487 3975 proe-

1421 3985 1595 4035 sentia.
1642 3984 1768 4035 Vult
1786 3986 1921 4034 enim
1944 3993 2143 4034 tantum
2167 3986 2267 4035 dici
2291 3990 2342 4036 ιἰι
2363 4004 2487 4050 prae-

1424 4064 1569 4124 scuti,
1588 4069 1647 4112 ut
1672 4062 1986 4126 respondeat
2008 4063 2205 4113 Grecis
2230 4064 2283 4112 ἐν
2300 4067 2367 4127 τᾷ
2394 4083 2485 4112 τα-

1423 4140 1572 4204 ρόντι.
1606 4142 1798 4191 Verum
1820 4141 1953 4192 haud
1981 4140 2230 4190 credibile
2255 4148 2354 4196 est,
2378 4148 2485 4191 tam

1423 4220 1615 4269 multos
1652 4221 1810 4282 locos,
1851 4233 1950 4268 non
1994 4220 2158 4268 solum
2197 4217 2332 4281 apud
2373 4216 2485 4266 Cic.

1422 4293 1514 4343 sed
1540 4295 1697 4347 etiam
1723 4295 1860 4362 apud
1892 4296 2108 4346 Terent.
2131 4294 2262 4344 Caes.
2286 4295 2484 4356 Nepot.

2261 4379 2291 4422 2
2328 4374 2351 4420 1
