3060 4902
780 397 844 443 o.
892 394 1132 443 mmm
1181 390 1509 443 suonam
1561 392 1836 442 muno.
1910 393 1963 439 1.
2004 375 2112 441 70.

337 538 679 600 Arntzeuins3
718 552 1008 604 quanquam
1042 537 1124 588 vir
1159 537 1396 587 doctissi-

339 635 450 671 mus
489 619 716 669 noluerit
747 616 1088 678 dissimulare,
1122 623 1287 666 totum
1322 616 1393 665 lo·

338 712 456 747 cum
490 695 592 745 sibi
627 693 899 744 admodum
937 708 1051 743 esse
1079 699 1396 756 suspectum,

341 773 426 822 vel
448 771 586 831 ideo,
614 769 749 835 quod
774 770 974 819 Plinius
999 778 1194 832 noster,
1226 778 1279 819 et
1303 784 1396 832 op·

343 850 454 900 timi
478 858 739 912 auctores,
776 862 1036 911 nunquam
1072 863 1147 896 πα·
1166 855 1396 911 utantur,

342 927 440 976 nisi
465 926 554 976 ubi
578 938 859 989 pronomen
885 931 1146 988 sequatur.
1180 925 1269 973 Sic
1290 925 1396 973 Pli-

341 1002 459 1053 nius
479 1017 652 1065 supra,
676 1014 795 1051 xvt.
818 1006 866 1050 6.
904 1007 919 1030 ⁴
939 1001 1038 1050 Nae
1062 1001 1168 1055 ille,
1189 1000 1296 1049 sive
1320 1001 1396 1049 iu·

341 1078 540 1129 terfuso
565 1077 729 1136 mari,'
753 1081 853 1128 διο.
886 1091 1075 1127 xxvn.
1094 1082 1143 1126 2.
1160 1079 1176 1105 ‘
1203 1065 1397 1127 Noeill'e

343 1159 397 1207 in
434 1163 537 1207 tam
570 1155 717 1205 brevi
754 1163 988 1218 tempore
1025 1151 1296 1204 effecerit.’
1331 1156 1396 1204 E·

344 1233 467 1296 pist.
490 1246 589 1281 vn.
625 1236 705 1281 12.
744 1230 758 1257 ‘
779 1231 876 1280 Nae
904 1237 978 1286 tu.
1001 1245 1114 1279 cum
1139 1231 1237 1280 hoc
1258 1231 1396 1293 lege-

344 1309 454 1369 ris,’
484 1313 585 1359 dcc.
648 1307 963 1358 Tursclliuns
989 1314 1181 1364 tamen,
1218 1317 1273 1357 et
1294 1307 1400 1362 alii,

344 1388 654 1451 largiuntur,
676 1387 860 1436 saltem
884 1385 1022 1448 apud
1043 1387 1267 1435 comicos
1286 1401 1394 1450 par·

345 1466 555 1515 ticulum
592 1480 668 1514 noe
702 1463 977 1529 aliquando
1007 1464 1117 1512 sine
1151 1464 1398 1528 adjuncto

346 1543 648 1605 pronomine
682 1541 915 1604 reperiri.
973 1541 1132 1589 Leon.
1154 1541 1400 1603 Malaspi·

345 1634 432 1682 na,
456 1620 509 1669 in
541 1618 997 1668 Emendatiouibus
1030 1618 1133 1666 suis
1155 1618 1219 1666 ad
1252 1619 1398 1668 Cice·

347 1696 485 1745 ronis
527 1696 698 1757 Epist.
743 1694 809 1744 ad
858 1693 1107 1750 Atticum,
1141 1703 1197 1743 et
1240 1695 1400 1744 nomi-

348 1774 508 1823 natim
536 1773 598 1823 ad
624 1786 700 1821 vt.
729 1777 775 1821 1.
801 1787 852 1835 p.
872 1775 984 1821 136.
1008 1772 1072 1819 ad
1097 1772 1208 1820 haec
1227 1774 1401 1826 verba,

346 1849 364 1876 ⁴
383 1849 483 1899 ΝΒ
508 1855 566 1898 tu
597 1864 679 1899 me
710 1848 1035 1898 solicitudine
1069 1862 1253 1912 magua
1273 1848 1400 1898 libe·

347 1925 515 1986 raris,'
558 1936 731 1989 negat,
785 1933 907 1974 ante
960 1926 1122 1974 Vauae
1168 1933 1399 1989 tempora

348 2004 488 2067 apud
529 2004 740 2053 Latinos
772 2018 849 2051 σιω
883 2002 1201 2066 diphthongo
1238 2005 1400 2065 scrip·

349 2093 455 2129 tum
481 2080 728 2142 inveniri;
762 2080 920 2143 inque·
950 2095 1011 2127 eo
1045 2087 1183 2129 totus
1214 2088 1310 2140 est,
1343 2087 1405 2129 ut

351 2157 559 2220 probet,
582 2171 673 2205 nos
703 2156 855 2205 hodie
878 2155 1070 2218 decipi,
1092 2156 1180 2220 qui
1201 2156 1403 2205 Vanam

348 2249 659 2299 aequamur3
700 2248 815 2283 cum
843 2241 1069 2281 veterum
1094 2232 1405 2294 exemplari-

350 2325 437 2361 um
477 2310 650 2367 lectio,
681 2310 907 2373 itemque
943 2316 1263 2358 vetustorum
1298 2309 1404 2371 pri·

348 2402 555 2453 meque
600 2394 735 2437 notoe
782 2385 1230 2448 grammaticorum
1273 2399 1406 2446 prae·

349 2477 526 2529 cepta,
562 2464 697 2515 aliud
732 2464 973 2513 doceant.
1043 2463 1202 2519 Alios,
1225 2463 1309 2527 qui
1332 2464 1406 2513 ei·

351 2544 472 2594 dem
515 2542 787 2591 sententie
822 2541 1131 2603 Malaspinae
1176 2539 1406 2598 faveant,

351 2620 484 2671 citat
526 2621 853 2669 Burmannus
898 2618 963 2666 ad
1008 2618 1257 2669 Quinctil.
1302 2620 1407 2668 De·

351 2697 503 2747 clam.
525 2710 604 2744 vt.
626 2699 677 2745 9.
694 2711 744 2759 p.
769 2699 911 2744 1618.
975 2695 1100 2755 Sed,
1117 2710 1406 2760 quanquam

350 2771 654 2834 concedam,
689 2772 991 2835 particulam
1026 2787 1117 2832 πω,
1150 2779 1274 2823 tunc
1311 2774 1409 2822 eti·

355 2865 457 2911 am,
477 2850 564 2898 nbi
592 2848 923 2899 asseverandi
955 2850 1214 2903 notionem
1236 2849 1409 2907 habet.

353 2941 419 2977 ac
446 2941 538 2990 pro
573 2933 588 2956 ‘
610 2924 768 2980 sane‚’
805 2933 817 2952 ⁶
840 2923 1115 2988 profecto:
1149 2933 1203 2974 et
1234 2926 1410 2975 simili-

353 3004 470 3058 bus.
505 3003 734 3066 ponitur,
766 3002 814 3050 in
838 3002 1069 3065 plurimis
1094 3002 1305 3051 residuis
1325 3017 1411 3052 co-

355 3080 559 3129 dicibus
584 3080 813 3141 scriptis,
847 3078 1152 3143 simpliciter
1176 3094 1269 3142 per
1291 3094 1333 3136 e,
1357 3086 1413 3128 et

356 3155 469 3205 aine
491 3155 827 3218 diphthongo,
845 3161 1108 3203 exaratam
1128 3168 1379 3218 apparere
1397 3170 1413 3215 ς

355 3230 583 3283 nondum
620 3239 791 3279 tamen
829 3231 1064 3289 inducor,
1098 3241 1156 3280 ut
1185 3232 1412 3295 rejiciam

356 3312 624 3374 vulgarem
660 3310 965 3372 scripturam
1006 3323 1101 3372 per
1140 3308 1414 3372 diphthon-

356 3405 479 3454 gum
500 3405 574 3448 ae,·
595 3388 716 3453 quia
746 3389 878 3437 hanc
902 3389 1120 3453 requirit
1141 3389 1374 3451 analogia
1397 3405 1412 3439 ε

356 3482 475 3517 cnm
499 3467 608 3515 hec
629 3466 880 3530 particula
909 3479 974 3513 ex
1006 3466 1195 3514 Graeca
1217 3466 1413 3528 origine

358 3544 673 3602 deducatur,
713 3542 799 3591 ubi
830 3543 1037 3590 omnino
1058 3539 1133 3590 ναὶ
1154 3541 1414 3591 scribitur.

358 3620 435 3671 At
454 3620 606 3684 pauci
627 3629 902 3683 supersunt
920 3618 1146 3674 codice&
1168 3620 1254 3668 ubi
1272 3620 1416 3681 diph-

361 3700 581 3761 thougus
611 3712 672 3752 σε,
712 3697 867 3745 etiam
902 3696 951 3744 in
984 3698 1098 3745 aliis
1136 3696 1420 3758 vocabulis,

360 3789 459 3839 pro
479 3789 562 3836 eo,
583 3789 644 3823 ac
667 3788 762 3837 par
783 3781 916 3833 erat,
938 3772 1183 3822 distincte
1200 3771 1417 3822 diserte·

360 3867 462 3918 que
484 3852 825 3914 exprimetur.
894 3849 1156 3906 Ceterum,
1182 3849 1303 3912 quid
1334 3850 1419 3898 Li·

364 3931 563 3980 vineius
609 3929 825 3978 tentarit
868 3926 919 3974 in
965 3926 1060 3975 hoc
1104 3926 1262 3975 Plinii
1305 3925 1420 3975 loco

361 4004 705 4058 emendando,
734 4003 852 4051 nolo
874 4001 984 4062 jam
1008 4014 1422 4051 commemorare.

363 4082 497 4144 Ego,
519 4080 607 4129 nbi
630 4080 847 4141 primum
865 4077 1267 4126 Observationes
1285 4091 1421 4126 meas

365 4158 433 4210 ad
456 4155 839 4221 disquirendum
875 4168 1236 4217 proponerem,
1263 4155 1421 4218 Lipsii

361 4235 716 4299 conjecturam
748 4240 972 4293 secutus,
992 4232 1128 4281 huuc
1160 4233 1325 4296 ipsum
1350 4234 1424 4283 lo·

366 4329 487 4367 cum
518 4313 593 4364 sic
626 4307 1036 4362 concinnandum
1058 4311 1258 4375 putavi,
1290 4312 1426 4362 Bene

2391 374 2520 441 921

1465 538 1718 603 suffragiis
1753 538 2065 587 consularium
2114 533 2326 585 virorum
2366 536 2525 598 urbes,

1463 617 1644 680 populi,
1670 622 1854 678 gentes,
1875 615 2166 665 inseruntur.
2234 613 2340 662 Pro
2374 614 2450 663 Ne
2471 629 2525 663 e·

1468 695 1592 752 nim,
1616 694 1698 742 vel
1734 695 1848 755 Nae,
1882 691 2265 742 rescribendum
2302 690 2523 740 arbitra·

1471 780 1555 820 tus
1578 785 1689 820 sum
1711 770 1846 819 Bene
1859 785 1879 827 ‚·
1899 777 1952 818 et
1976 784 2069 833 pro
2085 771 2377 831 inseruntur,
2400 769 2525 817 reti-

1469 848 1696 899 nendum
1727 849 2017 907 inseruntur,
2053 846 2189 910 quod
2214 847 2265 895 in
2290 845 2523 907 plurimis

1468 927 1616 976 libris
1659 926 1908 989 scriptum
1950 938 2296 988 excussumque
2339 921 2524 986 depre-

1469 1005 1731 1053 henditur.
1793 1001 1930 1054 Quid
1974 1002 2108 1050 enim
2163 998 2368 1048 facilius
2409 998 2523 1047 fieri

1473 1082 1661 1144 potnit,
1705 1095 1853 1143 quam
1883 1088 1941 1129 ut
1974 1093 2039 1128 ex
2077 1078 2330 1142 particula
2374 1076 2525 1132 Bene,

1472 1159 1643 1223 prima
1662 1158 1863 1221 syllaba
1884 1158 1977 1212 Be,
2010 1156 2060 1204 in
2084 1154 2189 1204 fine
2215 1152 2526 1203 anteceden-

1473 1239 1542 1285 tis
1584 1251 1762 1285 versus
1799 1251 1827 1284 a
1867 1234 2163 1298 negligente
2199 1232 2409 1282 librario
2460 1232 2529 1280 sit

1472 1314 1839 1378 praetermissa,
1860 1320 1912 1361 et
1937 1312 2117 1359 saltem
2142 1309 2305 1358 altera
2328 1307 2528 1372 syllaba

1471 1404 1548 1450 ne,
1571 1390 1621 1438 in
1653 1389 1905 1452 principio
1934 1387 2195 1450 sequentis
2229 1399 2406 1435 versus
2438 1398 2528 1433 ex·

1472 1467 1689 1532 pressa?
1752 1467 1867 1517 Jam
1891 1479 2034 1520 vero,
2058 1465 2098 1512 ai
2126 1464 2429 1512 restituatur
2452 1464 2530 1510 in-

1473 1551 1622 1606 tegra
1652 1558 1750 1591 vox
1782 1543 1935 1600 Bene.
1956 1555 2124 1604 neque
2156 1541 2311 1589 nexui
2346 1539 2529 1587 verho-

1474 1635 1606 1680 rum,
1629 1634 1796 1682 neque
1817 1619 2104 1679 integritati
2124 1619 2415 1671 seutentiae,
2436 1616 2530 1664 ali-

1475 1700 1596 1764 quid
1641 1699 1826 1748 deest:
1872 1712 1988 1746 cum
2029 1705 2204 1746 orator
2237 1695 2313 1744 his
2358 1693 2530 1744 verbis

1475 1777 1620 1841 quasi
1662 1763 1915 1824 rationem
1954 1772 2144 1822 reddat
2184 1771 2531 1836 praeeedentis

1475 1855 1770 1911 sententia,
1796 1861 1885 1902 aut
1905 1853 2051 1916 quasi
2073 1851 2393 1901 consectario
2417 1859 2531 1898 uta-

1476 1939 1581 1990 tur,
1615 1931 1745 1980 haud
1783 1944 1948 1990 secus,
1987 1943 2046 1977 ac
2079 1927 2254 1991 paullo
2292 1925 2531 1988 superius

1474 2009 1703 2064 dixerat,
1727 2016 1742 2038 ⁴
1760 2007 1973 2070 Optime
1995 2004 2328 2067 magistratus
2346 2003 2537 2066 magis·

1477 2094 1636 2147 tratu,
1654 2086 1845 2134 honore
1868 2085 2045 2142 honor,
2067 2080 2297 2147 petitur.’
2336 2081 2533 2129 Viden-

1478 2168 1563 2210 tur
1586 2162 1744 2210 etiam
1783 2160 1861 2208 hae
1890 2160 2270 2221 qualescunque
2305 2158 2533 2205 rationes

1479 2238 1699 2286 valuisse
1731 2235 1868 2299 apud
1906 2235 2219 2296 Gesnerum‚
2251 2248 2364 2282 cum
2399 2233 2534 2283 hanc

1478 2312 1910 2373 emendationem,
1937 2311 2183 2374 Lipsiano
2215 2311 2423 2371 ingenio
2444 2309 2537 2360 do·

1480 2390 1659 2451 bitam,
1687 2403 1787 2438 non
1812 2388 2073 2450 indignam
2099 2385 2354 2445 habuerit,
2381 2400 2535 2447 quam

1473 2468 1692 2532 jusserit
1729 2464 1947 2514 excudi:
1986 2478 2086 2512 non
2127 2470 2299 2512 tamen
2331 2477 2420 2512 eas
2442 2477 2535 2527 ap·

1481 2544 1703 2607 probare
1725 2542 1867 2605 potui
1896 2539 2209 2601 Arntzeni03
2246 2540 2329 2587 cui
2352 2540 2449 2590 hoc
2482 2542 2536 2589 iu

1479 2624 1598 2673 loco
1645 2630 1791 2671 tanto
1835 2620 2098 2671 lubentius
2130 2619 2344 2684 obsequi
2382 2620 2540 2681 volui,

1480 2706 1672 2764 quanto
1697 2699 1887 2761 egrius
1910 2699 2029 2748 solis
2042 2698 2351 2763 conjecturis
2373 2698 2540 2747 indul·

1481 2790 1606 2838 gere
1651 2775 1833 2826 audeo.
1902 2775 2054 2826 Quod
2090 2775 2311 2838 denique
2350 2775 2542 2825 attinet

1484 2853 1549 2904 ad
1574 2854 1896 2915 vocabulum,
1921 2854 2251 2911 eonsules-ium,
2274 2854 2309 2902 i.
2332 2868 2379 2902 e.
2403 2855 2539 2903 viro·

1484 2945 1616 2991 rum,
1658 2931 1743 2995 qui
1779 2932 2046 2979 consulatu
2080 2929 2341 2993 perfuncti
2379 2936 2538 2991 sunt3

1484 3020 1578 3071 pro
1610 3021 1671 3055 eo
1702 3007 1905 3070 quidem
1939 3006 2145 3068 Lipsius
2178 3006 2352 3067 legere
2390 3014 2542 3069 opta·

1486 3085 1563 3133 vit
1585 3083 1950 3133 clarissimorum
1976 3083 2201 3142 virorum,
2236 3087 2294 3130 ut
2325 3082 2391 3131 de
2427 3089 2540 3132 toto

1487 3169 1669 3211 senatu
1712 3161 1870 3224 possit
1905 3159 2141 3220 intelligi,
2175 3172 2290 3206 cnm
2321 3172 2422 3206 uon
2444 3159 2542 3207 soli

1486 3239 1502 3267 ⁸
1524 3237 1818 3284 consulares
1838 3235 1852 3257 '
1875 3234 2161 3283 candidatis
2182 3233 2423 3283 dederint
2439 3232 2544 3282 suf-

1488 3312 1654 3373 fragia
1674 3328 1690 3372 ;
1717 3326 1913 3373 verum,
1933 3325 2032 3360 nec
2052 3311 2101 3360 in
2128 3310 2352 3371 excusis,
2373 3311 2542 3360 necin

1488 3388 1696 3451 scriptis
1717 3387 1882 3448 libris,
1901 3388 2018 3435 talis
2040 3389 2265 3436 occurrit
2284 3387 2508 3436 varietas
2527 3403 2545 3449 ;

1490 3466 1587 3514 nisi
1630 3463 1768 3527 quod
1808 3463 2045 3512 librarius
2077 3464 2127 3511 iu
2163 3463 2349 3513 codice
2387 3465 2546 3514 Salis·

1489 3540 1732 3604 burgensi
1770 3554 1863 3601 pro
1908 3553 2035 3589 voce
2071 3540 2401 3598 consularium,
2440 3542 2546 3605 pri.

1489 3632 1627 3667 mum
1657 3617 1954 3666 exaraverit
1993 3617 2309 3666 conciliorum.
2379 3617 2456 3667 Ac
2500 3619 2546 3668 si

1491 3696 1574 3745 vel
1613 3694 1830 3743 maxime
1864 3707 1965 3742 non
2000 3694 2092 3742 soli
2126 3695 2414 3743 consulares
2441 3695 2547 3744 siut

1491 3768 1781 3833 suffragati.
1824 3770 1896 3819 illi
1936 3775 2108 3819 tamen
2155 3779 2276 3820 tuuc
2316 3771 2548 3833 primarii

1493 3850 1641 3899 fuere
1681 3848 2067 3912 suffragatores,
2105 3862 2318 3910 quorum
2366 3843 2552 3896 suffra·

1495 3929 1591 3992 giis
1604 3927 1766 3977 ceteri
1793 3933 2057 3975 senatores
2074 3921 2227 3973 facile
2242 3930 2548 3973 annuerunt.

1493 4005 1733 4056 Senum.

1566 4078 1921 4143 Consularium]
1958 4077 2060 4127 Qui
2098 4077 2152 4124 in
2183 4082 2362 4124 senatu
2386 4076 2548 4125 nomi-

1497 4164 1639 4217 nant,
1655 4172 1713 4206 ac
1733 4152 2094 4204 commendant
2107 4150 2425 4200 candidatos.
2448 4154 2549 4201 Ta·

1496 4248 1615 4284 men
1662 4232 1864 4291 dubito,
1903 4242 1968 4277 an
2006 4242 2104 4276 non
2142 4241 2173 4276 e
2215 4227 2349 4276 notis
2386 4242 2552 4290 error,

1495 4310 1786 4375 veriusque,
1821 4305 2202 4359 Clarissimorum
2232 4305 2458 4370 virorum,
2486 4305 2556 4358 d·
