3060 4902
559 344 691 411 928

562 506 672 556 atit.
709 504 857 554 Orat.
882 518 938 555 x.
961 508 1009 554 3.
1033 504 1068 555 i.
1092 518 1140 556 e.
1171 502 1355 555 ardena
1390 504 1618 555 studium

561 585 732 648 operia
773 583 1017 633 destinati
1055 582 1379 647 perficiendi.
1428 584 1620 645 Plinio,

561 661 775 723 Epist-1.
798 664 845 709 8.
878 662 926 708 2.
951 659 1141 709 dicitur
1162 660 1177 686 ‘
1204 661 1423 711 intentio
1446 663 1520 710 rei
1543 659 1618 710 fa·

560 737 813 796 miliaria,'
839 737 872 785 i.
889 752 937 787 e.
956 752 1138 799 magna
1161 750 1287 786 cura
1310 746 1365 786 et
1387 738 1616 787 studium

560 815 635 863 rei
662 812 946 863 familiaria.
1016 815 1102 863 Sic
1137 815 1234 864 hoc
1268 815 1382 863 loco
1415 815 1620 864 intentio

560 892 872 940 humanitatis
904 890 1098 940 dicitur
1135 894 1152 920 ⁴
1183 890 1482 954 magnitudo
1525 892 1619 941 hu·

559 967 859 1030 munitatis:
875 968 1089 1033 ejusque
1107 968 1434 1018 declarandae
1452 976 1506 1018 et
1526 982 1621 1031 per

564 1047 733 1094 varios
769 1056 943 1108 gestus
988 1044 1338 1108 exprimenda!
1376 1043 1621 1094 studium.

563 1123 659 1172 Eat
696 1123 830 1171 enim
869 1122 1068 1172 intentio
1097 1122 1164 1170 ab
1205 1128 1219 1149 ‘
1244 1119 1495 1183 intendo,'
1520 1122 1553 1170 i.
1575 1136 1623 1173 e.

564 1199 717 1248 valde
744 1200 918 1260 tendo,
932 1201 1178 1263 μεταφορᾷ·
1194 1198 1257 1247 ab
1272 1213 1396 1248 arcu
1415 1199 1622 1249 desum-

564 1284 636 1325 ta.
704 1276 841 1325 Hinc
860 1276 970 1325 Cic.
991 1277 1109 1326 Cat.
1132 1290 1179 1325 c.
1205 1281 1282 1325 ll.
1314 1285 1328 1305 ⁸
1352 1277 1621 1328 Intentnm

565 1353 809 1416 animum,
849 1363 1090 1417 tanquam
1129 1368 1324 1417 arcum,
1363 1355 1628 1407 habebat:

562 1431 649 1480 Sic
702 1431 905 1479 intentio
946 1431 1220 1495 aliquando
1266 1433 1484 1482 sumitur
1528 1449 1622 1496 pro

563 1522 748 1572 magna
785 1509 1092 1568 attentione,
1115 1515 1171 1558 et
1208 1508 1413 1559 ardenti
1448 1511 1624 1561 studio

565 1584 807 1633 audiendi
829 1593 885 1634 et
909 1582 1142 1646 legendi;
1174 1599 1224 1634 v.
1244 1599 1295 1647 g.
1317 1586 1452 1649 apud
1480 1587 1620 1638 Ptin.

565 1662 735 1724 Epist.
758 1674 822 1710 11.
846 1668 893 1710 6.
916 1665 966 1709 2.
990 1674 1067 1709 tv.
1086 1665 1137 1709 9.
1163 1664 1236 1710 11.
1261 1665 1358 1711 &c.
1422 1662 1478 1711 Si
1497 1677 1623 1713 vero

564 1754 660 1803 pro
684 1754 860 1802 scopo,
899 1738 1185 1803 proposito,
1217 1738 1338 1796 fine.
1370 1750 1621 1806 sumatur,

564 1816 632 1865 ad
655 1827 913 1877 suspecta!
953 1815 1250 1865 Latinitatis
1282 1818 1520 1881 exempla
1547 1832 1620 1867 re·

561 1891 687 1941 ferri
712 1893 861 1940 solet.
896 1893 1048 1941 Idem.

632 1968 871 2031 Intentio]
910 1968 1207 2032 Expreaaio,
1243 1982 1360 2018 cum
1394 1970 1618 2020 veritate

563 2051 619 2094 et
642 2045 938 2093 acrimonia.
973 2045 1106 2109 Lipa-

631 2120 881 2185 Orationt‘]
930 2121 1048 2173 Qua
1085 2121 1430 2184 gratulabaria
1464 2121 1619 2173 hono-

564 2213 670 2248 rem
695 2198 1001 2248 candidatis.
1034 2199 1184 2249 Idem.

635 2276 819 2337 Vocem,
840 2275 1052 2339 manum]
1086 2276 1282 2326 Seneca
1301 2275 1467 2341 Epist.
1491 2289 1621 2327 vnt-

563 2360 578 2382 ‘
604 2353 670 2403 In
692 2361 873 2404 senatu
896 2354 1174 2404 candidato
1212 2368 1392 2405 vocem
1429 2361 1486 2405 et
1516 2370 1619 2406 ma-

562 2443 685 2481 num
709 2431 1068 2482 commodarc.'
1102 2432 1253 2482 Idem.

637 2507 818 2565 Vocem,
855 2511 1067 2573 manum]
1116 2510 1252 2561 Quia
1283 2511 1426 2574 quasi
1457 2510 1622 2560 laten·

564 2591 644 2633 tea
669 2599 796 2633 voce
821 2592 874 2634 et
899 2601 1050 2634 manu
1086 2587 1327 2647 producit
1356 2597 1512 2651 atque
1543 2602 1621 2636 oa-

562 2659 751 2721 tendit,
793 2661 1008 2709 Senecae
1067 2661 1239 2724 Epist.
1290 2675 1417 2712 vm.
1461 2667 1510 2713 9.
1555 2663 1622 2713 da

561 2735 825 2798 Tranquil.
862 2751 980 2800 cap.
1016 2741 1065 2787 3.
1110 2737 1258 2797 dicit,
1303 2738 1319 2764 ‘
1345 2739 1622 2789 extrahere

561 2811 898 2860 candidatoa.'
962 2813 1114 2863 Adde
1152 2814 1291 2863 Plin.
1329 2816 1500 2878 Epist.
1535 2830 1621 2867 ιιι.

561 2891 643 2937 20.
668 2889 805 2952 Lipa.
828 2887 893 2937 ad
914 2889 1085 2939 Tacit.
1107 2889 1290 2940 Annal.
1312 2906 1390 2943 ιν.
1410 2897 1459 2944 7.
1494 2894 1622 2944 Ber·

560 2980 753 3027 aegger.

628 3042 829 3092 Manum
847 3045 1181 3109 commodares]
1213 3044 1428 3096 Librarii
1459 3046 1510 3096 in
1535 3061 1622 3097 co-

561 3119 759 3169 dicibus
784 3121 911 3170 Mas.
935 3122 1137 3171 Veneto
1152 3127 1200 3171 2.
1223 3123 1623 3188 salisburgensi,

563 3206 619 3246 et
661 3213 793 3252 meo,
835 3213 928 3262 pro
968 3204 1299 3264 commodares,
1342 3216 1621 3265 reposuere

560 3276 921 3324 commendaret.
990 3275 1154 3326 Immo
1189 3278 1387 3327 librarii
1427 3279 1620 3329 codicia

562 3349 804 3400 Vaticani
826 3356 974 3401 3⁴61.
996 3362 1050 3402 et
1070 3354 1538 3421 Guelpherbytani,
1563 3365 1620 3407 ut

560 3426 721 3474 verbo
755 3430 1099 3478 commendares
1133 3433 1288 3480 etiam
1312 3430 1621 3498 affingerent

561 3499 774 3549 idoneos
810 3516 956 3552 canna
979 3505 1257 3569 nominum,
1280 3507 1353 3556 aic
1379 3522 1528 3557 caaua
1550 3511 1620 3558 ia-

561 3583 644 3623 tos
686 3575 956 3641 inflexere,
997 3583 1167 3644 qnippe
1209 3597 1313 3632 cum
1360 3587 1621 3636 orationem

558 3651 724 3712 oculis,
757 3668 881 3707 voce,
901 3668 1060 3711 manu,
1084 3662 1447 3709 commendaret.
1513 3663 1618 3712 Ve-

559 3743 674 3777 rum
713 3739 853 3779 recte
892 3732 1104 3780 retineri
1128 3743 1304 3796 potest
1327 3738 1484 3787 lectio
1508 3742 1617 3788 vul-

559 3813 715 3869 gata3
775 3821 925 3869 quam
960 3809 1124 3857 ceteri
1160 3810 1367 3861 codices
1398 3814 1527 3863 Maa-
1562 3822 1618 3865 et

559 3898 738 3934 omnes
762 3884 997 3949 impressi
1020 3883 1344 3937 confirmant.
1401 3889 1616 3939 Commo·

558 3964 718 4023 darer,
742 3964 777 4012 i.
801 3976 851 4010 e.
881 3962 1117 4018 orationi,
1152 3978 1257 4028 qua
1288 3967 1616 4016 commenda·

557 4039 653 4090 baa
688 4040 1020 4091 candidatum
1045 4043 1265 4106 senatui,
1289 4057 1466 4094 vocem
1498 4060 1616 4108 gea-

558 4119 748 4178 tuaqne
805 4119 1239 4184 accommodaret,
1281 4128 1338 4169 et
1389 4129 1617 4186 aptaret.

560 4190 809 4247 Quinctil.
849 4195 1028 4249 Inatit.
1062 4196 1215 4249 Orat.
1250 4203 1404 4251 nd.
1439 4200 1526 4253 ubi
1548 4198 1616 4253 da

1245 357 1463 409 NOTAE
1512 357 1920 410 vammum
1970 359 2053 411 n(

1694 503 2113 568 pronuntiatione
2143 510 2199 555 et
2219 509 2371 570 geatn
2389 504 2606 556 oratoris
2623 505 2755 571 agit,

1694 588 1708 610 ⁴
1733 583 1860 632 Cum
1885 585 2089 632 valeant
2112 582 2366 647 multum,’
2385 584 2570 650 inquit,
2592 589 2607 614 ⁸
2632 601 2749 635 ver·

1694 660 1758 709 ba
1778 676 1872 723 per
1892 675 1969 726 ae,
1991 669 2045 711 et
2067 676 2167 710 vox
2205 663 2469 726 propriam
2495 664 2593 711 vim
2618 664 2748 727 adji-

1694 737 1795 783 ciat
1819 736 1991 795 rebua,
2025 745 2081 786 et
2104 746 2281 800 geatua
2305 747 2576 802 motusque
2596 740 2749 802 tigni·

1694 812 1816 863 ficet
1832 813 2039 878 aliquid,
2055 811 2290 877 profecto
2306 813 2592 878 perfectum
2607 814 2751 879 qnid-

1696 889 1813 940 dam
1853 892 1988 953 fieri,
2009 906 2125 941 cum
2166 892 2336 942 omnia
2370 893 2629 954 coierunt,
2663 907 2749 942 ne·

1695 980 1838 1015 cenae
1874 968 2212 1017 ean-..Cum
2258 969 2330 1017 ait
2374 977 2551 1017 autem
2588 969 2749 1018 omnia

1697 1043 1832 1092 actio
1867 1043 1916 1092 in
1951 1045 2083 1094 duaa
2122 1044 2288 1101 divisa
2327 1054 2524 1110 partes,
2558 1060 2748 1104 vocem,

1698 1129 2039 1184 gestumque3
2072 1137 2287 1187 quorum
2311 1126 2442 1172 alter
2463 1125 2660 1185 oculoa,
2682 1125 2753 1173 al·

1698 1205 1810 1246 tera
1832 1211 1982 1247 aurea
2007 1210 2179 1248 movet
2200 1215 2217 1260 ;
2252 1199 2392 1262 priua
2413 1206 2514 1262 eat,
2537 1199 2606 1249 de
2628 1214 2749 1250 voce

1699 1273 1889 1338 dicere,
1915 1275 1998 1324 cni
2023 1277 2180 1325 etiam
2205 1283 2381 1340 geatua
2402 1277 2751 1327 accommoda·

1700 1358 1799 1400 tur.
1817 1380 1861 1399 ·.
1880 1384 1894 1400 .
1914 1352 2055 1415 Apta
2100 1353 2451 1416 pronuntiatio
2490 1364 2596 1412 eat,
2637 1369 2751 1420 qno

1698 1428 1780 1491 iia,
1803 1427 1870 1478 de
1900 1429 2088 1492 quibua
2122 1429 2363 1488 dicimus,
2398 1432 2750 1481 accommoda·

1672 1524 1677 1529 ²
1699 1503 1822 1555 tnr.'
1877 1505 1947 1554 Et
1986 1504 2219 1562 inferius,
2250 1507 2266 1534 ‘
2291 1505 2375 1556 Ad
2400 1506 2512 1557 hee
2534 1522 2752 1558 commo·

1698 1580 1867 1629 danda
1889 1595 2069 1629 manua
2086 1581 2205 1631 eat?
2235 1582 2476 1632 Schuetz.

1770 1656 1839 1705 Ut
1858 1657 1902 1703 ai
1923 1658 2012 1705 alii
2026 1659 2187 1706 endem
2202 1658 2298 1706 isto
2310 1658 2605 1723 mandam]
2625 1660 2752 1711 Par·

1698 1732 1871 1783 ticulae
1913 1738 1968 1782 ut
2008 1734 2054 1782 ai
2098 1744 2358 1797 ponuntur
2403 1750 2498 1799 pro
2539 1744 2556 1765 ⁸
2580 1750 2645 1786 ac
2676 1736 2754 1800 ai,'

1697 1812 1713 1839 ‘
1738 1810 1921 1875 quasi!
1968 1810 2102 1860 Vide
2123 1811 2187 1861 ad
2214 1824 2351 1862 xxv,
2370 1816 2420 1862 4.
2471 1812 2675 1876 Lipsius
2696 1822 2752 1864 et

1700 1888 1928 1938 Bandina
1974 1890 2088 1940 llaec
2129 1891 2292 1939 verba
2332 1891 2409 1940 aie
2454 1892 2749 1955 explicant:

1697 1965 1713 1991 ‘
1734 1966 1996 2030 Tanquam
2035 1967 2239 2029 privato
2273 1966 2427 2016 alicui
2461 1968 2600 2016 iatnd
2626 1982 2753 2030 pre·

1695 2043 1943 2106 cepisses,
1966 2044 2053 2106 qui
2077 2044 2172 2094 tibi
2196 2043 2609 2109 obsequeretur!
2657 2044 2754 2094 Ce-

1696 2132 1788 2169 vaz
1839 2125 1854 2148 ‘
1879 2119 1958 2170 Ac
1995 2121 2036 2169 ai
2075 2121 2202 2169 alins
2240 2134 2335 2182 pro
2376 2130 2429 2170 te
2465 2120 2519 2169 id
2555 2119 2753 2171 faceret

1697 2196 1965 2258 μήπως)
1998 2197 2158 2246 Venit
2180 2197 2263 2246 hie
2286 2197 2409 2246 mihi
2433 2197 2486 2245 in
2511 2206 2752 2256 mentem,

1694 2287 1761 2321 an
1796 2273 1994 2323 Plinius
2030 2272 2249 2323 fortaaae
2285 2274 2581 2338 respexerit
2617 2289 2754 2340 qnie-

1695 2360 1890 2400 atorem
1907 2352 2146 2412 Caeaaria,
2162 2352 2271 2401 aive
2290 2361 2602 2415 questore:-
2617 2353 2755 2417 prin·

1696 2428 1846 2491 cipis,
1868 2429 2016 2492 cujua
2038 2436 2172 2490 erat,
2191 2427 2399 2478 nomine
2432 2428 2686 2495 principia
2704 2430 2753 2479 in

1696 2511 1879 2554 senatu
1901 2505 2123 2554 recitare
2146 2506 2421 2554 oratione&
2452 2506 2756 2571 eujusmodi

1697 2583 1966 2644 qnaeatoria
2006 2582 2323 2632 mentionem
2366 2580 2500 2631 facit
2541 2584 2758 2634 Sueton-

1696 2656 1829 2720 Aug.
1848 2672 1893 2707 c.
1908 2663 1989 2707 65.
2026 2661 2042 2688 ⁴
2059 2659 2325 2723 Augnatna
2339 2658 2407 2709 de
2423 2658 2530 2710 filia
2550 2660 2756 2716 abaena.

1697 2751 1758 2784 ac
1798 2736 1994 2798 libello,
2032 2751 2126 2800 per
2162 2744 2470 2802 quesitorem
2512 2741 2757 2795 recitato,

1696 2820 1873 2863 notum
1895 2814 2099 2862 senatui
2119 2811 2282 2862 facit.’
2313 2813 2463 2863 Idem
2487 2813 2618 2864 Ner.
2639 2828 2754 2877 cap.

1700 2894 1778 2938 15.
1824 2890 1840 2917 ‘
1865 2890 2145 2941 Orationes
2180 2889 2246 2939 ad
2282 2899 2523 2940 aenatnm
2559 2891 2757 2948 miaaaa,

1696 2966 1967 3028 praeterito
2002 2967 2273 3031 quaeatoria
2307 2965 2497 3025 officio,
2521 2973 2617 3031 per
2637 2983 2755 3019 con-

1695 3049 1855 3096 aulem
1882 3048 2185 3113 plerumque
2210 3047 2501 3098 recitabat.'
2534 3049 2602 3099 In
2618 3050 2756 3111 Tito,

1696 3138 1743 3172 c.
1762 3126 1810 3172 6.
1867 3127 1882 3151 ‘
1909 3124 2187 3174 Orationea
2209 3125 2263 3174 in
2285 3133 2469 3173 aenatn
2504 3123 2757 3175 recitabat

1696 3199 1852 3248 etiarn
1878 3200 2154 3264 quaestoria
2178 3198 2334 3250 vice.'
2374 3199 2551 3249 Tacit.
2570 3200 2756 3250 Annal-

1696 3290 1817 3326 xvx·
1835 3282 1917 3327 2⁷.
1951 3279 1967 3305 ‘
1991 3277 2180 3328 Oratio
2214 3274 2465 3340 principia
2498 3290 2598 3338 per
2618 3292 2755 3343 qne-

1695 3361 1887 3401 atorem
1924 3353 2034 3415 ejna
2070 3352 2251 3401 audita
2285 3352 2400 3401 eat?
2457 3352 2631 3404 Erant
2666 3355 2755 3404 ha·

1686 3428 1915 3492 jusmodi
1950 3437 2233 3494 qnaeatorea
2271 3428 2420 3494 quasi
2454 3431 2755 3480 cancellarii

1692 3504 1828 3566 vice,
1864 3519 1925 3554 ae
1955 3505 2065 3555 aine
2099 3504 2257 3554 dubio
2290 3519 2504 3569 operam
2541 3506 2783 3571 dabant,

1692 3589 1751 3630 ut
1775 3582 2024 3646 principia
2059 3583 2321 3633 orationes
2356 3582 2554 3647 vivide,
2575 3593 2636 3635 et
2663 3600 2758 3649 pro

1692 3659 1947 3722 dignitate
1970 3660 2102 3723 ejus,
2129 3672 2254 3723 apte
2280 3660 2588 3712 recitarent.
2658 3664 2757 3712 Ve-

1690 3749 1822 3797 rum,
1863 3736 2015 3786 sicuti
2056 3737 2156 3800 ipai
2192 3738 2370 3801 Lipaio
2407 3738 2513 3787 iata
2545 3753 2641 3789 ana
2670 3754 2757 3789 ex·

1692 3813 1905 3877 plicatio
1940 3827 2041 3863 non
2072 3813 2364 3877 satisfecit3
2397 3816 2470 3865 ita
2506 3830 2610 3867 nee
2642 3831 2754 3867 mea

1689 3890 1810 3938 mihi
1850 3890 2149 3954 conjectura
2203 3891 2334 3940 aatia
2378 3893 2579 3956 placet,
2620 3907 2754 3951 enm,

1688 3965 1862 4015 nescio
1896 3967 2016 4031 quid
2055 3967 2389 4018 obacuritatia
2419 3969 2470 4017 in
2506 3968 2608 4019 ltoc
2640 3972 2752 4020 loeo

1688 4044 1930 4094 Pliniano
1952 4059 2228 4110 supereue
2249 4046 2515 4097 videatur.
2549 4048 2753 4112 Lipaina

1690 4129 1865 4170 antem
1888 4120 2138 4186 deinceps
2174 4122 2399 4186 putavit,
2421 4123 2563 4173 hunc
2598 4124 2756 4175 Plinii

1689 4199 1861 4252 locum
1878 4200 2073 4252 rectina
2089 4201 2165 4253 ita
2181 4202 2375 4254 lectum
2396 4201 2482 4267 iri,
2496 4202 2611 4254 atri
2629 4203 2760 4254 alian
