3060 4902
541 349 676 416 7oe

547 510 747 575 cimus,'
767 514 866 560 etc.
902 510 1059 559 Idm.

617 588 893 651 Inter-cepti]
927 586 1174 647 Abducti,
1203 587 1502 649 priusquam
1525 599 1615 637 ve-

545 668 718 717 nirent
745 678 846 729 quo
868 663 1113 713 destinati
1136 670 1306 712 erant.
1341 662 1476 727 Lipa-

613 743 893 806 Dicertere]
939 740 1276 792 Deflectere:
1321 741 1459 806 quo?
1502 740 1616 792 sive

543 822 613 871 ad
660 819 943 869 Domitiani
980 825 1227 876 statuam.
1258 832 1372 883 qum
1408 819 1458 867 in
1497 817 1615 869 foro

545 897 803 970 equestris
840 892 1037 951 stabat.
1082 895 1252 945 Statio
1285 895 1490 945 curiose
1522 895 1615 945 de-

541 979 773 1040 scripta3
808 974 921 1024 sive
941 973 1099 1023 etiam
1124 973 1188 1022 ad
1209 973 1349 1023 alias.
1385 973 1537 1023 Iden.

611 1052 748 1103 Car.
771 1065 893 1101 mn.
929 1050 1322 1114 Deproevutosqus
1344 1050 1522 1115 mores]
1548 1049 1615 1099 In

544 1128 814 1179 codicibus
824 1127 1109 1190 Vaticanis,
1124 1124 1615 1192 Guelpherbytano,

543 1212 603 1256 et
627 1218 758 1262 meo,
785 1212 944 1269 atque
968 1205 1018 1252 in
1043 1204 1172 1253 libro
1192 1203 1468 1260 vossiano.
1486 1205 1616 1268 legi-

545 1298 660 1333 mus
692 1285 1027 1346 damnatosque
1060 1295 1246 1341 morsu
1297 1297 1413 1348 qum
1449 1282 1615 1352 yarie·

548 1366 630 1410 tas
667 1366 791 1408 nata
823 1359 945 1407 mihi
983 1358 1192 1408 videtur
1215 1372 1280 1408 ex
1304 1357 1615 1422 compendio

544 1436 817 1499 scripture
833 1436 1050 1497 dpuutos,
1068 1435 1151 1484 cui
1172 1436 1357 1485 lineola
1377 1435 1619 1498 imposita

546 1513 683 1563 fuit:
719 1512 857 1563 unde
893 1514 1085 1574 inertes
1123 1513 1338 1569 librarii,
1376 1513 1463 1577 qui
1501 1513 1616 1562 lite·

547 1603 656 1639 ram
677 1605 710 1639 ιι
734 1604 828 1654 pro
850 1604 881 1638 n
904 1589 1152 1646 habuere,
1186 1589 1433 1638 effinxere
1454 1590 1617 1653 dump-

544 1673 703 1728 uatos,
721 1665 979 1731 quomodo
996 1668 1110 1715 iiaec
1130 1680 1228 1714 vox
1245 1665 1294 1714 iu
1312 1665 1481 1715 medio
1501 1680 1617 1716 aevo

543 1743 700 1793 scribi
725 1742 878 1791 solita
901 1747 1000 1790 est.
1068 1741 1292 1804 Vulgata
1315 1748 1486 1791 autem
1512 1742 1617 1793 iec-

544 1821 619 1869 tio
646 1818 781 1868 bene
813 1825 1062 1882 recteque
1093 1832 1149 1868 se
1183 1817 1358 1867 habet.
1414 1818 1525 1868 Cic.
1551 1818 1617 1868 de

547 1894 674 1959 Leg.
703 1909 764 1944 ιι.
803 1897 881 1942 1⁵.
928 1896 944 1923 ⁸
971 1894 1149 1944 Mores
1183 1894 1316 1958 lapsi
1351 1893 1414 1944 ad
1450 1894 1618 1945 molli-

543 1973 689 2035 tiem,
716 1970 913 2035 pariter
934 1977 1054 2019 sunt
1074 1971 1332 2020 immutati
1355 1985 1470 2020 cum
1495 1985 1616 2021 can·

548 2048 708 2109 tibus,
730 2055 822 2097 aut
859 2048 957 2096 hac
995 2047 1268 2096 dulcedine
1292 2049 1619 2111 corruptela·

544 2139 647 2190 que
670 2122 977 2188 depravati.'
1011 2123 1159 2173 Idem
1183 2123 1247 2172 de
1272 2121 1430 2174 Offic.
1450 2136 1512 2173 ιι.
1534 2127 1617 2173 20.

545 2204 563 2233 ⁸
587 2203 691 2252 Sed
736 2201 970 2264 corrupti
1018 2215 1187 2249 mores
1238 2199 1619 2264 depravatique

543 2285 664 2328 aunt
679 2278 1018 2328 admiratione
1035 2275 1369 2325 divitiarum!
1403 2277 1619 2326 Sallust.

546 2355 672 2418 Jug.
707 2369 754 2405 c.
779 2359 860 2404 29.
895 2353 1094 2404 dicitur
1122 2355 1137 2380 ‘
1155 2368 1187 2402 a
1216 2353 1349 2403 bono
1386 2354 1623 2403 honesto·

548 2430 718 2496 quein
741 2444 952 2494 pravum
978 2427 1308 2480 abstractus:
1344 2429 1585 2481 Schwarz.

616 2507 864 2566 Resormet
885 2513 931 2556 et
960 2507 1196 2570 corrigat]
1252 2506 1294 2555 1.
1331 2521 1377 2555 e.
1418 2508 1619 2556 Parens

547 2591 744 2638 noster,
786 2583 985 2631 scilicet
1029 2583 1303 2645 Trajauns,
1353 2596 1521 2631 mores
1566 2583 1619 2632 iu

545 2657 808 2706 meliorem
849 2655 1069 2705 formam
1110 2655 1316 2719 redigat
1356 2663 1410 2704 et
1443 2671 1618 2707 emen·

547 2733 657 2781 det.
693 2735 710 2761 ⁸
736 2732 941 2795 Corrigi
958 2733 971 2753 ⁸
994 2730 1202 2795 proprie
1229 2732 1475 2782 dicuntur
1500 2746 1618 2783 cur·

545 2822 612 2857 va
655 2815 713 2858 et
754 2816 1000 2856 tortuosa.
1059 2807 1193 2856 Plin.
1237 2808 1403 2870 Epist.
1444 2822 1491 2856 v.
1533 2812 1619 2861 21.

543 2892 558 2914 ⁸
596 2884 915 2943 Invenimus,
960 2884 1046 2948 qui
1090 2898 1248 2933 curva
1295 2885 1621 2948 corrigeret.’

542 2962 747 3012 Seneca
767 2961 830 3010 de
853 2962 1021 3010 Morte
1040 2962 1239 3011 Claudii
1257 2976 1372 3025 cap.
1394 2967 1444 3012 9.
1477 2971 1491 2992 ⁸
1515 2963 1619 3014 Hic

546 3038 865 3088 nobiscurva
881 3037 1132 3101 corrigit)
1168 3038 1371 3087 Deinde
1385 3038 1620 3104 frequen·

548 3121 630 3163 ter
666 3118 989 3177 μεταφορικῶς
1023 3115 1232 3177 ponitur
1268 3129 1362 3176 pro
1400 3115 1417 3143 ⁸
1442 3128 1618 3164 emen-

547 3189 711 3240 dare!
746 3192 859 3241 Cic.
885 3191 951 3239 de
976 3191 1103 3252 Leg.
1129 3202 1216 3238 ιιι.
1241 3194 1319 3238 18.
1357 3191 1521 3240 ‘Tota
1544 3191 1617 3241 ci·

547 3266 680 3313 vitas
700 3300 713 3315 .
732 3297 746 3311 .
766 3266 1030 3315 emendari
1057 3273 1110 3315 et
1135 3267 1324 3329 corrigi
1344 3268 1473 3316 solet
1496 3282 1620 3317 cou-

549 3340 772 3390 tinentia
827 3341 1155 3405 priucipum.’
1223 3343 1456 3393 Verbum
1498 3350 1512 3372 ⁸
1540 3358 1618 3394 re·

546 3414 774 3467 formare
792 3417 806 3439 ’
830 3419 983 3469 habet
1006 3420 1162 3469 etiam
1189 3420 1347 3469 Ovid.
1373 3422 1506 3471 Met.
1537 3434 1619 3471 xx.

544 3496 661 3541 2⁶4.
724 3495 740 3522 ⁸
783 3494 889 3542 Sed
938 3509 1134 3557 preme,
1191 3495 1443 3559 quidquid
1487 3497 1619 3560 erit;

547 3569 688 3627 dum,
715 3572 853 3635 quod
889 3571 989 3621 fuit
1025 3582 1165 3635 ante,
1199 3572 1488 3623 reformet-³
1552 3576 1617 3626 Et

547 3647 680 3696 Met.
718 3660 801 3696 tx.
835 3652 947 3697 899.
982 3654 997 3676 ⁸
1020 3648 1131 3698 Ora
1168 3647 1478 3699 reformatus
1514 3652 1618 3714 pri·

548 3735 658 3771 mos
693 3722 867 3772 Iolaus
902 3724 952 3770 in
989 3723 1188 3773 annos!
1256 3725 1534 3777 Eumenius
1563 3728 1616 3777 in

547 3798 748 3863 Paneg.
780 3799 1122 3849 Constantino
1154 3799 1289 3864 Aug.
1320 3801 1482 3863 dicto,
1504 3817 1551 3854 c.
1570 3810 1619 3854 2.

544 3876 558 3903 ⁸
579 3876 682 3927 Qui
710 3876 925 3925 Romani
951 3876 1154 3939 imperii
1174 3879 1397 3929 solutam
1421 3887 1477 3930 et
1497 3895 1617 3945 per·

546 3951 704 4001 ditam
722 3949 1052 4015 disciplinam
1071 3954 1260 4016 primus
1278 3955 1620 4007 reformavit!

546 4028 695 4079 Idem
720 4029 772 4078 iu
799 4028 946 4077 Orat.
971 4043 1068 4092 pro
1103 4031 1341 4079 Restaur.
1372 4032 1547 4081 Schol.
1570 4047 1621 4083 c.

547 4109 626 4154 u.
657 4109 673 4136 ⁸
696 4104 977 4156 Civitatem
1013 4103 1078 4155 ad
1106 4107 1371 4169 pristinam
1398 4110 1615 4173 gloriam

545 4179 869 4232 reformare.’
937 4183 1139 4232 Nomen
1177 4183 1299 4233 iude
1332 4183 1615 4236 deductum

546 4257 707 4309 habet
735 4260 874 4311 Fun.
915 4261 1083 4326 Epist.
1116 4274 1242 4312 vlu.
1263 4265 1345 4313 12.
1374 4263 1392 4293 ⁸
1415 4263 1616 4315 Litern-

1242 363 1463 415 1010?AE
1511 361 1925 415 vammum
1962 366 2056 416 -nt

1687 522 1799 559 rum
1835 510 1949 574 jam
1994 511 2379 561 senescentium
2419 509 2667 563 reductor
2705 519 2764 564 et

1688 587 1998 638 reformator
2018 604 2033 649 ς
2053 587 2067 611 ’
2100 595 2153 638 ct
2180 604 2210 638 a
2230 589 2389 638 verbo
2424 589 2442 618 ⁸
2466 590 2730 654 corrigere
2748 590 2762 611 ⁹

1688 679 1846 727 supra
1863 665 1915 714 in
1932 665 2026 715 hoc
2046 666 2242 729 Paneg.
2262 678 2337 715 vr.
2352 670 2401 717 2.
2436 673 2453 696 ⁸
2468 666 2543 717 Ut
2568 675 2624 717 tn
2647 682 2763 717 cor·

1686 749 1864 792 rector
1885 740 2296 806 emendatorque
2320 742 2654 805 corrigeres!
2683 744 2763 795 ld.

1758 816 2006 877 Coo-rigat.
2064 817 2132 865 Et
2170 817 2382 881 alioquin
2413 818 2560 884 nihil]
2594 819 2763 867 Corri-

1684 899 1808 956 gut:
1862 894 2042 957 alioqui
2076 893 2215 944 nihil.
2284 893 2532 944 Arbitror
2565 907 2766 958 verum,

1686 969 1900 1030 corrigat
1921 985 1938 1017 .·
1984 973 2033 1018 et
2067 969 2259 1033 alioqui,
2293 971 2375 1033 qe.
2421 969 2593 1034 Infra,
2636 972 2654 999 ⁸
2690 969 2764 1021 Et

1689 1045 1881 1109 alioqui
1908 1058 2026 1095 cum
2050 1046 2151 1095 siut
2171 1046 2345 1096 odium
2370 1061 2616 1112 amorque
2639 1061 2763 1098 con·

1690 1122 1889 1178 traria‚'
1930 1126 2032 1172 dec.
2098 1124 2341 1188 Rursum,
2400 1128 2415 1153 ⁸
2455 1124 2526 1174 Et
2568 1124 2764 1190 alioqui

1684 1199 1814 1249 nihil
1840 1199 2001 1262 magis
2026 1199 2270 1263 prodesse
2293 1198 2576 1250 candidato
2596 1199 2660 1249 ad
2683 1213 2763 1250 se·

1687 1281 1911 1341 quentes
1948 1277 2172 1326 honores
2210 1290 2364 1341 quam
2407 1281 2650 1341 peractos
2671 1290 2764 1341 op·

1690 1354 1818 1403 time
1839 1350 2207 1417 magistratus?
2238 1352 2403 1402 Mein.

1755 1431 1826 1480 Et
1846 1429 2078 1494 alioquin]
2122 1431 2169 1480 1.
2192 1443 2243 1482 e.
2297 1430 2367 1480 Et
2391 1429 2602 1496 insuper
2622 1432 2765 1482 nulla

1689 1508 1803 1556 laus
1845 1508 1971 1557 satis
2007 1514 2157 1570 grata
2193 1512 2249 1557 et
2286 1507 2501 1557 illustris
2538 1515 2765 1572 apparet

1691 1584 1802 1634 sine
1819 1585 2208 1648 comparatione
2222 1584 2624 1634 contrariorum.
2652 1581 2765 1649 Op·

1692 1663 1865 1727 posita
1883 1663 2018 1712 enim
2028 1663 2188 1726 juxta
2208 1676 2264 1712 se
2283 1661 2450 1726 posita
2467 1661 2637 1726 magis
2656 1662 2767 1713 elu-

1691 1744 1832 1788 cent.
1903 1740 2120 1790 suavior
2162 1738 2371 1789 videtur
2415 1745 2536 1803 post
2588 1737 2767 1789 nubila

1693 1816 1940 1880 Phoebus,
1961 1816 2215 1867 serenitas
2236 1819 2357 1880 post
2376 1821 2768 1879 tempestatem.

1689 1892 1744 1942 si
1771 1891 1949 1943 demas
1976 1893 2294 1958 panegyrico
2317 1890 2475 1942 Plinii
2492 1905 2767 1956 compara-

1693 1968 1881 2030 tiones,
1906 1968 2125 2031 plurima
2157 1974 2464 2018 ornamenta
2491 1972 2548 2016 et
2570 1967 2769 2018 lumina

1691 2044 1740 2093 ei
1764 2044 2028 2094 demseris.
2096 2045 2288 2095 Fateor
2320 2043 2548 2110 quidem,
2580 2043 2634 2093 in
2660 2059 2766 2095 om·

1692 2119 1865 2184 nibus,
1925 2135 2042 2185 quoe
2089 2122 2359 2184 hucusque
2405 2119 2766 2181 innotuerunt,

1692 2198 2078 2261 exemplaribus
2112 2197 2351 2261 copulam
2374 2199 2420 2245 et
2444 2194 2769 2258 desiderari3

1693 2273 1785 2323 sed
1810 2288 1892 2336 ea,
1916 2273 2052 2324 forte
2078 2289 2107 2325 a
2130 2273 2411 2324 festinante
2433 2273 2650 2323 librario
2673 2273 2767 2323 du·

1692 2349 1813 2398 dum
1853 2351 2108 2415 neglecta,
2140 2350 2285 2414 cujus
2310 2348 2551 2400 defectus
2574 2362 2677 2400 nec
2699 2348 2767 2399 ab

1695 2426 1809 2477 aliis
1847 2435 2049 2493 postea,
2079 2427 2175 2477 uisi
2210 2426 2429 2491 primum
2451 2440 2481 2476 a
2505 2423 2766 2485 Livinelo,

1692 2509 1920 2553 attentus
1938 2511 2041 2569 est,
2057 2504 2121 2553 ad
2138 2503 2449 2554 sententiam
2470 2503 2631 2552 Plinii
2648 2516 2768 2567 per·

1694 2580 1926 2642 spicuam
1949 2580 2268 2631 reddendam
2290 2592 2429 2629 nnnc
2454 2579 2603 2644 quasi
2619 2587 2769 2644 post·

1694 2655 1892 2706 liminio
1931 2657 2092 2707 debet
2125 2656 2361 2717 restitui3
2397 2670 2513 2706 cum
2536 2658 2768 2707 maxime

1695 2738 1981 2795 perpetuus
2004 2732 2167 2798 ipsius
2191 2733 2355 2785 Plinii
2380 2746 2501 2783 usus
2516 2747 2631 2783 eam
2648 2748 2771 2798 sng-

1693 2814 1877 2869 gerat:
1912 2814 2095 2872 utpote
2130 2810 2238 2875 qui,
2271 2808 2476 2874 quoties
2512 2807 2566 2859 in
2602 2822 2769 2873 expo·

1693 2880 1881 2931 nendis
1900 2890 1954 2932 et
1969 2885 2339 2936 connectendis
2359 2884 2652 2935 rationibus
2668 2886 2773 2936 uti-

1695 2964 1783 3007 tur
1806 2959 2063 3022 particula
2085 2960 2101 2988 ⁸
2128 2960 2392 3027 alioquiu,'
2412 2967 2469 3010 nt
2499 2959 2768 3026 significet

1694 3034 2073 3086 Germanorum
2127 3038 2432 3102 particulas,
2482 3040 2583 3087 tud
2625 3037 2771 3089 ueber

1694 3112 1816 3175 diss,
1838 3114 1936 3162 und
1956 3128 2015 3163 zu
2047 3115 2172 3176 dem,
2208 3114 2265 3164 el'
2292 3113 2570 3178 praemittit
2602 3129 2769 3179 copu-

1695 3186 1795 3237 lam
1818 3192 1903 3247 et,·
1939 3203 1987 3239 v.
2014 3204 2063 3254 g.
2087 3189 2225 3241 Plin.
2250 3190 2419 3255 Epist.
2437 3188 2491 3241 x.
2513 3195 2599 3242 ⁴2.
2630 3194 2649 3221 ⁸
2671 3190 2768 3242 Est

1696 3272 1869 3313 autem
1912 3264 2259 3330 [incendium]
2300 3267 2454 3318 latius
2490 3281 2768 3333 sparsum=

1697 3342 1916 3404 primum
1950 3343 2198 3393 violentia
2232 3344 2394 3402 venti,
2417 3344 2607 3393 deinde
2630 3344 2769 3394 iner-

1696 3418 1767 3467 tia
1782 3416 2041 3469 hominum
2059 3435 2075 3481 3
2099 3419 2238 3485 quod
2254 3421 2379 3471 satis
2394 3429 2625 3482 constat,
2638 3422 2772 3472 otio·

1695 3508 1778 3543 sos
1799 3502 1854 3545 et
1878 3496 2164 3547 immobiles
2188 3496 2321 3548 tanti
2354 3485 2472 3547 mali
2498 3505 2770 3561 spectato·

1697 3585 1780 3621 res
1819 3573 2129 3635 perstitisse.
2194 3574 2266 3625 Et
2304 3574 2495 3639 alioqui
2532 3572 2595 3639 [i.
2619 3589 2671 3626 e.
2710 3583 2768 3626 et

1695 3655 1890 3713 proeter
1912 3651 2037 3700 istas
2070 3652 2320 3717 caussas‚]
2347 3651 2515 3701 nulius
2545 3666 2769 3717 nsquam

1693 3723 1746 3773 in
1770 3724 1981 3789 publico
2002 3726 2169 3790 sipho‚
2188 3728 2332 3778 nulla
2362 3726 2532 3790 hama,
2568 3714 2768 3778 nulium

1692 3801 1918 3869 denique
1966 3804 2365 3855 instrumentum
2412 3803 2477 3854 ad
2522 3804 2771 3855 incendia

1691 3878 2108 3943 compescenda!
2171 3880 2352 3938 Vides,
2393 3880 2477 3933 hic
2515 3880 2772 3945 Plinium,

1692 3969 1787 4020 per
1831 3954 2122 4016 formulam,
2167 3962 2184 3988 ⁸
2211 3964 2267 4008 et
2309 3958 2535 4024 alioqui:
2577 3974 2766 4012 novam

1691 4032 1951 4097 quandam
1990 4034 2266 4098 rationem,
2290 4047 2508 4101 eamque
2546 4048 2770 4101 genera-

1691 4109 1808 4166 lem,
1832 4109 2078 4172 proximis
2097 4117 2397 4162 annectere.
2430 4110 2521 4170 At,
2545 4112 2632 4162 nbi
2654 4113 2769 4165 siue

1690 4185 1876 4249 copula
1914 4191 1981 4249 et,
2013 4187 2225 4251 ponitur
2259 4188 2453 4253 alioqui,
2489 4196 2615 4240 tunc
2656 4192 2768 4256 ple·

1690 4278 1903 4331 rumque
1924 4265 2241 4320 Germanice
2272 4268 2423 4321 reddi
2461 4274 2658 4334 potest,
2678 4272 2766 4323 wa·-
