3060 4902
801 379 866 431 c.
917 379 1154 430 νιιιιιι
1205 382 1543 435 saeuum
1596 388 1870 439 nnnc.
1948 393 1999 441 1.
2042 376 2154 443 52.

347 516 511 581 ipsius
534 516 747 584 effigie:
788 527 935 571 tanta
957 522 1237 587 laxitas,ut
1261 527 1425 589 porti-

349 607 443 643 cua
482 595 722 658 triplicet
762 597 1009 647 miliarias
1043 600 1300 657 baberet,’
1326 606 1426 652 &c-

350 669 504 720 Adeo
529 673 772 735 auspicor
794 688 908 723 cum
928 676 1109 724 vossio
1134 678 1185 726 in
1213 681 1444 743 Etyma-¹

348 747 548 811 logico,
587 749 766 812 primia
794 752 1139 803 Romanorum
1178 758 1424 818 tempori-

352 822 453 875 bua
487 827 502 853 ‘
524 824 757 889 atrium,’
793 833 847 877 et
883 835 897 857 ⁸
918 831 1231 880 vestibulum
1250 830 1263 851 ’
1288 832 1425 883 idem

352 898 548 961 fuiaae3
586 912 857 952 crescente
899 914 1072 954 autem
1098 907 1242 969 luxu,
1267 909 1425 957 homi·

352 990 470 1032 nea,
512 979 810 1042 prinsquam
855 980 1282 1046 admitterentur,
1324 999 1424 1035 nou

353 1051 409 1103 in
445 1056 461 1083 ⁸
488 1054 655 1104 atrio’
689 1057 782 1105 aed
819 1058 870 1106 in
904 1058 1094 1116 ‘area,’
1128 1060 1265 1110 iuter
1290 1063 1424 1113 riam

355 1136 411 1178 et
453 1129 657 1180 domum
694 1132 996 1199 interJecta,
1026 1151 1120 1186 ceu
1146 1139 1195 1186 in
1231 1146 1245 1169 ⁸
1269 1141 1425 1189 vesti·

357 1204 524 1268 bulo,'
570 1209 901 1271 conuitium
954 1212 1073 1261 iude
1117 1214 1421 1264 vocabulum

353 1280 671 1332 ‘vertibuli'
726 1285 947 1346 priorem
992 1288 1421 1351 significationem

353 1366 610 1409 mutaue-
674 1361 779 1410 Sed
805 1361 869 1411 de
904 1362 1073 1414 ‘areis
1097 1364 1109 1384 ’
1133 1381 1254 1416 mox
1279 1369 1424 1431 paul-

354 1435 409 1483 lo
434 1436 600 1498 plura.
634 1437 879 1489 Solimi-z.

423 1512 604 1561 Adilua
635 1515 819 1579 oman]
856 1516 1034 1566 Codex
1068 1533 1211 1568 meua
1247 1520 1423 1583 habet,

353 1601 457 1637 nec
481 1589 532 1636 id
554 1590 706 1646 urale,
727 1591 776 1638 in
797 1605 1013 1642 numero
1031 1596 1300 1660 singulari,
1317 1598 1425 1647 adi·

350 1669 436 1713 lua
456 1665 626 1729 anais,
658 1665 1016 1728 mirga-adu.
1051 1670 1238 1720 Plures
1263 1674 1422 1721 omni·

353 1755 423 1792 no
439 1741 505 1790 ad
523 1744 829 1805 capitolium
850 1756 998 1794 eraut
1024 1749 1039 1773 ‘
1056 1748 1266 1804 aditur,’
1291 1759 1425 1800 teate

350 1818 556 1879 Tacito,
582 1820 695 1870 loco
733 1835 848 1870 mox
875 1823 1104 1873 citando.
1160 1833 1175 1855 ⁸
1196 1825 1428 1875 Gradus’

354 1904 532 1945 autem
556 1897 605 1947 ir.
630 1898 664 1946 Ι.
688 1907 810 1948 aunt
837 1912 1011 1964 partes
1048 1903 1304 1951 acalarum
1331 1918 1426 1964 per

353 1975 484 2034 q‘uaa
509 1970 570 2021 fit
592 1974 812 2021 acanaio.
882 1976 1191 2038 Hujusmodi
1230 1978 1424 2041 gradus

357 2050 558 2111 templo
614 2051 899 2114 capitolino
966 2052 1141 2114 furiare,
1195 2063 1424 2106 constat.

352 2125 516 2189 Apud
554 2126 695 2177 Gell.
732 2142 796 2178 ιι.
830 2133 908 2178 10.
932 2131 1165 2194 legimns,
1197 2133 1297 2183 Ὠ.
1323 2134 1424 2182 Ca-

355 2204 523 2253 tulum
586 2207 808 2256 voluisse
866 2223 1037 2257 aream
1084 2212 1423 2274 capitolinam

352 2277 672 2344 deprimere,
718 2291 776 2333 ut
822 2285 1053 2346 pluribus
1087 2287 1333 2348 gradibus
1370 2289 1420 2337 in

353 2356 524 2406 edem
550 2360 1025 2410 conscenderetur)
1083 2364 1192 2413 Liv.
1220 2377 1346 2413 vm.
1371 2369 1421 2414 6.

349 2432 523 2483 ‘Cum
569 2433 772 2485 Annius
815 2444 1102 2488 commotus
1147 2440 1222 2489 ira
1259 2456 1314 2490 se
1357 2441 1422 2491 ab

352 2509 614 2558 vestibulo
655 2511 835 2575 templi
872 2513 1037 2562 citato
1070 2516 1232 2577 gradu
1261 2520 1422 2580 prori-

351 2593 530 2650 peret,
554 2587 730 2649 lapsua
749 2603 843 2651 per
873 2590 1081 2653 gradus,
1105 2593 1280 2654 capite
1304 2608 1422 2656 gra-

353 2662 496 2710 viter
517 2659 738 2724 offenso,
761 2664 1015 2726 impactus
1046 2668 1200 2716 immo
1239 2668 1310 2716 ita
1342 2677 1424 2719 eat

352 2751 505 2799 aaxo,
545 2744 604 2788 ut
647 2740 950 2803 aopiretur.'
1017 2743 1120 2792 Ubi
1159 2744 1423 2795 ‘vestibu-

351 2812 488 2863 lum’
526 2830 621 2879 pro
656 2823 670 2844 ⁶
695 2817 862 2866 atrio'
894 2817 996 2866 dici
1022 2827 1164 2883 puto.
1222 2822 1422 2883 Lipsius

353 2891 693 2950 existimavit,
717 2900 925 2943 centum
950 2896 1156 2958 quidem
1177 2898 1422 2959 gradibus

356 2984 387 3019 e
411 2967 529 3019 foro
559 2970 612 3020 in
646 2972 949 3036 capitolium
988 2973 1236 3023 adscendi
1271 2991 1423 3039 opor·

357 3048 551 3108 tuiaae3
590 3062 710 3096 uana
752 3049 851 3097 hoc
894 3048 1068 3099 Taciti
1105 3052 1428 3115 testimonio,

355 3138 421 3173 ex
457 3124 603 3175 Hiat.
631 3138 718 3174 ιιι.
749 3130 831 3175 71.
865 3124 1031 3176 ‘Tum
1066 3127 1300 3178 diversos
1343 3145 1425 3180 ca·

359 3202 534 3265 pitolii
559 3202 731 3251 aditus
762 3201 1037 3265 invadunt,
1060 3204 1216 3267 juxta
1256 3207 1422 3255 locum

360 3277 514 3343 asyli,
538 3287 594 3327 et
625 3294 728 3342 qua
763 3279 984 3342 Tarpeia
1021 3293 1173 3344 rupea
1211 3291 1423 3332 centum

357 3355 610 3420 gradibua
646 3354 855 3406 aditur.'
918 3356 1020 3405 Sed
1060 3356 1278 3407 Tacitus
1311 3360 1425 3408 aliia

355 3446 462 3481 non
504 3430 713 3481 videtur
758 3432 826 3480 ibi
874 3433 1014 3497 loqui
1060 3433 1124 3482 de
1181 3435 1427 3497 gradibus

359 3506 545 3570 templi
570 3507 856 3570 capitolini,
891 3509 1073 3572 quibua
1103 3508 1169 3558 ab
1194 3523 1318 3559 area
1340 3526 1426 3560 ca·

354 3582 583 3647 pitoliua
621 3583 670 3631 in
705 3583 870 3646 ipsum
918 3584 1166 3647 templum
1211 3587 1427 3635 adscen-

357 3674 473 3709 aum
498 3666 598 3719 eat,
621 3659 705 3721 qui
728 3658 907 3721 utique
941 3661 1209 3720 pauciores
1241 3659 1386 3711 fuere
1409 3678 1424 3724 ς

353 3734 446 3785 aed
467 3732 538 3784 de
562 3734 625 3783 ii·
646 3735 833 3799 quibua
859 3736 1092 3786 adiretur
1123 3752 1277 3801 rupea
1299 3739 1425 3788 Tar·

355 3812 498 3879 peia,
544 3826 711 3875 prope
760 3820 990 3861 veterem
1038 3814 1427 3865 Carmentalem

354 3899 583 3957 portam.
605 3891 789 3939 'rotam
804 3891 1023 3940 ‘aream’
1040 3893 1107 3941 ait
1122 3893 1323 3941 Plinius
1340 3909 1425 3942 au·

355 3987 414 4021 ro
437 3977 761 4034 argentoque
783 3970 1029 4019 reluxisse
1051 3991 1064 4031 ;
1086 3972 1208 4034 quia
1231 3973 1281 4019 in
1305 3986 1427 4020 area

354 4048 667 4111 templorum
695 4059 793 4094 non
818 4047 982 4096 solum
1010 4048 1191 4096 hostio
1218 4049 1428 4097 venales

354 4122 776 4187 exponebantur,
800 4129 856 4172 et
877 4122 995 4179 alia,
1030 4138 1144 4187 quae
1171 4122 1234 4171 ad
1263 4125 1426 4187 ,acri-

356 4201 472 4251 ficia
519 4198 878 4264 pertinebant,
918 4197 1275 4262 habebantur,
1332 4202 1426 4250 aed

357 4281 538 4336 etiam,
571 4276 698 4342 quia
730 4276 774 4327 ia
812 4277 957 4327 locus
995 4278 1217 4328 maxime
1253 4281 1432 4330 aureia

2437 383 2571 449 ⁶759

1500 533 1863 597 argenteisque
1899 533 2082 585 statuis
2119 536 2419 589 ornabatur.
2478 541 2572 590 Vi-

1504 613 1640 655 truv.
1667 623 1706 657 1.
1726 614 1776 659 7.
1798 621 1980 660 auctor
1997 621 2100 676 eat,
2120 616 2134 642 ⁴
2157 628 2303 664 arear
2324 614 2338 634 '
2361 617 2568 680 potissi·

1501 698 1638 732 mum
1664 686 1861 735 aedibus
1890 689 2069 749 sacris,
2095 688 2228 748 foro,
2255 692 2570 760 reliquisque

1501 759 1628 808 locia
1682 765 2056 828 communibus,
2102 770 2340 830 propriae
2388 770 2569 822 fuine.

1500 834 1624 890 Sed,
1662 842 1719 885 ut
1759 851 1915 899 supra
1950 838 2077 903 dixi,
2114 840 2323 894 difficile
2358 851 2443 894 eat
2477 847 2572 896 ali-

1499 913 1708 975 quando
1765 930 1912 965 areas
1965 934 1995 967 ιι
2061 919 2329 971 vestibulis
2386 923 2570 974 distin·

1500 1005 1681 1053 guere-
1749 994 2017 1044 Nardinua
2057 997 2109 1046 in
2151 998 2318 1048 Roma
2354 1001 2570 1060 Vetere,

1500 1079 1592 1115 ιιι.
1616 1073 1665 1117 4.
1694 1070 1873 1127 tradit.
1894 1072 2331 1132 Jn-Savarouem,
2360 1077 2409 1126 in
2434 1079 2571 1128 notia

1501 1145 1566 1192 ad
1602 1145 1785 1195 Sidon.
1825 1146 2183 1210 Apollinarem
2223 1151 2401 1216 (cujus
2444 1169 2570 1205 vero

1500 1219 1668 1268 locum
1706 1221 1937 1271 invenire
1978 1238 2075 1273 non
2115 1225 2290 1292 potui)
2329 1228 2426 1278 hoc
2468 1229 2570 1278 dir-

1500 1297 1695 1344 crimen
1738 1296 1872 1346 inter
1913 1299 1929 1327 ‘
1958 1299 2160 1349 aream'
2196 1311 2253 1351 et
2306 1306 2321 1331 ‘
2344 1303 2571 1353 vestibu-

1499 1370 1605 1420 lum
1626 1369 1640 1390 ²
1664 1374 1924 1434 statuisse,
1950 1376 2087 1438 quod
2122 1378 2138 1404 ⁴
2158 1391 2278 1426 area
2296 1377 2312 1400 ’
2339 1380 2566 1442 spatium

1497 1447 1566 1496 ait
1593 1457 1714 1497 ante
1747 1450 1889 1499 aedea
1914 1453 2167 1509 Deorum,
2190 1456 2206 1482 ⁸
2228 1457 2538 1506 vestibulum
2557 1456 2571 1479 ⁸

1500 1532 1623 1573 ante
1648 1524 1825 1575 domos
1852 1528 2191 1590 privatorum.
2229 1532 2443 1596 Verum,
2466 1549 2569 1583 non

1499 1604 1664 1651 solum
1693 1604 1910 1663 Plinius,
1935 1606 1984 1653 iu
2013 1605 2109 1656 hoc
2138 1610 2331 1672 capite,
2358 1610 2446 1658 aed
2473 1612 2572 1659 eti-

1500 1691 1581 1727 am
1626 1679 1712 1727 alii
1761 1687 1964 1730 veteres
2021 1682 2323 1748 scriptores,
2375 1688 2574 1749 templo

1500 1755 1780 1818 capitolino
1803 1770 1953 1820 oeque
1987 1764 2001 1785 ⁴
2025 1760 2338 1809 vestibulum
2357 1759 2372 1781 '
2393 1776 2455 1810 ac
2478 1765 2492 1788 ⁸
2516 1776 2568 1810 a·

1502 1842 1641 1878 ream
1659 1829 1673 1850 ⁹
1697 1832 1975 1893 assignant.
2033 1833 2225 1892 Livius,
2256 1836 2288 1885 l.
2311 1849 2395 1884 ιιι.
2414 1850 2462 1884 c.
2489 1840 2569 1885 18.

1500 1908 1647 1960 ‘Jam
1668 1908 1720 1957 in
1741 1910 2046 1959 vertibulum
2071 1922 2417 1976 proruperant
2438 1922 2569 1963 tem-

1503 1985 1575 2047 pli
1602 1983 1921 2047 [capitolini]
1944 2000 2060 2035 cum
2088 1986 2150 2035 P.
2168 1988 2411 2037 Valerius
2432 1990 2569 2038 inter

1503 2060 1751 2124 primores
1784 2077 2010 2125 pugnam
2044 2064 2186 2113 clena
2222 2065 2570 2115 interficitur.¹

1504 2137 1650 2185 Idem
1694 2150 1833 2186 xxv.
1874 2143 1923 2187 8.
1955 2140 2279 2189 ‘Genucilium
2324 2149 2427 2191 tam
2466 2141 2569 2191 fre·

1503 2227 1665 2276 quens
1691 2214 1854 2275 plebia
1879 2213 2080 2271 aderat,
2103 2224 2159 2264 ut
2183 2217 2566 2266 multitudinem

1503 2303 1626 2337 area
1663 2290 1895 2351 capitolii
1939 2304 2040 2339 non
2082 2290 2335 2356 caperet.¹
2397 2293 2570 2343 Tacit.

1510 2364 1649 2413 Hiar.
1689 2378 1724 2412 ι.
1765 2369 1845 2413 86.
1893 2372 1909 2396 ·
1939 2365 1996 2414 ln
2039 2367 2294 2415 vestibulo
2334 2369 2569 2431 capitolii

1504 2442 1718 2491 omissas
1762 2441 1987 2489 habena·
2022 2440 2175 2505 bigae,
2210 2445 2293 2492 cui
2333 2445 2570 2494 Victoria

1504 2517 1806 2567 institerat?
1864 2519 2008 2567 Idem
2046 2520 2187 2569 Hiat-
2211 2534 2285 2569 ιν.
2308 2526 2389 2571 58.
2425 2522 2439 2548 ‘
2466 2522 2569 2571 Cu-

1505 2608 1613 2642 ram
1642 2594 1948 2643 restituendi
1980 2596 2211 2658 capitolii
2237 2597 2287 2644 iu
2317 2597 2373 2645 L.
2396 2597 2570 2646 Vesti-

1503 2684 1625 2718 num
1650 2668 1876 2719 confert.
1902 2704 1914 2718 .
1942 2703 1955 2717 .
1976 2672 2104 2720 Tum
2130 2672 2402 2722 Helvidius
2429 2673 2569 2722 Pris-

1471 2804 1480 2809 ,
1502 2761 1591 2796 cus
1617 2747 1855 2797 lustravit
1878 2747 2325 2799 Suovetaurilibua
2361 2751 2572 2799 aream-³

1502 2824 1720 2872 Sueten.
1759 2824 1923 2888 Calig.
1948 2839 1994 2875 c.
2018 2829 2100 2874 22.
2133 2827 2149 2853 ‘
2171 2826 2234 2875 Iu
2276 2841 2398 2876 area
2428 2828 2571 2890 capi·

1503 2901 1666 2948 telina
1685 2915 1832 2949 novae
1854 2901 2034 2950 domus
2054 2900 2388 2952 fundamenta
2402 2905 2573 2966 jecit!

1503 2977 1574 3026 Et
1608 2991 1655 3025 c.
1689 2980 1770 3025 34.
1805 2979 1820 3004 ‘
1845 2978 2058 3025 Statuas
2093 2978 2320 3027 virorum
2357 2980 2570 3029 illustri-

1502 3067 1610 3111 um,
1645 3050 1711 3099 ab
1747 3051 1984 3114 Augusto
2022 3066 2085 3101 ex
2126 3053 2411 3115 capitolina
2448 3068 2571 3104 area

1505 3135 1717 3191 propter
1753 3127 2022 3191 angustias
2056 3127 2108 3175 in
2149 3127 2398 3176 Martium
2432 3143 2571 3178 carn·

1505 3219 1627 3268 pum
1663 3203 1897 3259 collatas,
1922 3202 2182 3252 subvertit
2219 3213 2376 3268 atque
2417 3205 2573 3268 ‹iiaje-

1503 3281 1612 3331 cit.’
1676 3281 1778 3330 Sed
1821 3282 1990 3329 nullua
2025 3280 2393 3345 antiquitatum
2420 3283 2570 3335 Rom.

1502 3360 1786 3421 interpres,
1809 3364 2058 3422 quantum
2096 3359 2222 3418 acio,
2250 3360 2377 3408 salia
2403 3360 2571 3410 adhuc

1503 3435 1809 3498 explicavit,
1833 3448 1897 3482 an
1923 3441 1977 3483 et
2001 3436 2257 3499 quomodo
2291 3436 2390 3484 ista
2414 3439 2571 3487 reati-

1503 3511 1610 3560 buli
1656 3518 1712 3560 et
1756 3524 1888 3558 arem
1937 3510 2171 3574 capitolii
2218 3513 2330 3560 loca
2373 3512 2571 3563 fuerint

1504 3586 1775 3636 distincta.
1838 3584 1952 3634 Nec
1987 3585 2256 3649 iudignum
2296 3587 2393 3638 hoc
2420 3604 2570 3654 argu·

1505 3672 1734 3711 mentum
1758 3661 1915 3718 foret,
1943 3663 2078 3726 quod
2102 3678 2167 3712 ex
2193 3664 2432 3717 instituto
2466 3669 2572 3718 dia·

1504 3747 1790 3789 cnteretur.
1831 3739 1982 3788 Idem·

1576 3819 1752 3865 Omnes
1776 3816 1982 3879 gradus]
2021 3816 2157 3867 Hui!
2197 3821 2336 3885 atqui
2361 3829 2570 3872 centum

1505 3894 1755 3960 gradibus
1778 3894 2037 3944 adibatur.
2088 3894 2226 3957 Lipa-
2587 3958 2591 3963 q

1577 3974 1707 4022 Hinc
1735 3988 1871 4034 auro,
1893 3973 2004 4022 Ιιὶιιι·
2035 3973 2258 4037 argento]
2299 3973 2434 4023 Nam
2461 3975 2573 4025 Do·

1505 4051 1746 4100 mitianua
1778 4057 1978 4098 statuas
2003 4049 2099 4097 sibi
2123 4051 2174 4097 in
2199 4051 2444 4114 capitolio
2468 4067 2570 4103 non

1505 4128 1599 4176 nisi
1626 4141 1809 4176 aurea·
1833 4135 1887 4174 et
1913 4133 2192 4188 argenteas
2227 4128 2346 4190 poni
2380 4132 2574 4190 permi-

1505 4202 1595 4257 ait,
1626 4217 1686 4252 ac
1721 4201 1964 4265 ponderis
1988 4200 2140 4249 certi.
2212 4200 2412 4251 Auctor
2440 4206 2574 4257 Sues

1507 4280 1678 4331 tonina
1699 4278 1909 4328 ibidem.
1949 4274 2116 4326 Livia.
