3060 4902
537 364 669 430 570

542 524 629 573 Sic
653 522 882 588 loquitur
907 522 1115 574 Phaedr.
1148 538 1203 574 v.
1240 528 1289 573 7.
1323 524 1338 551 ‘
1361 523 1601 574 Accessit

541 603 692 657 alter,
738 616 887 662 aeque
927 600 1166 649 defectus
1208 600 1360 663 pilis.'
1444 601 1602 649 Ovid.

541 679 674 727 Met.
704 691 757 725 v·
779 681 893 726 106.
930 678 1222 741 ‘Sanguine
1256 676 1490 727 defectos
1514 692 1601 727 ce·

538 753 668 801 cidit
702 753 959 815 collapsus
998 754 1046 801 in
1073 753 1249 802 artus.’
1316 754 1434 802 Val.
1459 754 1602 802 Flac.

539 843 643 878 vn.
671 835 784 879 116.
806 830 959 879 ‘Solo
984 829 1387 879 maeretdefecta
1410 829 1604 879 cubili.’

540 908 743 958 Seneca
770 906 988 969 Hippol.
1032 921 1103 954 vs.
1130 910 1244 956 375.
1310 915 1323 937 ·
1345 907 1503 956 Vadit
1523 908 1601 957 in-

538 991 685 1034 certo
720 985 852 1047 pede
881 983 1124 1037 Pha‘dra,
1152 985 1264 1046 jam
1293 982 1486 1031 viribus
1512 983 1600 1030 de-

538 1060 715 1110 secta!
786 1062 869 1110 Ne
896 1074 1016 1108 vero
1050 1067 1201 1121 putes
1243 1061 1377 1108 solos
1420 1059 1600 1122 poe'tas

538 1140 610 1186 ita
636 1137 795 1201 loqui,
821 1135 940 1185 aridi
968 1142 1021 1184 et
1047 1134 1161 1182 Val.
1186 1134 1329 1182 Max.
1357 1140 1522 1183 vti-6.
1548 1139 1598 1185 2.

538 1214 553 1239 ⁴
575 1213 880 1260 Casilinates
940 1211 1298 1259 alimentorum
1353 1208 1599 1259 facilitate

537 1288 773 1339 defecti!
843 1288 989 1337 Idem
1015 1302 1102 1337 ιιι.
1124 1293 1172 1337 2.
1198 1296 1308 1335 ext.
1341 1289 1356 1314 ‘
1374 1288 1468 1336 Vir
1492 1304 1598 1336 am-

538 1366 795 1429 piissimus
836 1371 991 1429 atque
1037 1363 1466 1427 prudentissimus
1504 1379 1598 1412 suo

535 1442 750 1490 consilio
795 1439 1055 1502 defectus,
1102 1440 1285 1503 puerili
1330 1456 1449 1489 usus
1484 1438 1600 1488 est!

537 1519 683 1568 Bene
708 1525 878 1567 autem
903 1518 1274 1581 sapienterque
1308 1517 1462 1565 docet
1490 1517 1597 1565 Pli-

534 1596 671 1656 nius,
695 1595 832 1643 illum
868 1594 1151 1658 principem
1192 1590 1344 1640 facile
1380 1593 1597 1641 exitium

534 1679 590 1722 et
636 1684 875 1720 occasum
933 1669 1134 1731 imperii
1189 1670 1596 1718 acceleraturum

533 1760 667 1808 esse,
691 1747 775 1810 qui
815 1745 946 1794 solos
983 1745 1250 1806 primores,
1293 1752 1346 1793 ct
1384 1746 1597 1805 nobiles,

534 1824 779 1887 ditesque
825 1821 956 1871 tueri
1004 1821 1167 1882 velit3
1201 1831 1384 1870 contra
1422 1831 1597 1872 autem

533 1898 830 1959 inferiores,
854 1907 910 1946 et
940 1897 1142 1960 plebem
1164 1912 1447 1961 pauperem
1473 1913 1597 1962 neg·

532 1978 680 2042 ligat,
706 1991 873 2041 neque
896 1978 1003 2040 ejus
1029 1977 1279 2026 rationem
1314 1992 1595 2039 curamque

531 2056 744 2105 habeat.
810 2055 976 2106 Quam
1004 2069 1182 2117 parum
1201 2054 1335 2103 enim
1353 2054 1502 2103 homo
1522 2055 1596 2103 vi-

533 2146 676 2193 vere,
703 2140 952 2195 recteque
975 2132 1162 2194 valere,
1187 2139 1239 2179 et
1264 2130 1421 2180 firmis
1450 2132 1596 2193 pedi-

531 2208 627 2258 bus
650 2217 789 2258 stare
814 2215 1009 2272 potest,
1045 2210 1195 2271 cujus
1232 2216 1392 2270 caput
1429 2210 1594 2257 solum

527 2294 789 2349 superest,
831 2286 943 2334 sine
991 2293 1177 2334 trunco
1233 2292 1288 2332 et
1349 2283 1594 2333 inferiore

531 2377 787 2426 corpore:
821 2371 925 2412 tam
967 2377 1145 2425 parum
1172 2362 1329 2411 etiam
1364 2370 1503 2411 stare
1538 2371 1594 2412 et

528 2437 714 2490 florere
749 2448 919 2506 potest
958 2454 1036 2488 res
1071 2438 1295 2503 publica,
1334 2437 1421 2488 ubi
1457 2440 1594 2489 solus

528 2520 792 2580 princeps,
816 2525 870 2565 et
896 2532 1011 2566 cum
1043 2517 1152 2581 ipso
1179 2530 1439 2578 proceres.
1479 2525 1593 2565 tan-

528 2608 679 2656 quam
703 2593 898 2658 capita,
923 2593 1052 2642 bene
1074 2607 1129 2641 se
1155 2592 1379 2641 habeant
1402 2609 1417 2650 ς
1444 2591 1592 2655 plebs

531 2683 673 2733 vero,
696 2678 752 2720 et
780 2684 1059 2733 pauperes,
1094 2669 1143 2716 in
1176 2668 1287 2717 dies
1322 2668 1594 2730 deficiant,

526 2754 616 2794 aut
642 2746 919 2805 intereant,
940 2752 993 2792 et
1014 2744 1157 2793 velut
1184 2759 1213 2793 a
1236 2745 1591 2807 superioribus

529 2821 763 2886 partibus
790 2819 1086 2884 reipublicae
1113 2833 1324 2882 prorsus
1349 2833 1593 2880 separen-

529 2903 630 2947 tur.
698 2897 940 2946 Pertinet
976 2894 1077 2945 huc
1114 2895 1305 2943 eximia
1334 2897 1594 2944 sententia

529 2974 641 3024 Cic.
664 2989 694 3024 e
719 2975 943 3023 Platone
983 2973 1231 3035 repetita,
1259 2969 1414 3020 Offic.
1449 2986 1488 3021 ι.
1511 2977 1594 3021 25.

528 3049 810 3111 ‘Omnium
846 3050 932 3112 qui
974 3048 1273 3110 reipublicae
1320 3046 1593 3110 praefutnri

525 3134 665 3187 sunt,
688 3126 789 3174 duo
809 3124 1042 3173 Platonis
1067 3129 1331 3186 praecepta
1346 3130 1593 3173 teneant:

525 3213 702 3262 unum,
720 3208 777 3249 ut
803 3199 1080 3248 utilitatem
1104 3200 1292 3248 civium
1316 3200 1390 3249 sic
1412 3206 1592 3250 tuean-

526 3285 630 3339 tur,
653 3286 726 3333 ut,
749 3290 1073 3341 quaecunque
1092 3284 1273 3339 agunt,
1295 3276 1359 3326 ad
1381 3290 1491 3326 eam
1510 3293 1590 3328 re-

523 3353 715 3414 ferant,
752 3352 903 3403 obiiti
945 3353 1325 3402 commodorum
1353 3368 1588 3406 suorum:

524 3431 764 3488 alterum,
799 3438 859 3480 ut
882 3437 1049 3481 totum
1073 3444 1262 3494 corpus
1290 3431 1590 3492 reipublicae

523 3515 708 3557 curent
732 3524 748 3570 ς
803 3521 889 3566 ne,
944 3506 1064 3555 dum
1124 3514 1323 3568 partem
1369 3505 1589 3569 aliquam

523 3590 753 3645 tuentur,
797 3583 1022 3647 reliquas
1068 3581 1331 3632 deserant.
1366 3616 1379 3630 .
1407 3615 1421 3630 .
1445 3616 1458 3631 .
1485 3584 1588 3634 Qui

523 3667 694 3710 autem
738 3661 875 3722 parti
913 3659 1102 3709 civium
1136 3660 1434 3721 consulunt,
1469 3675 1587 3723 par-

524 3745 630 3789 tem
654 3736 941 3800 negligunt,
976 3750 1080 3786 rem
1103 3735 1588 3799 perniciosissimam

521 3814 575 3864 in
600 3814 864 3865 civitatem
890 3811 1162 3874 inducunt,
1178 3810 1485 3861 seditionem
1509 3819 1587 3862 at-

524 3905 626 3956 que
667 3889 1013 3948 discordiam:
1049 3903 1116 3938 ex
1152 3904 1253 3952 quo
1299 3888 1492 3943 evenit,
1529 3898 1586 3939 ut

523 3968 610 4019 alii
635 3967 931 4031 populares,
954 3966 1040 4013 alii
1062 3965 1280 4015 studiosi
1303 3967 1485 4029 optimi
1500 3981 1587 4017 cu·

515 4045 732 4108 jusque,
774 4042 1068 4099 videantur,
1123 4041 1279 4106 pauci
1321 4043 1585 4093 universo-

523 4119 674 4173 rum.’
707 4120 859 4169 Iden.
1193 4147 1196 4152 -

587 4196 843 4258 Desectam
864 4195 1081 4261 corpore]
1105 4194 1339 4246 Martini.
1357 4209 1485 4247 xtu.
1503 4202 1587 4249 77.

516 4281 533 4340 ξ
552 4275 748 4329 Dulcia
778 4272 986 4328 defecta
1022 4269 1320 4324 modulatur
1353 4274 1587 4326 carmina

1242 378 1458 430 1401·AE
1510 379 1917 429 VAnloRUM
1969 380 2049 429 11⁴1

1681 524 1857 587 lingua
1878 526 2128 576 Cantator
2164 540 2358 591 cygnus
2397 525 2592 578 funeris
2628 526 2744 593 ipse

1680 601 1790 651 sui.'
1826 602 1979 652 Bern.

1744 678 1909 727 Facile
1942 684 2013 727 est
2044 677 2329 744 conjectare]
2366 681 2544 731 Codex
2578 681 2747 731 Guel-

1679 754 2032 818 plrerbytanus
2067 766 2119 805 et
2146 765 2365 819 uterque
2392 758 2522 806 liber
2545 758 2747 819 Gudia-

1678 847 1795 892 nus,
1846 848 1942 897 pro
1984 832 2244 893 conjectare
2280 834 2472 884 habent
2514 835 2746 897 cogitare.

1679 908 1781 958 Sed
1826 910 1965 958 salva
1989 909 2148 961 debet
2186 925 2304 959 esse
2329 912 2535 975 vulgata
2564 912 2745 961 lectio.

1679 987 1904 1035 Verbum
1927 987 1976 1035 id
2001 996 2082 1037 est
2109 987 2433 1037 Plinianum:
2462 988 2633 1051 Epist.
2652 1001 2744 1037 ιιι.

1677 1068 1725 1111 9.
1746 1066 1860 1113 26.‘
1884 1063 2256 1125 ConJectabis.’
2282 1062 2465 1127 inquit,
2489 1065 2504 1091 ‘
2522 1079 2587 1113 ex
2611 1064 2745 1113 hoc!

1679 1139 1847 1202 Epist.
1877 1153 1979 1188 vu.
2002 1144 2081 1187 27.
2121 1144 2201 1188 14.
2239 1140 2351 1188 ‘Ex
2389 1154 2491 1204 quo
2532 1140 2746 1203 conjec-

1679 1215 1775 1263 tari
1814 1215 2023 1278 potest!
2085 1216 2272 1279 Supra,
2312 1215 2505 1275 Paneg.
2547 1228 2647 1265 xx.
2689 1223 2745 1264 et

1678 1291 1844 1351 Epist.
1871 1305 1956 1340 ιιι.
1980 1295 2062 1340 27.
2082 1296 2131 1342 6.
2168 1290 2298 1339 dicit
2341 1298 2354 1319 ⁴
2381 1291 2741 1353 conjecturam

1676 1364 1889 1415 facere!
1955 1368 2042 1416 Sic
2077 1376 2132 1416 et
2159 1367 2557 1423 Quinctiiianus,
2583 1367 2741 1417 Plinii

1677 1453 1991 1508 praeceptor,
2026 1444 2208 1493 Instit.
2236 1444 2392 1494 Orat.
2418 1458 2521 1494 vu.
2543 1448 2591 1495 3.
2628 1445 2643 1471 ‘
2668 1445 2742 1493 U·

1677 1528 1812 1568 trum
1849 1522 1916 1569 sit
1953 1522 2003 1569 in
2041 1535 2115 1578 re,
2155 1518 2454 1583 conjectat.’
2520 1519 2659 1571 Quin
2686 1529 2743 1571 et

1675 1605 1793 1646 ante
1817 1597 1906 1647 hos
1929 1598 2148 1647 Terent.
2170 1598 2306 1647 Eun.
2333 1610 2420 1645 ιιι.
2440 1601 2491 1647 4.
2510 1602 2560 1645 5.
2592 1606 2606 1626 ·
2630 1597 2743 1646 Ne-

1675 1675 1912 1737 quescio,
1933 1674 2053 1736 qnid
2069 1674 2260 1735 dicam,
2283 1682 2372 1723 aut
2392 1673 2510 1738 quid
2529 1673 2742 1739 conjec-

1676 1749 1821 1800 tem.’
1870 1751 2116 1800 Sciriam.

1737 1827 1896 1877 Aures
1933 1834 2040 1878 tuas
2075 1826 2266 1889 imbuit]
2313 1825 2491 1876 Codex
2527 1825 2743 1875 Vatica-

1674 1917 1768 1950 nus
1796 1908 1944 1953 3461.
1989 1919 2086 1967 pro
2127 1903 2296 1952 imbuit
2334 1900 2565 1952 ostendit
2605 1904 2742 1952 iacu-

1673 1978 1793 2028 bur't.
1863 1980 1994 2032 Quae
2020 1980 2242 2028 varietas
2276 1979 2483 2027 inanem
2510 1978 2742 2042 quidem,

1672 2055 2100 2119 qualemcumque
2145 2061 2339 2111 tamen,
2380 2068 2487 2117 prae
2534 2068 2589 2102 se
2631 2052 2741 2104 fert

1669 2130 1914 2192 speciem.
1987 2130 2059 2178 At
2106 2130 2247 2178 nullo
2292 2129 2442 2177 niodo
2482 2137 2741 2191 exputare

1672 2220 1895 2268 possum,
1928 2205 2185 2269 quomodo
2222 2205 2415 2253 librarii
2453 2207 2659 2261 inertes,
2684 2204 2739 2255 iu

1671 2281 1939 2330 codicibus
1986 2281 2253 2329 Vaticanis
2303 2285 2443 2331 1475.
2492 2288 2545 2328 et
2590 2284 2739 2333 1476.

1673 2358 1799 2408 item
1839 2359 1889 2407 in
1928 2358 2229 2411 Parisiensi,
2252 2358 2472 2412 Veneto,
2509 2362 2563 2405 et
2599 2371 2739 2415 meo,

1672 2435 1721 2484 in
1745 2450 2065 2488 communem
2100 2434 2373 2484 inciderint
2405 2448 2655 2496 errorem,
2679 2442 2738 2485 ut

1671 2529 1766 2579 pro
1803 2515 1973 2572 imbuit
2018 2513 2281 2577 pinxerint
2329 2511 2572 2570 imbutum,-
2617 2525 2736 2576 qnae

1673 2606 1771 2640 vox
1795 2592 1953 2640 etiam
1987 2589 2303 2654 conspicitur
2326 2589 2377 2636 in
2404 2588 2534 2638 libro
2558 2587 2738 2637 Vossi-

1672 2680 1791 2716 ano.
1842 2666 1994 2715 Idem.

1738 2742 1962 2791 Datur-us
1981 2740 2234 2804 alimenta]
2274 2738 2430 2804 Atqui
2465 2740 2531 2789 de
2559 2740 2739 2806 congi-

1671 2819 1778 2867 ario
1793 2820 1926 2868 dixit
1945 2827 2165 2878 tantum,
2183 2817 2315 2881 quod
2335 2832 2457 2866 sane
2474 2817 2737 2880 diversum

1671 2895 1738 2944 ab
1764 2896 1910 2944 istis:
1936 2887 2149 2945 et'int‘ra
2171 2907 2358 2943 xxvii.
2390 2900 2433 2943 1.
2454 2895 2528 2943 bis
2551 2900 2737 2959 terque

1670 2971 1961 3035 disjungit:
2000 2973 2097 3021 ‘In
2145 2986 2288 3034 spem
2332 2972 2736 3034 congiariornm‚

1670 3051 1722 3099 in
1779 3066 1925 3112 spem
1984 3046 2400 3099 alimentorum.'
2515 3048 2735 3113 iterum,

1670 3131 1684 3153 ⁴
1711 3125 2043 3188 Congiarium
2070 3126 2158 3172 das
2181 3124 2246 3172 de
2274 3122 2640 3178 tuo,alimeuta
2666 3124 2735 3173 de

1672 3202 1798 3251 tuo.'
1868 3203 2094 3251 Diversa
2123 3201 2235 3249 haec
2274 3200 2460 3262 igitur:
2497 3200 2588 3248 sed
2620 3201 2735 3263 opi.

1669 3278 1782 3328 nari
1804 3279 1950 3334 licet,
1975 3276 2107 3342 quod
2133 3276 2219 3339 qni
2253 3277 2316 3324 ad
2354 3276 2617 3340 congiaria
2642 3277 2738 3325 ad-

1669 3355 1827 3412 missi,
1868 3354 2022 3404 iidem
2062 3354 2123 3401 ad
2149 3352 2428 3403 frumenta.
2498 3354 2634 3402 Nam
2658 3357 2736 3406 sic

1668 3433 1898 3481 alimenta
1937 3431 2271 3495 interpretari
2309 3429 2633 3492 Capitolinus
2659 3430 2737 3480 vi·

1669 3509 1823 3559 detur
1846 3510 1896 3558 in
1935 3508 2235 3558 Antonino:
2270 3506 2507 3556 ‘Pueros
2546 3513 2602 3555 et
2639 3522 2733 3570 pu-

1667 3587 1794 3635 ellas
1821 3599 2071 3635 novorum
2095 3584 2355 3632 hominum
2381 3581 2735 3635 frumentariae

1666 3661 1992 3727 perceptioni
2018 3659 2298 3723 adscripsit
2317 3657 2350 3708 ι’
2385 3668 2442 3709 ut
2473 3668 2616 3722 puto,
2641 3677 2734 3710 ex·

1664 3740 1837 3803 emplo
1861 3739 1960 3788 isto
1980 3736 2207 3800 Trajani,
2238 3734 2330 3785 sed
2373 3742 2428 3784 et
2451 3729 2733 3799 Hadriani,

1664 3816 1729 3864 de
1759 3829 1861 3880 quo
1896 3814 2227 3875 Spartianus,
2257 3812 2272 3837 ‘
2293 3810 2477 3860 Pueris
2498 3825 2560 3860 ac
2586 3813 2734 3875 puel·

1663 3892 1746 3957 lis,
1769 3893 1953 3957 quibus
1994 3891 2154 3940 etiam
2190 3888 2444 3952 Trajsnus
2482 3889 2734 3940 alimenta

1662 3969 1943 4027 detulerat,
1984 3967 2357 4015 incrementum
2400 3963 2730 4015 liberalitatis

1664 4042 1898 4110 adjecit!
1967 4044 2082 4096 Etsi
2104 4042 2243 4091 haud
2271 4056 2474 4107 negem.
2495 4042 2734 4105 potuisse

1662 4130 1719 4174 et
1741 4124 1794 4174 in
1819 4121 2053 4187 pecunia:
2084 4117 2240 4169 modo
2264 4118 2374 4168 haec
2397 4118 2646 4168 alimenta
2671 4118 2733 4168 ti·

1662 4199 1779 4250 niri.
1843 4196 1954 4250 Sed
1972 4198 2086 4247 haec
2126 4208 2262 4244 nunc
2293 4209 2325 4243 a
2354 4194 2582 4258 Trajano
2624 4196 2731 4246 Ro.

1664 4289 1794 4327 rnae:
1833 4280 2019 4339 postea
2035 4285 2131 4339 per
2155 4270 2362 4322 ltaliam
2385 4270 2516 4321 lianc
2542 4271 2730 4323 libera-
