3060 4902
727 430 801 477 G·
854 428 1098 477 PL1N11
1149 428 1480 478 SECUNDI
1533 430 1807 478 PANEG.
1885 431 1934 478 1.

301 575 521 625 Excurs.
566 587 830 624 xxxvtn.
880 573 965 623 nbi
1009 581 1062 623 et
1113 574 1263 636 plura
1302 580 1375 622 at·

303 654 399 702 tuli
447 652 700 714 exempla
739 652 1134 709 sententiarum,
1174 651 1224 699 in
1265 651 1377 714 qni-

302 729 399 778 bus
424 729 706 792 particulae
726 728 1058 791 copulativae,
1095 729 1111 754 ‘
1132 726 1222 789 et‚'
1251 735 1265 756 ⁶
1281 728 1379 784 ac,’

300 805 476 871 ‘que.'
513 804 752 868 ‘atqne.’
786 820 854 855 ex
900 804 1248 855 antecedente
1284 820 1373 853 ex-

306 899 486 949 pressa
510 883 767 948 particula
794 883 1039 945 negativa
1073 898 1373 945 suspensam

306 960 409 1009 vim
435 960 660 1021 negandi
696 959 846 1010 simul
885 959 1202 1009 adsciscant.
1269 961 1374 1010 Sed

307 1045 364 1086 et
405 1037 755 1085 recentiorum
794 1035 1258 1097 interpretationes
1285 1036 1375 1085 hu·

300 1113 392 1177 jus
418 1113 519 1161 loci
542 1112 607 1162 ad
633 1112 855 1161 eundem
884 1112 1171 1161 Excursum
1197 1113 1375 1176 rejeci.

307 1189 549 1238 Setun.

375 1264 532 1314 Lam
551 1265 698 1328 anm]
725 1263 950 1314 Mirifica
969 1265 1202 1315 laudatio
1225 1273 1274 1315 et
1295 1280 1372 1314 ar·

309 1350 454 1407 gnta.
526 1343 590 1392 In
628 1349 739 1392 toto
773 1342 899 1392 orbe
936 1356 1089 1391 unum
1122 1343 1220 1392 boc
1247 1358 1376 1392 aera·

308 1424 443 1470 rium
480 1427 579 1475 est,
620 1420 714 1469 sub
746 1419 883 1469 bono
924 1421 1177 1483 principe,
1201 1422 1249 1470 in
1275 1436 1376 1485 quo

310 1500 433 1548 boni
478 1514 509 1547 a
551 1499 699 1548 malis
733 1499 1029 1548 vincuntur.
1099 1499 1236 1550 Quid
1279 1500 1377 1549 hoc

309 1577 430 1625 est?
464 1576 640 1626 istud:
677 1575 763 1638 qui
811 1576 932 1624 boni
970 1585 1025 1624 et
1058 1577 1190 1639 justi
1238 1584 1376 1639 sunt,

311 1653 595 1716 voliintque
627 1651 940 1713 patrocinari
972 1654 1177 1712 aerario‚
1211 1653 1374 1716 impa-

311 1745 396 1778 res
421 1738 542 1778 sunt
578 1729 725 1777 malis
763 1737 819 1778 et
853 1726 1251 1788 fraudatoribus,
1287 1734 1378 1777 aut

308 1810 469 1857 etiam
512 1806 828 1856 triconibns:
869 1806 1007 1869 quia,
1040 1813 1097 1854 ut
1137 1820 1254 1854 mox
1288 1806 1377 1853 ad·-

310 1886 411 1941 dit‚
445 1889 460 1914 ‘
484 1885 677 1947 sapius
721 1883 947 1932 vincitur
985 1880 1173 1932 fiscus.'
1239 1883 1374 1932 Sane

311 1962 538 2011 salubris
561 1961 762 2024 imperii
785 1959 1003 2020 signnm,
1028 1959 1214 2008 lienem
1241 1959 1378 2009 bunc

310 2038 362 2086 in
400 2051 623 2100 corpore
661 2049 764 2084 non
797 2048 1048 2083 crescere.
1119 2034 1233 2083 Nisi
1265 2035 1376 2084 haec

311 2114 581 2164 sententia
606 2113 724 2168 loci,
761 2112 888 2160 alius
921 2125 1004 2161 me
1030 2111 1261 2176 aliosque
1287 2113 1377 2161 do-

311 2200 450 2242 ceat.
483 2190 620 2253 Lips.

374 2267 563 2317 Addita
584 2263 681 2327 est]
719 2266 883 2315 Poena
905 2270 1097 2320 manet.
1120 2264 1160 2312 si
1186 2265 1299 2327 quis
1324 2266 1376 2314 in

312 2344 458 2408 leges
504 2344 707 2393 fiscales
751 2348 973 2405 peccat3
1007 2340 1095 2388 sed
1140 2341 1374 2391 additum

312 2421 410 2471 hoc
433 2421 530 2487 (ne
566 2430 763 2471 temere
796 2416 1062 2481 exigatur)
1101 2425 1156 2466 ut
1195 2418 1374 2469 ulcisci

310 2500 470 2550 liceat
493 2499 773 2548 delatores.
821 2495 1126 2547 Quomodo?
1163 2496 1376 2560 talione,

313 2584 371 2625 nt
394 2576 599 2639 opinor.
652 2576 668 2601 ⁴
692 2575 943 2636 Ereptum
965 2587 1104 2621 meas
1130 2572 1374 2635 pecunias

313 2655 475 2704 eunt?
511 2652 755 2718 perdent,
785 2667 912 2716 quas
934 2648 1163 2709 habent,'
1198 2665 1373 2713 snpra.

316 2730 503 2795 Itaque
529 2729 658 2777 ultio
695 2728 871 2777 addita
898 2728 948 2775 in
981 2727 1376 2790 calumniantes,

316 2823 470 2872 poena
495 2814 667 2856 tamen
689 2811 930 2853 manente
961 2804 1013 2852 in
1033 2811 1227 2852 sontes.
1264 2803 1341 2853 1‹1.

378 2885 570 2935 Addita
612 2886 684 2931 est
726 2878 873 2942 ultio]
911 2880 956 2928 1.
993 2894 1039 2929 e.
1080 2893 1176 2928 nec
1223 2895 1375 2943 poena

316 2961 559 3027 cuiqnam
582 2957 795 3008 nocenti
818 2965 875 3006 et
898 2958 1159 3018 convicto,
1178 2959 1264 3022 qui
1293 2959 1374 3006 vel

317 3036 596 3088 defraudat
618 3034 875 3088 erarium,
901 3034 981 3086 vel
1010 3033 1199 3096 injuste
1225 3048 1370 3081 acen.

316 3124 396 3166 sat
421 3115 569 3175 alios,
594 3119 676 3161 est
701 3111 943 3160 remissa:
978 3109 1065 3158 sed
1092 3109 1268 3157 addita
1293 3118 1374 3158 est

316 3192 460 3247 ultio,
482 3197 539 3240 et
563 3190 734 3251 major
756 3201 925 3251 poena,
954 3200 1106 3249 qnam
1140 3186 1374 3240 antebac,

313 3285 430 3319 cnm
454 3265 896 3319 defraudantium.
919 3265 959 3313 si
981 3265 1375 3325 convincantur,

312 3354 421 3394 tum
452 3343 588 3393 falso
616 3342 1031 3390 calumniantium
1057 3357 1072 3400 ς
1109 3355 1234 3403 quos
1263 3355 1374 3401 pos·

316 3425 559 3478 teriores.
587 3420 655 3483 ei,
688 3422 772 3484 qni
806 3419 939 3468 falso
970 3426 1050 3468 est
1087 3426 1377 3477 accusatus,

312 3502 438 3551 licet
474 3512 724 3548 accusare
758 3504 813 3545 et
854 3496 1051 3558 ulcisci,
1081 3508 1196 3543 cum
1222 3503 1377 3543 antea

313 3578 483 3641 potins
508 3574 724 3640 premia
743 3570 1016 3622 referrent.
1071 3571 1212 3620 Alias
1235 3574 1249 3598 ⁴
1272 3587 1376 3634 pue-

314 3654 413 3705 na'
449 3661 507 3703 et
551 3657 565 3679 ⁸
588 3649 746 3700 ultio'
779 3656 901 3699 sunt
942 3662 1253 3713 synonyma3
1297 3650 1378 3697 liic

315 3746 411 3796 per
444 3733 461 3758 ⁸
483 3742 691 3794 poenam
708 3725 723 3748 '
756 3726 963 3776 videtur
984 3724 1247 3776 ordinaria
1270 3740 1380 3788 poe-

312 3823 392 3870 na,
434 3815 492 3857 et
533 3818 632 3869 per
666 3801 981 3853 ‘ultionem’
1018 3800 1380 3850 extraordina-

313 3887 386 3934 ria
408 3900 472 3935 ac
498 3882 688 3946 major,
717 3877 1017 3944 significari.
1084 3878 1170 3927 Ita
1207 3893 1380 3941 supra,

316 3976 498 4014 xxxv.
522 3966 574 4011 ⁴.
645 3959 846 4008 Plinius
870 3959 1093 4014 dixerat,
1129 3960 1144 3985 ⁴
1168 3957 1378 4020 Ingenti

315 4041 523 4103 quidem
543 4037 719 4086 animo
740 4036 888 4085 Titus
903 4035 1173 4084 securitati
1192 4042 1377 4082 nostras

314 4117 607 4182 ultioniqne
632 4121 977 4179 prospexerat
996 4112 1029 4174 ς’
1063 4111 1150 4161 ubi
1178 4112 1377 4160 Breuc-

316 4209 532 4244 tnannns
555 4208 606 4243 c.
637 4192 673 4240 Ι.
706 4204 812 4239 non
840 4189 1028 4240 inscite
1053 4189 1377 4240 animadver-

315 4273 396 4328 tit,
416 4271 673 4325 Plinium,
709 4280 805 4330 per
840 4264 1130 4327 formulam,
1158 4273 1171 4294 ⁸
1197 4265 1379 4315 ultioni

317 4344 655 4414 prospicere‚'
687 4342 965 4409 designare
989 4343 1299 4393 severiorem
1324 4349 1379 4391 et

1980 416 2090 479 36.
2390 414 2520 481 645

1451 572 1914 623 extraordinariam
1957 589 2160 637 poenam
2202 573 2522 635 delatorum3

1450 657 1504 699 et
1532 664 1625 712 per
1650 648 1829 711 verba,
1853 653 1867 677 ‘
1887 651 2155 700 securitati
2177 650 2526 714 prospicere,’

1452 738 1653 788 poenam
1698 739 1877 774 eorum
1923 727 2258 776 ordinariam.
2327 727 2415 775 Sic
2462 733 2519 776 et

1449 800 1622 849 Tacit.
1638 798 1823 849 Annal.
1844 814 1973 850 xtn.
1990 806 2044 850 31
2057 807 2159 851 .32.
2178 812 2190 831 ·
2207 803 2420 852 Factum
2437 817 2520 851 se·

1447 879 1900 927 natusconsultum
1936 880 2117 927 ultioni
2139 880 2312 942 juxta,
2349 888 2404 930 et
2433 894 2514 928 se-

1450 955 1693 1004 curitati:
1735 961 1812 1013 ut,
1845 956 1887 1002 si
1922 956 2034 1019 quis
2056 970 2082 1004 a
2107 958 2210 1004 suis
2247 958 2411 1005 servis
2443 957 2522 1006 in-

1452 1028 1708 1079 terfectus
1744 1039 1903 1087 esset,
1931 1032 1964 1077 ii
1990 1045 2215 1094 quoque,
2245 1031 2329 1094 qui
2362 1039 2520 1081 testa·

1451 1116 1628 1156 mento
1668 1108 1965 1157 manumissi
2011 1107 2107 1156 sub
2148 1107 2327 1156 eodem
2375 1115 2519 1157 tecto

1449 1186 1783 1244 mansissent,
1847 1185 1983 1232 inter
2040 1198 2215 1232 servos
2264 1184 2522 1248 supplicia

1452 1262 1783 1325 penderent!
1819 1262 2062 1311 Schtoarz.

1514 1339 1586 1387 At
1617 1338 1856 1402 sortasse]
1893 1338 1966 1388 Ac
1997 1338 2209 1399 fortasse
2250 1338 2421 1388 Livin.
2465 1339 2516 1388 in

1451 1420 1602 1463 textu
1623 1430 1637 1474 ;
1674 1415 1764 1464 sed
1788 1416 1837 1463 in
1860 1416 2109 1479 margine,
2131 1415 2425 1475 Atsortosse
2448 1417 2516 1465 V.

1452 1491 1511 1540 C.
1539 1490 1612 1539 G.
1635 1493 1698 1540 R.

1522 1567 1735 1630 Fiseum]
1769 1569 1985 1616 ‘Caesar
2023 1568 2191 1617 omnia
2229 1568 2405 1624 habet,
2434 1568 2518 1618 fis-

1449 1658 1541 1693 cus
1566 1645 1676 1707 ejus
1703 1646 1903 1706 privata
1929 1652 2129 1692 tantum
2154 1659 2213 1692 ac
2238 1643 2367 1692 ειη]
2409 1645 2517 1693 Pis.

1451 1734 1569 1768 cnm
1595 1722 1730 1768 enim
1758 1720 2006 1783 principis
2043 1720 2176 1769 bona
2210 1721 2417 1783 propria
2442 1722 2519 1770 di·

1451 1796 1663 1856 cebant,
1719 1807 1771 1845 et
1824 1796 1889 1844 ab
1936 1798 2117 1845 aerario
2159 1798 2519 1846 secernebant.

1450 1872 1572 1922 Seu.
1598 1874 1730 1922 Ben.
1752 1887 1854 1923 vn.
1885 1877 1933 1922 6.
1970 1874 2124 1923 Bern.

1519 1948 1743 2011 Cohibes]
1782 1950 1825 1998 1.
1849 1963 1898 1998 e.
1936 1949 1993 1998 Si
2020 1958 2122 1998 tam
2146 1963 2325 1998 severe
2344 1949 2520 2012 prohi-

1450 2024 1565 2086 bes,
1589 2041 1652 2075 ne
1679 2028 1916 2075 aerarium
1944 2027 2205 2090 publicum
2240 2042 2334 2089 per
2364 2025 2517 2075 falsas

1451 2101 1740 2151 delationes
1786 2102 2158 2165 locupletetur,
2199 2101 2426 2151 fortasse
2465 2102 2519 2151 id

1451 2176 1656 2227 facilius
1685 2177 1924 2239 indulges
1948 2177 2072 2226 fisco
2100 2178 2226 2227 tuo?
2248 2177 2489 2227 Schmun.

1515 2256 1688 2306 Actori
1727 2261 1868 2317 atque
1901 2256 2046 2304 etiam
2074 2254 2395 2317 procuratori]
2431 2256 2517 2305 De

1452 2334 1684 2397 utrisque
1701 2330 1925 2391 erudite,
1944 2339 2132 2378 etcum
2152 2345 2273 2378 cura
2292 2331 2524 2393 Lipsius,

1450 2410 1647 2460 amicus
1672 2419 1869 2466 noster,
1894 2408 1957 2458 ad
1977 2407 2143 2457 Taciti
2166 2408 2352 2459 Annal.
2376 2421 2439 2457 11.
2463 2416 2517 2459 et

1453 2502 1559 2537 xit.
1583 2503 1697 2551 quae
1736 2502 1835 2536 non
1874 2487 2109 2548 sublege.
2180 2487 2332 2538 Quod
2369 2486 2517 2536 addit

1451 2566 1515 2614 de
1563 2565 1827 2621 tribunali,
1872 2566 2043 2612 nescio
2092 2577 2153 2610 au
2193 2563 2268 2610 ita
2306 2564 2517 2625 capien-

1451 2643 1590 2697 dum,
1638 2650 1694 2690 ut
1740 2642 1781 2689 si
1823 2640 2082 2703 privatum
2122 2639 2193 2701 id,
2224 2646 2280 2688 et
2320 2642 2513 2702 primus

1448 2720 1702 2783 Trajanus
1746 2718 1998 2779 agitandis
2054 2714 2164 2764 fisci
2213 2715 2514 2779 principalis

1450 2795 1649 2844 caussis
1673 2793 1977 2848 instituerit,
2003 2792 2054 2840 in
2084 2806 2185 2856 quo
2223 2792 2435 2840 libertas
2460 2802 2515 2840 et

1451 2872 1775 2935 principatus
1800 2868 2085 2934 aequojure
2118 2867 2319 2930 legibus
2343 2878 2514 2916 certa-

1452 2957 1588 2999 rent.
1620 2949 1784 2997 Licin.

1518 3025 1711 3087 Actori]
1749 3024 1908 3072 Actor
1955 3020 2006 3068 in
2047 3017 2276 3078 familiis,
2306 3017 2392 3082 qui
2431 3032 2514 3067 res

1452 3105 1784 3162 rationesque
1827 3097 1936 3145 heri
1974 3095 2339 3144 administrat:
2377 3094 2512 3142 idem

1450 3179 1500 3226 in
1528 3177 1815 3240 republica,
1838 3175 1922 3238 qui
1949 3180 2002 3220 et
2038 3177 2051 3198 ⁸
2076 3179 2219 3220 actor
2249 3168 2516 3233 publicus'

1449 3255 1634 3304 Tacito
1680 3253 1876 3302 dicitur
1916 3249 2104 3298 Annal.
2146 3263 2208 3298 ιι.
2242 3253 2324 3297 30.
2359 3254 2513 3312 atque

1453 3333 1523 3379 ibi
1550 3329 1808 3393 explicavi
1832 3343 1882 3375 n.
1906 3331 1986 3375 79.
2021 3327 2034 3353 ‘
2057 3325 2221 3374 Actor
2249 3324 2515 3380 Caesaris‚’

1453 3409 1518 3456 de
1544 3422 1645 3470 quo
1668 3406 1772 3464 hic,
1797 3402 1969 3453 differt
1996 3402 2061 3450 ab
2099 3403 2203 3457 illo,
2231 3412 2281 3450 et
2309 3404 2359 3450 in
2385 3404 2512 3464 lapi-

1453 3486 1601 3535 dibus
1650 3483 1808 3533 etiam
1850 3482 2169 3538 nominatur,
2209 3480 2294 3541 qui
2341 3494 2425 3528 res
2460 3491 2515 3530 et

1453 3560 1817 3625 patrimonium
1842 3555 2064 3607 Caesaris
2088 3564 2257 3603 curat.
2289 3556 2427 3619 Lips-

1521 3639 1715 3701 Actori]
1755 3637 1919 3685 Actor
1938 3632 2193 3696 διοικητὴς,
2216 3650 2513 3696 πραγματευ-

1452 3718 1540 3776 τὴς
1563 3719 1888 3779 dispensator
1913 3712 2058 3759 bona·
2093 3709 2251 3774 frugi,
2275 3711 2515 3758 atriensis

1455 3793 1827 3853 cubicularius,
1853 3788 2143 3838 ordinarius
2163 3802 2370 3836 servus:
2409 3801 2514 3834 ma·

1446 3875 1581 3939 joris
1640 3872 1905 3933 aliquanto
1956 3864 2369 3922 existimationis,
2425 3870 2515 3911 aut

1457 3950 1627 4013 potius
1663 3947 1843 3994 miuori
1879 3942 2081 3991 macula
2113 3950 2165 3988 et
2191 3937 2402 3989 infamia
2425 3954 2514 3988 no-

1455 4032 1614 4084 tatus,
1646 4023 1725 4072 cui
1763 4019 2045 4083 opponitur
2077 4017 2316 4078 inscripti
2343 4017 2514 4064 vultus

1453 4117 1652 4151 servus.
1708 4100 1819 4148 Cic.
1850 4098 1899 4145 iu
1937 4092 2199 4143 Paradox.
2234 4094 2300 4139 V.
2338 4092 2515 4142 Plaur,

1455 4181 1544 4231 Ps.
1570 4191 1633 4228 ιι.
1654 4182 1704 4228 2.
1764 4176 1929 4224 Actor
1948 4184 2138 4231 rerum,
2156 4168 2241 4231 qui
2266 4166 2318 4215 in
2341 4181 2514 4216 servo-

1455 4272 1567 4307 rum
1605 4265 1837 4312 numero,
1871 4246 2155 4295 dominicas
2202 4250 2393 4294 tractat
2436 4260 2515 4294 ra·

1456 4334 1643 4394 tiones,
1681 4327 1773 4378 sed
1822 4324 1916 4375 sub
1966 4328 2320 4387 procuratore,
2364 4322 2514 4386 cujus
