3060 4902
548 342 680 409 976

622 501 713 550 Ille
747 513 829 549 nos
861 495 1098 560 instituit]
1130 497 1176 547 1.
1210 512 1261 549 e.
1296 498 1483 549 tertius
1516 498 1609 549 ille

553 578 850 629 consulstus
877 583 981 625 tum
1005 574 1332 626 laudabiliter
1352 590 1383 624 u
1408 586 1462 626 te
1496 590 1611 637 ges-

552 660 639 705 tus
662 655 805 719 quusi
831 652 1089 703 illecebris
1126 666 1219 701 nos
1254 651 1386 704 adeo
1420 651 1612 701 delicu-

556 739 637 780 tos
659 729 806 786 fecit,
830 743 890 779 sc
905 727 1246 790 consuefecit,
1267 730 1365 778 ὅτε.
1409 729 1610 779 Plinius

557 820 711 870 supra
758 819 908 856 xum
950 810 1001 855 2.
1036 806 1261 871 ‘Itaque
1305 806 1382 856 sic
1425 806 1611 856 imbuti

554 897 747 940 sumus,
768 890 846 943 ut,
868 881 1052 947 quibus
1082 889 1199 932 erat
1236 896 1432 932 summu
1466 888 1611 932 voto-

556 975 692 1022 rum,
733 959 918 1010 melior
950 958 1173 1022 pessimo
1205 960 1464 1023 princeps,
1499 959 1610 1023 jum

556 1053 660 1088 non
685 1038 960 1103 possimus,
993 1037 1090 1087 nisi
1128 1037 1398 1100 optimum,
1434 1035 1612 1085 ferre.’

557 1115 772 1178 Optime
819 1114 1076 1177 interpres
1117 1113 1488 1163 Germanicus:
1525 1112 1614 1161 Du

557 1191 670 1241 hest
689 1204 779 1239 uss
794 1190 965 1239 darinn
985 1204 1039 1238 so
1055 1190 1262 1252 gmizet
1288 1192 1385 1239 und
1405 1189 1615 1240 camoli-

555 1272 657 1328 πει,
670 1268 780 1317 dm
798 1266 890 1314 wir
902 1265 1011 1316 dict·
1021 1281 1144 1327 gera
1164 1266 1370 1315 einmffl
1390 1266 1615 1316 sicelides

556 1344 757 1403 adm,
776 1344 874 1391 aad
905 1342 1072 1391 immer-
1109 1343 1286 1391 wieder
1316 1357 1421 1392 zum
1456 1342 1617 1391 consul

556 1418 706 1469 huben
724 1419 908 1467 maen.
941 1419 1203 1469 Schwurz.

623 1495 807 1546 Iterum
837 1494 1120 1559 iterumque]
1153 1494 1217 1544 ln
1256 1493 1427 1544 codic.
1466 1492 1617 1543 Vati·

558 1586 675 1624 cun.
697 1577 847 1624 ⁸461.
879 1579 935 1623 ct
957 1575 1103 1621 1775.
1133 1572 1253 1620 item
1277 1577 1333 1620 et
1371 1570 1423 1618 in
1457 1569 1618 1620 Guel-

558 1649 902 1715 pherbytuno,
954 1650 1087 1697 mule
1124 1648 1364 1697 omissum
1405 1653 1488 1696 est
1525 1646 1620 1696 ite-

558 1741 751 1790 rumque
773 1741 794 1784 ,-
837 1723 975 1789 quod
1022 1724 1188 1773 altero
1231 1726 1348 1774 loco
1389 1721 1624 1788 ponitur.

560 1802 818 1867 Namque.
857 1802 898 1850 si
935 1802 1185 1864 particule
1220 1801 1409 1861 iterum,
1434 1799 1620 1849 saltem

560 1880 720 1929 semel
767 1878 997 1942 ponitur,
1036 1884 1186 1927 notat
1228 1886 1286 1927 ut
1327 1877 1620 1941 plurimum,

558 1953 808 2003 ‘secundo
825 1952 863 2015 ς’
883 1959 940 2001 ιιι
962 1952 1097 2016 apud
1118 1954 1310 2016 Nepot.
1331 1952 1559 2001 Hunnib.
1575 1966 1623 2002 c.

558 2026 609 2082 ὃ.
639 2032 655 2060 ‘
674 2030 738 2079 Τ.
760 2029 1094 2093 Sempronius
1119 2028 1407 2092 Gracchus,
1428 2028 1620 2077 iterum

559 2105 776 2167 consul‚'
809 2106 844 2156 i.
866 2120 913 2155 e·
949 2105 1177 2154 secundo
1213 2104 1424 2164 consu1;
1461 2110 1620 2167 utque

560 2186 639 2237 itu
657 2185 878 2250 pussim:
915 2183 1049 2250 quod
1075 2197 1198 2233 vero
1223 2181 1311 2232 hic
1335 2183 1499 2232 locum
1530 2181 1621 2230 liu·

561 2263 688 2314 bere
701 2278 803 2312 nou
824 2269 1020 2327 potest,
1037 2275 1152 2310 cnm
1166 2261 1414 2325 Traianus
1437 2272 1621 2308 secun·

561 2339 685 2390 dum
709 2342 1026 2402 tertiumque
1045 2339 1361 2388 consulatum
1376 2336 1485 2400 jum
1506 2350 1621 2400 ges-

560 2418 746 2469 sisset:
782 2426 837 2468 ut
858 2418 902 2468 si
927 2420 1024 2468 ista
1043 2417 1298 2481 particula
1320 2416 1394 2466 sic
1412 2421 1620 2479 repetu-

563 2503 666 2557 tur,
685 2496 859 2544 iterum
893 2495 1174 2557 iterumque,
1197 2501 1323 2543 tunc
1359 2491 1621 2557 significat

557 2568 821 2633 ‘smpius,'
879 2583 978 2617 non
1023 2571 1185 2617 solum
1238 2566 1375 2631 apud
1419 2567 1619 2630 poe'tas,

560 2645 650 2694 sed
673 2645 826 2693 etism
849 2652 1115 2705 orstores3
1154 2660 1202 2691 v.
1223 2659 1273 2706 g.
1294 2644 1479 2707 virgil.
1501 2644 1617 2693 AEn.

562 2735 628 2772 n.
668 2725 784 2770 768.
819 2721 1104 2770 ‘Creusam
1143 2719 1506 2784 Nequidquam
1542 2722 1619 2769 in·

563 2796 825 2860 geminans
870 2796 1164 2858 iterumque
1198 2795 1484 2858 iterumque
1532 2811 1618 2844 vos

561 2870 708 2922 cavi)
774 2870 1087 2921 Stat.'1'heb.
1111 2883 1152 2919 ι.
1174 2873 1288 2919 695.
1315 2870 1331 2899 ⁸
1359 2869 1617 2919 Letoiden

562 2949 697 2998 votis
721 2948 1011 3012 iterumque
1031 2947 1320 3010 iterumque
1342 2945 1620 2995 canamus?

560 3025 683 3090 Ipse
718 3033 896 3074 noster
932 3024 1127 3086 Pnneg.
1154 3036 1354 3073 xxvm.
1377 3027 1427 3073 6.
1461 3024 1478 3052 ‘
1503 3024 1618 3072 Ma·

551 3103 723 3167 jorem
746 3100 1015 3151 infantium
1038 3101 1236 3149 turbam
1254 3101 1440 3149 iterum
1461 3108 1619 3164 utque

561 3183 748 3232 iterum
764 3179 979 3244 jubebis
1002 3178 1190 3229 incidi-⁹
1244 3178 1494 3228 Notarius
1518 3179 1619 3226 Pu-

565 3273 686 3321 neg.
724 3258 993 3307 Constant.
1014 3270 1061 3305 c.
1083 3259 1165 3305 37.
1198 3263 1212 3285 ⁴
1235 3255 1433 3304 Iterum
1460 3262 1618 3319 utque

566 3336 751 3383 iterum
773 3348 981 3383 monens
1006 3331 1390 3382 revertentem.'
1454 3332 1620 3382 Immo

564 3416 756 3476 egistus
793 3413 1087 3476 particule,
1120 3414 1340 3461 ‘iterum
1377 3418 1433 3461 et
1468 3411 1621 3475 saepi·

563 3489 659 3544 us,'
715 3489 994 3538 identidem
1031 3491 1448 3554 conjunguntur3
1484 3506 1530 3539 v.
1567 3507 1619 3555 g.

564 3564 675 3614 Cic.
700 3566 841 3614 Fam.
865 3580 993 3615 xm.
1016 3572 1099 3617 42.
1133 3574 1147 3595 ‘
1167 3567 1230 3616 Id
1259 3573 1316 3615 ut
1340 3582 1393 3615 re
1416 3569 1620 3632 experi-

562 3649 677 3691 ntur
711 3640 987 3704 Lucceius,
1025 3643 1210 3692 iterum
1246 3650 1299 3691 et
1340 3643 1527 3706 saepius
1563 3648 1618 3695 te

565 3715 727 3781 rogo.⁹
793 3715 938 3766 Idem
963 3732 1057 3779 pro
1081 3720 1223 3780 Lege
1247 3720 1428 3768 Manil.
1458 3735 1504 3770 c.
1539 3725 1618 3771 ll.

561 3793 765 3845 ‘Testis
788 3800 867 3843 est
895 3793 1082 3843 iterum
1117 3801 1173 3842 et
1207 3795 1397 3857 saepius
1432 3795 1622 3845 Italis!

561 3873 713 3923 Idem.

635 3947 897 4000 Remmius
927 3944 1079 4009 istud]
1112 3946 1159 3995 1.
1194 3960 1242 3996 e.
1280 3946 1617 4012 Languidius,

560 4039 659 4076 uec
684 4034 790 4076 tum
812 4024 999 4074 acriter
1019 4025 1454 4090 vehementerque
1477 4026 1618 4076 istud

563 4112 877 4167 optaremus,
894 4110 1049 4164 utque
1069 4109 1376 4165 peteremus·
1407 4102 1617 4152 Sallust.

562 4180 688 4241 Jug.
716 4195 761 4229 c.
786 4184 866 4229 ⁵3.
902 4182 918 4210 ‘
946 4179 1078 4229 Nsm
1103 4178 1251 4228 dolus
1274 4180 1615 4230 Numidarum

564 4254 962 4320 nibillsnguidi,
1003 4270 1171 4321 neque
1196 4256 1414 4315 remissi,
1449 4257 1617 4322 putic-

1239 353 1455 406 No'rAE
1500 352 1914 406 vantossmt
1960 356 2043 408 m

1680 497 1872 549 batur!
1939 499 2052 550 Cic.
2098 496 2167 548 de
2205 497 2362 549 Oret.
2399 511 2440 549 ι.
2472 501 2552 549 60.
2586 495 2742 552 ‘Jum

1681 575 1768 624 din
1801 575 1964 625 multo
2001 575 2133 625 dicis
2169 576 2427 625 remissius
2470 584 2526 626 et
2558 576 2740 633 lenius,

1681 665 1830 715 quum
1889 651 2131 701 solebas!
2220 651 2403 702 Codex
2456 652 2739 704 Vaticanus

1681 732 1829 779 ³⁴61.
1859 736 1910 777 et
1934 728 2269 793 Guelphicns,
2292 743 2354 778 uc
2371 728 2609 793 quadum
2629 729 2739 780 edi-

1681 804 1864 867 tiones,
1899 819 1993 870 pro
2010 806 2161 869 istud,
2183 804 2378 855 liabent
2398 805 2537 867 iilud,
2557 804 2741 856 eodem

1682 881 1893 946 quidem
1928 896 2104 932 sensu.
2168 880 2231 930 1n
2273 880 2446 931 verbis
2479 881 2746 946 sequenti·

1683 960 1777 1009 bus
1815 960 2106 1025 particule,
2143 960 2296 1009 nasu
2329 973 2440 1015 non,
2476 965 2746 1021 ponuntur

1684 1050 1777 1099 pro
1805 1038 2028 1088 nondum.
2096 1037 2187 1087 Sic
2228 1042 2284 1085 et
2325 1036 2439 1086 Cic.
2478 1035 2628 1085 Fsm·
2654 1044 2741 1085 rx.

1682 1116 1735 1161 7.
1766 1112 1945 1162 ‘Istud
1983 1112 2151 1163 adhuc
2191 1112 2447 1176 predium
2468 1123 2619 1162 suum
2641 1124 2745 1162 non

1684 1188 1952 1252 inspexit.’
1989 1191 2140 1240 [dens.

1751 1267 2141 1330 Experimentuns
2161 1266 2235 1316 tui
2250 1266 2403 1329 uobis,
2424 1280 2568 1329 quens
2581 1264 2743 1329 usum]

1685 1344 1830 1394 Msle
1857 1344 2049 1408 legitur
2070 1345 2121 1394 in
2155 1344 2408 1394 Vaticano
2424 1347 2576 1393 ³461.
2604 1348 2742 1408 etpe-

1685 1421 1939 1470 rs'mentsun
1961 1420 2052 1482 tui,
2073 1434 2211 1483 quant
2232 1420 2400 1483 visunt,
2416 1420 2608 1482 negari.
2639 1420 2743 1470 Sed

1687 1501 1743 1544 et
1766 1495 1817 1544 in
1836 1495 2127 1558 Guelphico
2145 1493 2323 1544 codice
2341 1494 2745 1558 praetermissum

1689 1579 1769 1622 est
1791 1585 2073 1635 pronomen
2106 1571 2257 1621 uobis.
2322 1572 2442 1622 Hoc
2481 1572 2647 1623 voluit
2668 1571 2745 1623 di·

1689 1662 1810 1699 cere
1873 1647 2077 1698 Plinius
2106 1664 2123 1699 ι
2178 1648 2527 1699 Tolerabilius
2587 1649 2746 1710 foret,

1690 1730 1930 1790 quurtnm
1964 1725 2289 1776 consulatum
2321 1732 2467 1775 tuum
2490 1725 2642 1775 nobis
2660 1740 2749 1777 ne*

1690 1802 1816 1864 geri,
1835 1800 1880 1850 si
1912 1809 1963 1851 te
2000 1816 2256 1868 nunquam
2288 1810 2445 1852 untes
2480 1802 2746 1853 habuisse·

1691 1893 1802 1928 mus
1845 1879 2152 1944 expertique
2186 1893 2412 1930 essemus
2445 1880 2747 1943 consulemg

1692 1961 1818 2004 tunc
1859 1955 1994 2005 enim
2036 1955 2491 2019 ignorsvissemus,
2547 1965 2602 2007 te
2639 1964 2746 2008 tum

1692 2030 1881 2081 bonum
1906 2032 2296 2097 sapientemque
2315 2048 2434 2084 esse
2447 2034 2712 2085 consulem
2728 2049 2746 2096 ς

1690 2116 1766 2168 at,
1821 2117 2094 2175 postquem
2131 2119 2234 2161 tun
2282 2112 2558 2176 supientia
2588 2121 2747 2178 utque

1691 2186 2018 2237 humanitatis
2041 2194 2144 2238 tsm
2169 2189 2438 2238 luculente
2465 2189 2580 2253 jum
2603 2190 2747 2254 cepi-

1692 2276 1801 2311 mns
1826 2264 2203 2327 experimenta,
2225 2265 2436 2327 gravius
2458 2266 2748 2316 molestius·

1693 2354 1791 2403 que
1816 2341 1965 2390 nobis
1980 2340 2266 2405 accideret,
2288 2343 2334 2391 si
2357 2351 2411 2392 te
2430 2355 2533 2391 non
2566 2344 2748 2407 empli-

1692 2430 1749 2465 us
1772 2417 1977 2467 cousule
1997 2418 2075 2467 nti
2098 2430 2377 2481 possemus.
2422 2418 2573 2468 Sicut
2592 2418 2747 2483 euim,

1693 2492 1830 2557 quod
1855 2493 1906 2542 in
1932 2495 2204 2557 proverbio
2226 2495 2436 2558 dicitur,
2456 2495 2618 2558 ignoti
2638 2497 2747 2544 nul·

1692 2570 1741 2619 lu
1765 2569 1919 2620 facile
1940 2579 2022 2621 est
2058 2571 2283 2636 cupido;
2316 2573 2393 2621 itu
2414 2587 2446 2621 e
2468 2573 2746 2630 contrsrio,

1693 2656 1813 2712 post
1837 2647 2013 2697 dutum
2041 2658 2143 2698 tum
2179 2649 2299 2699 boni
2333 2651 2632 2700 consulatus
2655 2665 2745 2699 ex-

1691 2724 2052 2788 perimentum,
2074 2733 2291 2789 ungetur
2333 2725 2384 2774 in
2423 2725 2574 2775 nobis
2612 2725 2745 2774 desi·

1691 2799 1892 2850 derium
1921 2799 2127 2850 videndi
2152 2809 2206 2851 te
2231 2801 2415 2850 iterum
2453 2803 2744 2867 iterumque

1691 2878 1966 2928 consulem.
2033 2879 2122 2927 Sic
2165 2878 2304 2928 Plin.
2342 2879 2515 2942 Epist.
2546 2891 2630 2928 tx.
2667 2883 2751 2928 82.

1686 2955 1702 2983 ‘
1724 2954 1928 3005 Crescit
1952 2952 2168 3003 audacis
2189 2954 2585 3017 experimento!
2645 2954 2744 3003 Ts-

1692 3029 1783 3078 cit.
1821 3029 1959 3079 Hist.
1983 3043 2023 3078 1.
2048 3033 2129 3078 11.
2159 3035 2174 3058 ⁶
2200 3027 2402 3092 Africa,
2425 3037 2480 3080 et
2515 3031 2744 3092 legiones

1694 3108 1744 3156 in
1768 3122 1847 3172 es,
1875 3142 1889 3156 .
1912 3140 1928 3156 .
1951 3115 2211 3157 contente
2241 3108 2580 3173 quslicnnque
2604 3109 2744 3173 prin·

1693 3184 1826 3247 cipe,
1852 3190 1971 3247 post
1993 3187 2403 3247 experimentum
2440 3184 2631 3234 domini
2656 3186 2748 3235 mi·

1693 3260 1868 3310 noris!
1936 3261 2099 3310 Notio
2121 3261 2358 3310 vocabuli
2389 3263 2406 3291 ⁸
2426 3276 2545 3311 nsus
2560 3260 2575 3284 ’
2598 3269 2748 3327 pstet

1692 3351 1759 3385 ex
1782 3338 1980 3400 Paneg.
2006 3350 2070 3386 ιι.
2095 3343 2176 3387 6.*
2193 3337 2474 3403 dignosque
2494 3353 2587 3389 nos
2610 3339 2744 3387 illius

1692 3428 1786 3462 usu
1841 3411 2153 3477 probemus.'
2236 3413 2318 3463 Ad
2360 3429 2513 3479 quem
2576 3404 2743 3465 locum

1692 3488 1894 3554 confer,
1918 3491 1958 3540 si
1986 3490 2148 3548 lubet,
2168 3491 2391 3540 Excurs.
2424 3498 2658 3541 nostrum
2682 3503 2745 3541 tt.

1712 3675 1715 3678 ι
1763 3643 1936 3707 Usum]
1970 3643 2261 3694 Utilitstem
2277 3644 2390 3709 jsm
2414 3650 2609 3694 notum.
2630 3643 2744 3708 Lip-

1690 3734 1809 3769 sius.

1756 3796 1959 3860 Audiet]
2012 3795 2059 3845 A
2100 3804 2287 3848 senstu
2342 3799 2741 3848 scclsmutiones

1690 3873 1913 3923 similes?
1951 3878 2112 3939 utque
2148 3875 2269 3937 ipse
2302 3874 2660 3938 respondebit.
2690 3874 2743 3923 1-

1689 3951 1813 3999 dens.

1753 4025 1950 4089 Audiet,
1973 4023 2164 4087 reddet]
2186 4025 2234 4074 1.
2250 4039 2301 4074 e.
2321 4023 2541 4088 Audiet,
2557 4024 2740 4077 reddet

1692 4117 1865 4167 voces,
1917 4105 2026 4153 sive
2065 4103 2479 4166 acclamationes,
2536 4110 2592 4152 et
2626 4102 2740 4167 pius

1690 4180 2035 4243 precationes,
2056 4193 2180 4243 quus
2203 4179 2439 4241 proxime
2474 4178 2655 4241 sudiit,
2683 4183 2741 4229 et

1690 4256 1961 4308 reddidit?
2038 4257 2291 4321 Copuiam
2329 4263 2378 4306 et
2424 4257 2741 4309 interserunt
