3060 4902
775 364 841 413 C.
889 362 1136 412 maun
1187 363 1517 415 ssscuNm
1570 365 1847 420 PANEG.

329 502 564 568 scriptis,
596 516 750 567 quam
784 504 994 555 excusis
1026 505 1192 566 libris,
1213 506 1298 555 bic
1324 507 1398 555 lo·

329 595 426 631 cus
470 581 546 630 ita
590 581 800 643 legitur,
846 583 1102 644 statimque
1143 583 1229 630 Itos
1270 583 1399 645 ipsos

325 658 544 720 quotidie
563 657 731 705 deinde
751 657 822 705 ita
833 656 1039 715 formas.
1097 658 1272 720 Hujus
1296 659 1395 707 loci

329 736 599 797 vulgarem
656 735 935 783 lectionem
982 749 1083 784 non
1138 735 1396 786 immerito

316 809 632 874 jamdudum
669 811 1000 860 solicitarunt
1033 812 1130 860 viri
1171 812 1394 873 eruditi;

328 900 448 936 cum
467 887 633 936 minus
650 901 974 952 concoquere
997 889 1277 951 potuerint,
1297 890 1397 938 ista

327 962 577 1011 adverbia
619 961 730 1011 fere
777 963 972 1012 frustra
1012 964 1084 1012 ibi
1124 965 1396 1013 cumulari.

327 1039 541 1102 Lipsius
577 1048 633 1089 et
663 1040 923 1090 Gruterus
959 1041 1094 1090 hunc
1129 1040 1297 1090 locum
1325 1042 1396 1090 ita

325 1113 466 1166 sorte
489 1118 867 1167 restituendum
892 1132 1162 1174 censuere,
1188 1118 1294 1167 Aut
1315 1134 1395 1180 op·

324 1193 445 1242 timo
465 1195 630 1257 cuique
648 1195 918 1258 principum
938 1197 1165 1244 delectum
1185 1197 1394 1245 ‹estima-

325 1276 534 1334 umque.
602 1272 712 1320 Hos
740 1273 867 1335 ipsos
896 1272 1105 1334 quotidie
1135 1272 1302 1320 deinde
1322 1272 1394 1321 ita

312 1346 524 1405 formas.
567 1347 687 1416 ‘His
712 1354 930 1397 eatenus
953 1347 1236 1397 subscribit
1259 1347 1393 1397 Ges-

323 1436 505 1484 nerus,
537 1428 594 1471 nt
626 1431 772 1474 certe
804 1423 1059 1486 statimque
1090 1431 1391 1486 corruptum

323 1511 391 1548 ex
415 1501 624 1550 nomine
646 1500 711 1549 sd
735 1501 959 1550 dilectum
986 1500 1235 1562 adjuncto
1258 1500 1394 1549 arbi·

324 1583 515 1639 netur,
554 1577 874 1641 baereatque,
909 1591 971 1625 an
1011 1575 1170 1626 fuerit
1213 1582 1392 1641 specta·

323 1657 533 1716 tumque.
584 1651 897 1702 Arutzenius
924 1655 1145 1716 putavit,
1163 1654 1228 1701 ad
1256 1654 1391 1716 prin·

323 1728 499 1791 cipum
533 1728 755 1789 illorum,
785 1729 872 1791 qui
907 1741 1007 1776 non
1046 1729 1143 1777 nisi
1180 1730 1392 1777 meritos

324 1812 382 1853 et
405 1802 591 1866 dignos
623 1804 689 1851 ad
727 1803 1005 1852 amicitiam
1037 1817 1181 1851 suam
1207 1803 1392 1852 admit-

322 1885 518 1940 terent,
556 1878 760 1926 laudem
806 1880 980 1941 potius
1027 1880 1311 1941 pertinere,
1348 1879 1390 1929 si

323 1954 548 2005 dixisset
595 1954 795 2004 Plinius
850 1956 1074 2005 dilectum
1118 1957 1391 2019 probatum·

320 2046 445 2095 qna,-
468 2045 583 2094 quae
610 2033 908 2096 conjectura
932 2035 1101 2081 minus
1127 2032 1293 2081 audax
1316 2034 1391 2098 ip·

219 2128 226 2132 ·
323 2109 370 2157 si
407 2106 635 2163 videtur,
674 2122 788 2156 cum
825 2110 991 2171 prima
1029 2109 1228 2173 syllaba
1265 2119 1391 2159 nota

321 2186 490 2235 literae
511 2190 546 2265 ξ
569 2185 918 2247 exprimatur:
956 2190 1029 2244 et,
1055 2186 1096 2234 si
1125 2186 1389 2237 audaciori

321 2276 440 2312 esse
464 2264 640 2322 liceat,
663 2262 922 2326 opinatur,
947 2262 1179 2323 potuisse
1211 2278 1388 2312 vocem

319 2338 508 2400 deinde,
529 2353 646 2403 quae
672 2338 799 2387 satis
829 2352 1152 2398 supervacua
1175 2338 1264 2400 sit,
1287 2341 1390 2389 ori·

320 2416 493 2477 ginem
520 2416 740 2465 traxisse
758 2429 822 2464 ex
847 2414 1046 2464 duabus
1072 2415 1262 2465 ultimis
1286 2419 1388 2481 syl·

320 2492 453 2541 labis
492 2492 837 2555 praecedentis
881 2491 1113 2540 adverbii
1157 2495 1389 2558 quotidie,

320 2576 382 2618 nt
416 2569 516 2630 legi
543 2569 727 2631 possit,
761 2568 984 2616 dilectum
1017 2569 1388 2632 probatumque,-

319 2650 406 2698 hos
429 2649 558 2710 ipsos
585 2648 793 2711 quotidie
822 2650 894 2696 ita
912 2649 1120 2707 sor-mus.
1186 2648 1385 2699 Adhaec

319 2724 599 2788 profitetur
643 2725 721 2774 vir
757 2724 1101 2784 doctissimus,
1146 2739 1202 2773 se
1247 2727 1384 2788 cogi·

320 2810 461 2850 tasse
485 2800 778 2864 aliquando,
795 2816 859 2850 an
880 2801 1144 2863 scripserit
1166 2800 1388 2861 Plinius,

318 2879 431 2927 dein
453 2883 501 2926 te
520 2878 801 2935 itasormas.
865 2877 1058 2924 Verum
1088 2875 1180 2932 ait,
1204 2890 1258 2924 se
1284 2891 1385 2925 non

318 2953 547 3003 libenter
581 2953 831 3001 similibus
870 2951 1185 3013 conjecturis
1220 2951 1385 3000 indul-

321 3043 467 3091 gere.
536 3030 647 3090 Ego
673 3029 852 3091 utique
872 3043 989 3076 cum
1015 3035 1093 3076 tot
1120 3029 1241 3076 viris
1265 3026 1385 3077 doc-

321 3106 391 3153 tis
416 3119 660 3167 agnosco,
680 3090 824 3152 ulcus
846 3103 1123 3168 quoddam,
1144 3105 1266 3152 licet
1285 3118 1385 3153 non

319 3194 585 3243 magnum,
608 3180 656 3228 in
684 3181 778 3227 hoc
806 3180 917 3228 loco
951 3181 1130 3242 latere,
1157 3181 1291 3245 quod
1316 3194 1383 3230 ex

319 3256 584 3306 codicibus
617 3255 911 3304 melioribus
949 3258 1264 3306 curationem
1295 3272 1384 3306 ex·

317 3337 519 3395 pectet.
589 3330 660 3380 At
685 3332 953 3394 aegerrime
978 3329 1109 3392 sero,
1132 3346 1198 3379 ex
1223 3333 1385 3381 omni-

319 3407 416 3457 bus
440 3408 538 3457 illis
560 3408 723 3464 libris,
742 3410 825 3470 qui
850 3409 970 3455 mibi
996 3409 1288 3463 innotuere,
1308 3409 1385 3457 ui·

316 3484 389 3533 hil
414 3484 526 3548 opis
554 3498 705 3546 posse
738 3484 986 3546 promitti.
1055 3485 1306 3548 Equidem
1333 3486 1382 3534 in

318 3559 503 3610 codice
520 3560 775 3609 Vaticano
791 3564 913 3608 ³461
925 3595 938 3608 .
955 3567 1007 3608 et
1023 3559 1382 3626 Guelpherby-

320 3646 466 3699 iano,
484 3637 599 3687 huic
625 3638 740 3685 loco
766 3638 1018 3699 particula
1041 3642 1094 3685 ut
1117 3637 1384 3696 inseritur,

315 3715 588 3776 statimque,
620 3718 676 3761 nt
714 3714 796 3761 hos
829 3714 956 3775 ipsos
990 3714 1183 3775 cotidie,
1217 3716 1384 3763 deinde

314 3789 607 3850 itasormos,
631 3793 686 3836 ut
708 3802 773 3842 se,
795 3791 877 3849 &⁶-
924 3788 1232 3852 Quanquam
1260 3804 1382 3839 vero

316 3878 419 3914 nec
459 3878 557 3926 ego
592 3863 817 3912 libenter
857 3862 1173 3925 conjecturis
1213 3865 1380 3913 indul-

317 3953 500 4003 geam3
536 3939 740 3987 interim
765 3945 936 3986 tamen
962 3953 1113 3987 ausus
1136 3954 1247 3988 sum
1273 3940 1381 3988 vul-

315 4015 433 4065 neri
458 4013 681 4075 vnlgaris
714 4013 971 4075 iectionis,
997 4021 1245 4077 quantum
1269 4013 1382 4063 fieri

316 4092 514 4156 potnit,
545 4091 804 4140 lenissima
838 4093 1110 4141 curatione
1147 4090 1381 4152 mederi3

316 4169 358 4217 si
382 4166 602 4217 audacia
638 4175 736 4221 est,
772 4173 1002 4215 retentas
1027 4179 1204 4214 omnes
1229 4179 1383 4215 voces

324 4245 509 4294 saltem
557 4244 609 4291 in
658 4242 923 4290 meliorem
967 4240 1200 4291 ordinem
1246 4241 1382 4290 redi-

447 4322 628 4386 Delph.
646 4327 693 4371 et
720 4321 833 4371 γαν.
856 4322 983 4371 Clas.

1274 4322 1461 4383 Paneg.
1489 4322 1598 4372 Vct.

1922 369 1969 416 1.
2000 352 2109 419 88.
2367 357 2543 424 1057

1474 522 1633 571 gere;
1687 523 1839 573 quem
1893 511 2100 575 quidem
2145 510 2379 562 ordinem
2424 514 2540 577 ipse

1472 591 1751 633 contextus
1777 586 2024 634 orationis
2049 588 2373 650 suppeditat.
2443 590 2541 640 Ni-

1472 660 1655 708 mirum
1700 662 1935 723 proxime
1975 673 2317 725 praecesserat
2357 667 2542 717 adver-

1473 735 1609 784 bium
1626 738 1852 799 primnm,
1871 738 1955 787 cui
1976 740 2235 789 ordinarie
2255 742 2542 805 respondet

1472 813 1729 873 particula
1766 807 1972 871 demde,-
2017 829 2164 878 quam
2208 830 2331 866 vero
2376 820 2541 881 parti-

1471 891 1638 937 culam
1685 889 1879 939 librarii
1924 891 2294 956 intempestive
2341 910 2371 944 a
2419 896 2539 946 loco

1469 980 1563 1015 suo
1598 975 1950 1024 removerunt,
1988 976 2044 1017 et
2080 969 2154 1018 ita
2188 970 2443 1028 locarunt,
2480 981 2541 1024 ut

1471 1056 1536 1091 ea
1572 1056 1785 1104 prorsus
1826 1058 2215 1107 supervacanea
2257 1048 2540 1099 videretur.

1472 1119 1632 1168 Nunc
1657 1127 1848 1174 autem,
1872 1134 1988 1169 cum
2022 1135 2085 1169 ea
2108 1122 2157 1170 in
2184 1123 2357 1171 sedem
2391 1139 2538 1174 suam

1469 1194 1786 1250 restituitur,
1820 1196 2114 1260 neutiquam
2142 1196 2333 1246 inutilis
2358 1199 2540 1249 haberi

1469 1276 1675 1333 potest;
1718 1271 1807 1319 sed
1847 1272 2005 1320 totius
2048 1273 2194 1336 liujus
2230 1274 2327 1323 loci
2370 1277 2539 1326 oratio

1470 1347 1597 1395 satis
1639 1355 1764 1410 apte
1804 1346 1934 1396 fluit.
2006 1350 2164 1398 Certe
2199 1364 2300 1399 non
2342 1358 2539 1416 metuo,

1468 1436 1535 1472 ne
1564 1436 1753 1486 arguar
1791 1439 1884 1486 per
1918 1426 2048 1474 lianc
2082 1428 2538 1479 translocatiouem

1469 1475 1730 1562 quandam
1777 1502 2026 1550 maculam
2083 1506 2366 1565 aspersisse
2417 1506 2539 1556 huic

1469 1575 1819 1638 Panegyrico.
1887 1577 2006 1625 Stat
2038 1578 2341 1628 adverbium
2367 1582 2537 1634 deinde

1467 1664 1560 1701 suo
1605 1653 1738 1714 loco,
1782 1666 1933 1716 quem
1980 1653 2177 1704 indicat
2218 1657 2536 1707 antecedens

1469 1725 1772 1776 adverbium
1806 1728 2030 1788 primum,
2061 1743 2210 1792 quem
2245 1737 2302 1779 et
2340 1732 2539 1782 indicat

1466 1803 1631 1865 ipsius
1685 1804 1959 1853 sententias
2019 1805 2169 1856 ratio.
2239 1807 2367 1858 Quis
2412 1822 2535 1858 vero

1466 1878 1653 1934 nescit,
1693 1879 1847 1928 etiam
1896 1878 2019 1928 alibi
2063 1894 2162 1928 non
2212 1896 2329 1930 rsro
2373 1888 2535 1933 teme·

1469 1954 1605 2002 raria
1642 1969 1824 2005 vocum
1868 1957 2273 2020 transpositione
2313 1960 2536 2010 orationi

1467 2031 1550 2079 vel
1565 2031 2046 2093 obscuritaten1,vel
2062 2033 2360 2096 languorem
2376 2050 2538 2099 quen-

1465 2106 1585 2156 dam
1611 2108 1880 2157 inductum
1906 2108 2097 2156 titisse?
2138 2109 2226 2157 Sic
2264 2118 2410 2158 certe
2436 2112 2534 2160 sub

1463 2185 1669 2235 initium
1716 2188 1939 2250 proximi
1986 2188 2186 2250 capitis,
2234 2188 2284 2236 iu
2331 2189 2533 2239 duobus

1464 2262 1731 2311 codicibus
1755 2263 1885 2310 Μαι.
1916 2262 2030 2312 haec
2065 2263 2225 2311 verba
2260 2278 2533 2327 perperam

1467 2339 1786 2388 translocata
1822 2338 2000 2387 suere:
2047 2339 2207 2400 Vides,
2243 2345 2290 2388 ct
2323 2356 2422 2389 esse
2457 2357 2536 2403 op-

1464 2415 1652 2471 timum,
1671 2421 1716 2464 et
1749 2416 1849 2465 dici
1875 2421 2095 2479 tanquam
2128 2417 2371 2479 optimam,
2394 2433 2530 2480 quem

1463 2492 1657 2553 elegisti
1681 2509 1700 2549 ,·
1754 2493 1841 2541 ubi
1879 2493 1929 2540 in
1985 2493 2175 2541 ceteris
2225 2492 2376 2542 libris
2417 2508 2530 2543 rec·

1465 2566 1565 2616 tius
1603 2567 1838 2629 legimus,
1882 2568 2023 2617 Vides
2058 2572 2107 2616 et
2147 2582 2244 2616 esse
2283 2569 2530 2631 optimum,

1461 2648 1508 2691 et
1530 2642 1648 2704 dici,
1668 2658 1802 2705 quem
1828 2648 2052 2706 tanquam
2071 2646 2299 2707 optimum
2322 2646 2532 2707 elegisti.

1463 2719 1723 2767 Schwarz.

1529 2795 1714 2845 Statim
1751 2797 1834 2844 hos
1870 2796 2016 2860 ipsos]
2048 2797 2315 2861 Statimque
2347 2799 2430 2846 lios
2460 2799 2534 2861 ip·

1460 2886 1553 2919 sos.
1611 2873 1719 2921 Pro
1743 2876 1758 2902 ‘
1783 2881 1921 2923 stato
1946 2884 2001 2922 et
2026 2873 2241 2923 definito
2263 2874 2535 2935 tempore,’

1461 2947 1756 3009 significatu
1782 2963 1916 2997 novo
1942 2956 1995 2997 et
2032 2949 2304 3005 insolente,
2329 2951 2370 2998 si
2395 2952 2531 3000 inte·

1462 3037 1556 3085 ger
1600 3024 1763 3073 locus.
1830 3025 1971 3085 Lege
2027 3025 2253 3072 Nonium
2302 3025 2530 3074 Marcel-

1462 3101 1567 3149 lum
1611 3100 1663 3149 in
1722 3098 1992 3148 ‘Statim.'
2072 3099 2177 3147 Sed
2229 3099 2529 3150 doctissimo

1461 3175 1618 3225 Justo
1642 3175 1816 3237 Lipsio
1842 3174 2053 3222 rescribi
2080 3175 2271 3236 placet,
2301 3175 2531 3225 dilectum

1459 3257 1771 3314 sumtumque.
1840 3252 1949 3300 Hos
1970 3252 2095 3314 ipsos
2126 3251 2336 3315 quotidie
2357 3254 2530 3304 deinde

1459 3332 1532 3379 ita
1544 3330 1746 3389 formas,
1769 3333 1850 3393 ᾅτ.
1889 3330 2057 3378 Livin.

1526 3407 1708 3456 Statim
1749 3408 1833 3455 hos
1873 3406 2022 3469 ipsos]
2070 3406 2383 3469 corruptum
2427 3416 2528 3461 est.

1460 3482 1639 3541 Forte,
1669 3484 1892 3531 dilectum
1912 3483 2286 3546 ‹estimatumque
2301 3500 2317 3533 .·
2350 3484 2435 3532 hos
2454 3487 2529 3549 ip-

1459 3575 1537 3610 sos
1556 3560 1728 3607 cotidie
1750 3559 1919 3607 deinde
1942 3560 2228 3618 itasormas.
2265 3562 2411 3623 Lips.

1526 3636 1597 3684 Et
1619 3639 1753 3683 tanto
1777 3633 1956 3697 magis]
1998 3636 2063 3683 Et
2086 3636 2309 3684 deleam.
2345 3637 2512 3685 Livia.

1527 3713 1596 3759 Et
1632 3716 1763 3759 tanto
1795 3712 1973 3773 magis]
2010 3712 2329 3762 Particulam
2354 3719 2399 3761 et
2432 3727 2527 3773 pu·

1457 3794 1666 3836 taverat
1713 3787 1977 3836 Livineius
2035 3786 2329 3835 delendam.
2409 3788 2526 3848 Ego

1459 3864 1614 3911 etiam
1639 3864 1860 3912 antehac
1898 3878 2010 3910 eam
2046 3863 2203 3910 malui
2241 3861 2526 3922 dimittere,

1460 3947 1551 3991 aut
1574 3940 1756 3988 saltem
1788 3953 1903 3987 cum
1946 3938 2204 4001 particula
2227 3942 2278 3986 at
2302 3952 2527 3985 commu-

1462 4023 1607 4075 tare3
1632 4015 1741 4079 jam
1783 4022 1953 4063 tamen
1995 4028 2060 4061 ex
2095 4026 2348 4060 consensu
2386 4011 2524 4060 Arn-

1460 4091 1636 4151 tzenii,
1669 4096 1725 4138 et
1765 4090 2007 4148 Gesneri,
2040 4088 2307 4150 antiquam
2347 4087 2525 4136 lectio·

1461 4181 1580 4215 nem
1612 4165 1805 4229 salvam
1845 4164 2113 4225 relinquo:
2154 4162 2312 4211 credo
2350 4171 2524 4213 tamen

1459 4242 1534 4290 sic
1559 4240 1771 4291 verbum
1803 4243 1937 4300 sunt,
1969 4236 2102 4303 quod
2136 4238 2207 4287 H.
2231 4239 2524 4300 Stephanus

2279 4322 2396 4369 ΒΧ
