3060 4902
523 334 697 399 1076

514 495 713 556 gaudee,
736 490 903 540 miuus
927 493 1275 553 congruenter
1295 486 1451 536 habet
1466 500 1587 549 gast·

519 573 648 620 deut.
671 569 925 618 Schwarz.

587 645 767 694 Iterum
786 644 893 708 suo]
920 644 1036 693 Non
1060 642 1197 707 quod
1223 643 1474 691 alteruter
1498 652 1588 688 an·

523 729 575 772 te
595 723 800 782 cousul;
830 720 919 770 sed
942 735 1157 770 acumen
1176 727 1280 781 est,
1297 718 1432 781 quod
1449 723 1588 766 uter-

521 813 622 862 que
648 799 698 848 iu
715 799 933 861 collegae
949 796 1221 846 consulatu
1241 794 1478 843 videatur
1491 792 1590 841 sibi

522 876 721 925 consul.
785 875 977 937 Itaque
1020 871 1123 936 bis,
1156 879 1212 921 et
1250 870 1433 921 eodem
1459 877 1589 918 tem·

523 966 652 1016 pore
678 961 837 1015 atque
861 963 1010 999 anno.
1034 948 1170 1011 Lips-

592 1026 708 1075 Nisi
730 1027 850 1089 quod
870 1021 1051 1084 tomen]
1091 1023 1137 1072 1.
1159 1036 1207 1071 e.
1229 1027 1588 1075 veruntamen,

521 1105 621 1154 διο.
658 1101 740 1152 Cf.
758 1102 822 1152 ad
850 1114 1063 1151 cxxxv.
1087 1105 1136 1149 6.
1161 1097 1405 1148 Schwart-

591 1185 690 1241 Ωιι·
727 1198 893 1232 rursus
930 1182 1139 1230 consules
1160 1176 1317 1244 fiunt]
1355 1175 1400 1225 1.
1427 1191 1474 1225 e.
1500 1175 1588 1240 qni

521 1264 732 1324 iterum,
775 1261 884 1309 sive
921 1257 1223 1311 secundum,
1257 1255 1495 1304 consules
1529 1251 1589 1302 fi·

523 1347 637 1394 unt,
663 1338 740 1387 bis
766 1336 969 1400 quidem
1007 1334 1307 1396 obligantur
1331 1338 1477 1379 tauto
1499 1331 1588 1377 lio·

519 1429 666 1475 nore,
704 1413 882 1477 bisque
924 1409 1181 1475 gaudendi
1219 1407 1590 1457 nanciscuntur

521 1491 875 1550 occasionem3
911 1503 959 1537 v.
979 1503 1029 1551 g.
1054 1487 1130 1535 uti
1155 1483 1426 1535 Cornelius
1472 1479 1588 1530 Pai-

519 1582 626 1628 ma,
647 1569 854 1616 volente
878 1565 1124 1628 Trojano,
1160 1560 1228 1611 A.
1264 1560 1324 1610 C.
1359 1562 1446 1608 99.
1486 1557 1590 1620 pri-

520 1658 658 1691 mum
683 1643 1007 1692 consulatum
1035 1639 1233 1704 gessit3
1269 1637 1333 1685 Α.
1374 1636 1436 1685 C.
1474 1637 1589 1683 109.

519 1720 706 1768 iterum
740 1718 841 1767 fuit
881 1716 1085 1778 consul3
1120 1713 1205 1762 hic
1249 1709 1458 1776 quidem
1493 1709 1592 1772 bis,

518 1796 609 1844 sed
641 1793 959 1856 temporibus
1000 1790 1237 1851 diversis,
1265 1790 1359 1837 boc
1396 1786 1590 1836 honore

519 1879 573 1919 et
601 1871 851 1920 beneficio
872 1869 972 1918 sibi
992 1870 1167 1917 delato
1188 1866 1452 1928 obligatus
1478 1870 1588 1914 ests

518 1947 641 1996 dum
668 1955 839 1997 autem
867 1946 1065 1994 Plinius
1090 1952 1144 1993 et
1166 1945 1449 2003 Cornutus,
1477 1949 1589 1989 tau·

520 2038 669 2088 quam
707 2022 1114 2087 conjunctissimi
1139 2028 1192 2071 et
1226 2019 1392 2069 intimi
1418 2018 1589 2072 amici,

520 2100 670 2148 simul
695 2107 750 2149 et
781 2100 964 2149 eodem
989 2104 1225 2161 tempore
1264 2095 1587 2145 consulatum

518 2183 840 2239 acceperuut
864 2183 918 2224 et
944 2181 1232 2236 gesserunt,
1254 2185 1355 2236 nou
1393 2168 1589 2232 simpli·

519 2266 653 2308 cem.
674 2253 766 2301 sed
794 2252 940 2316 quasi
965 2250 1222 2314 duplicem
1247 2247 1588 2302 consulatum,

520 2330 786 2393 accepisse
835 2338 887 2377 et
924 2328 1147 2392 gessisse
1187 2324 1283 2373 sibi
1310 2321 1404 2372 visi
1436 2329 1589 2381 sunt3

519 2419 677 2454 unum
719 2418 907 2468 nempe
946 2411 1165 2465 uterque
1205 2415 1300 2464 pro
1334 2413 1425 2447 sua
1470 2411 1588 2460 per·

521 2494 665 2544 sona,
706 2482 926 2529 alterum
974 2479 1024 2526 iu
1074 2490 1292 2540 persona
1338 2474 1490 2523 amici
1530 2481 1588 2521 et

520 2557 768 2619 collegae3
828 2554 1067 2619 quoniam
1103 2552 1369 2612 honorem,
1412 2548 1501 2612 qui
1537 2561 1590 2596 a·

520 2633 653 2681 mico
701 2631 944 2693 contigit,
994 2631 1128 2677 alter
1171 2628 1315 2691 quasi
1363 2639 1459 2688 pro
1502 2624 1591 2672 ho·

520 2723 647 2758 nore
673 2709 773 2757 sibi
817 2709 991 2757 delato
1016 2706 1231 2764 habuit;
1267 2702 1401 2752 haud
1439 2716 1593 2751 secus

520 2800 579 2834 ac
609 2784 806 2833 Plinius
830 2783 895 2832 de
910 2783 1137 2844 Trajano
1153 2794 1328 2843 supra,
1352 2792 1397 2829 1..
1414 2782 1462 2828 7.
1478 2777 1591 2826 dix·

518 2863 578 2917 it,
611 2863 626 2890 ⁶
649 2860 792 2910 Nihil
824 2860 987 2921 magis
1030 2866 1171 2906 tuum
1208 2855 1398 2913 credis,
1435 2868 1590 2917 quum

518 2937 655 3002 quod
673 2951 765 3000 per
784 2936 979 2985 amicos
996 2930 1192 2982 habes!
1260 2931 1327 2979 Et
1349 2928 1510 2978 ovid.
1525 2930 1591 2979 de

520 3015 792 3064 consulatu
815 3012 963 3061 amici
1000 3010 1099 3071 sui,
1127 3023 1194 3057 cx
1220 3007 1403 3069 Pouto
1426 3019 1508 3054 iv.
1541 3009 1591 3055 9.

523 3095 603 3140 14.
624 3093 641 3118 ⁴
667 3092 779 3141 Nec
803 3090 970 3139 miuus
995 3089 1079 3137 ille
1104 3099 1436 3148 meus‚quam
1455 3089 1590 3139 tuus,

521 3174 660 3216 esset
684 3164 885 3215 honor!
948 3164 1010 3212 Iu
1034 3163 1111 3211 liis
1135 3160 1244 3209 sere
1266 3158 1415 3207 nimis
1436 3172 1587 3220 argu·

521 3250 662 3290 tatur
688 3241 889 3290 Plinius
911 3256 925 3300 3
958 3237 1050 3288 sed
1077 3250 1256 3300 parum
1281 3234 1590 3297 abest‚quin

521 3319 710 3367 similes
737 3317 914 3368 Ovidii
944 3314 1177 3379 argutias
1198 3327 1303 3376 prae
1318 3312 1587 3360 oculisba·

522 3393 693 3442 buisse
720 3394 976 3443 videatur.
1047 3390 1266 3441 Ovidius
1285 3388 1441 3445 enirn,
1478 3389 1588 3437 loco

521 3469 705 3530 citato,
749 3484 822 3519 vs.
862 3474 943 3519 59.
981 3482 1126 3532 seqq.
1166 3466 1251 3515 ubi
1295 3465 1588 3528 gratulatur

523 3549 765 3599 Groeciuo
800 3549 864 3596 de
887 3548 1160 3597 consulatu
1189 3545 1473 3607 assignato,
1512 3543 1586 3592 di·

519 3627 610 3683 cit,
628 3634 860 3676 mutuum
880 3626 1122 3688 gaudium
1144 3623 1361 3673 fratrum
1387 3620 1520 3679 fore,
1541 3621 1586 3671 si

521 3705 655 3754 alter
679 3703 826 3753 alteri
853 3702 903 3750 in
928 3701 1203 3751 consulatu
1228 3701 1294 3748 sit
1317 3711 1586 3748 successu·

522 3795 639 3831 rus:
702 3782 716 3807 ‘
736 3778 920 3829 Altera
975 3777 1196 3839 laetitiae,
1243 3788 1343 3824 nec
1389 3773 1586 3824 cedens

520 3869 702 3905 caussa
736 3855 916 3919 priori,
949 3854 1231 3904 Successor
1251 3850 1382 3900 tanti
1420 3849 1589 3899 frater

517 3932 723 3981 lionoris
740 3933 857 3981 erit.
892 3930 1022 3979 Nam
1041 3930 1077 3979 ti
1087 3929 1135 3978 bi
1150 3927 1351 3977 finitum
1369 3939 1590 3982 summo,

521 4008 788 4068 Graeciue,
826 4006 1105 4057 Decembri
1142 4005 1427 4069 Imperium
1466 4002 1589 4054 Jani

520 4084 738 4147 suscipit
762 4084 851 4132 ille
887 4083 991 4133 die.
1056 4082 1295 4146 Quaeque
1320 4087 1397 4131 est
1422 4079 1472 4128 in
1499 4092 1587 4128 ro-

520 4157 600 4205 bis
628 4160 812 4221 pietas,
841 4160 1046 4209 alterna
1072 4157 1253 4207 feretis
1272 4155 1496 4219 Gaudia,
1528 4161 1586 4204 tu

516 4230 696 4282 fratris
732 4232 977 4290 fascibus,
1002 4234 1091 4284 ilie
1115 4234 1234 4284 tuis.
1300 4232 1386 4282 Sic
1412 4238 1467 4281 tu
1507 4231 1587 4281 bis

517 4307 682 4359 trieris
705 4312 918 4372 consul;
953 4311 1030 4361 bis
1048 4312 1226 4363 consul
1256 4316 1313 4361 ct
1335 4310 1460 4373 ille;
1496 4308 1583 4360 In-

1217 342 1435 392 No'rAE
1483 339 1892 391 vammum
1952 339 2031 389 m

1660 498 1762 551 que
1785 484 1941 535 domo
1966 484 2117 536 binus
2147 481 2506 549 conspicietur
2530 484 2736 534 benun·

1663 562 1821 611 Haud
1865 562 2175 612 dissimilem
2218 563 2386 611 lusum
2443 575 2621 626 snpra,
2662 563 2730 612 ad

1664 653 1718 701 p.
1751 641 1867 687 812.
1900 638 2146 687 annotari
2180 652 2247 687 ex
2289 638 2554 694 Martiale.
2602 651 2734 687 vin.

1661 718 1746 764 66.
1783 713 1800 740 ‘
1820 713 2089 763 Gaudenti
2118 722 2358 776 superest
2379 713 2570 769 adbuc,
2590 713 2732 777 quod

1664 796 1835 854 optet,
1858 790 2005 839 Felix
2031 803 2279 854 purpura,
2311 790 2502 838 tertius
2533 789 2733 839 consul.

1665 897 1682 913 .
1705 901 1719 916 .
1743 899 1759 915 .
1779 866 1936 915 Silius
1970 864 2272 931 frequentes
2293 866 2501 915 Mavult
2536 865 2618 928 sic
2639 880 2734 914 n-

1664 957 1866 993 merare
1908 945 2212 994 consulatus
2235 941 2272 992 ε’
2319 941 2409 991 ubi
2465 942 2733 991 Martialis

1664 1021 1794 1069 Silio
1830 1020 2001 1083 poem
2041 1020 2251 1069 ridetur
2286 1025 2393 1069 tres
2427 1019 2732 1070 adscribere

1661 1097 1994 1157 consulatus;
2028 1109 2146 1145 cum
2169 1096 2215 1145 is
2237 1104 2414 1145 tamen
2436 1108 2594 1144 unum
2613 1101 2732 1145 tan·

1665 1172 1953 1236 tummodo,
1982 1186 2205 1237 eumque
2237 1172 2581 1232 ordinarium,
2618 1186 2734 1237 ges·

1663 1249 1816 1298 sisset
1837 1250 1930 1300 sub
1965 1248 2212 1310 Nerone3
2246 1251 2468 1299 alterurn
2491 1262 2620 1298 vere
2644 1262 2731 1312 ge·

1663 1325 1814 1374 rebat
1835 1325 1952 1388 ejus
1983 1324 2122 1374 filins
2153 1332 2279 1375 natu
2302 1325 2469 1388 major
2504 1325 2602 1374 snb
2625 1325 2734 1374 Do·

1661 1400 1912 1462 mitiau03
1948 1403 2161 1451 tertium
2191 1401 2520 1450 consulatum
2545 1400 2735 1450 Marti-

1662 1477 1760 1525 alis
1780 1484 1936 1542 optat
1971 1477 2078 1527 tilio
2113 1486 2243 1528 natu
2283 1478 2502 1526 minori:
2536 1477 2633 1526 lios
2657 1485 2734 1525 ta·

1663 1567 1781 1603 men
1817 1568 2000 1605 omnes
2036 1554 2347 1603 numerabat
2378 1553 2538 1603 Silius
2581 1561 2734 1616 pater

1666 1636 1913 1692 tanquam
1954 1645 2076 1680 snos
2115 1631 2446 1689 consulat-u
2491 1629 2616 1693 quia
2650 1629 2737 1679 hie

1665 1719 1761 1769 per
1783 1705 1919 1756 filios
1941 1707 2179 1757 consules
2193 1706 2373 1756 consul
2391 1719 2596 1770 quoquc
2618 1718 2736 1754 esse

1665 1780 1768 1830 sibi
1813 1781 2109 1832 ridebatur.
2194 1783 2443 1832 Ceterum
2499 1781 2733 1831 animad-

1666 1859 1911 1909 vertimus
1929 1859 1979 1908 in
1995 1858 2263 1909 codicibus
2287 1859 2421 1907 Mss.
2445 1858 2619 1907 Vatic.
2639 1858 2736 1907 Sa·

1665 1934 1994 1997 lisburgeasi,
2015 1935 2298 1997 Patavino,
2318 1940 2373 1983 et
2405 1947 2544 1992 mco,
2565 1933 2733 1998 scrip-

1665 2015 1774 2057 tum
1807 2003 1950 2071 resse',
1984 2008 2248 2072 accepimus
2279 2010 2439 2070 aaut,
2470 2009 2613 2057 sia-al
2644 2023 2737 2069 32-

1663 2086 1843 2145 risuum
1878 2101 2029 2151 quam
2050 2088 2363 2151 scripturam
2396 2088 2554 2135 etiarn
2593 2085 2736 2134 Livi-

1663 2165 1811 2212 neius
1825 2176 1890 2211 ex
1908 2171 2088 2212 vetere
2112 2162 2296 2212 codice
2310 2163 2608 2221 annotarit3
2641 2160 2736 2210 ubi

1664 2254 1860 2299 omnes,
1884 2242 1934 2288 ui
1959 2238 2130 2297 fallor,
2155 2239 2333 2288 excusi
2359 2252 2454 2301 pro
2471 2238 2738 2301 occepi-ras

1664 2315 1858 2365 habent
1894 2316 2183 2379 occipicium
2229 2330 2329 2364 nce
2377 2312 2502 2363 illud
2556 2322 2736 2364 unca

1671 2405 1881 2457 prorsus
1905 2392 2168 2458 displicet.
2192 2393 2344 2442 Iden.

1729 2469 1963 2532 Alterqioe
1988 2471 2042 2518 in
2060 2472 2213 2519 altero
2230 2470 2463 2533 con-ks]
2495 2468 2542 2518 1.
2566 2482 2617 2518 e.
2637 2482 2736 2520 noa

1665 2554 1845 2596 mutuo
1859 2548 2093 2597 consules
2106 2560 2308 2607 suumn
2329 2560 2431 2609 ego
2446 2547 2498 2595 in
2515 2546 2625 2603 illo,
2641 2547 2735 2595 iiic

1667 2623 1718 2672 iu
1734 2636 1834 2671 sne.
1871 2624 2130 2673 Numerus
2151 2622 2498 2673 multitudiuis
2519 2624 2736 2673 cous-ka

1667 2700 1888 2750 habetur
1913 2702 1965 2750 in
1989 2701 2171 2751 codice
2195 2701 2298 2750 us.
2337 2700 2646 2764 Parisiensi,
2677 2708 2735 2751 et

1667 2779 1719 2827 in
1765 2777 1952 2841 Lipsii,
1986 2777 2290 2840 Boxbernii,
2331 2776 2567 2838 cellarii,
2605 2777 2735 2826 alio-

1668 2869 1882 2919 rumque
1907 2868 2208 2917 paucorum,
2229 2852 2373 2902 libris
2396 2852 2621 2901 excusis.
2659 2853 2735 2904 At

1668 2932 1739 2981 H.
1781 2931 2096 2995 Stephanus,
2149 2929 2357 2979 Eiaevir
2393 2933 2457 2977 et
2515 2927 2735 2978 Rivians

1666 3008 1901 3064 edidere,
1920 3021 2015 3071 per
2038 3005 2527 3069 compendiis-imos.
2562 3003 2624 3052 In
2647 3016 2736 3053 co·

1664 3084 1867 3134 dicibub
1890 3085 2023 3134 Mss.
2049 3082 2228 3132 Vatic.
2250 3078 2653 3143 salisburgensi,
2675 3085 2736 3128 et

1666 3159 1986 3222 Guelpherb.
2039 3158 2276 3222 itemque
2331 3157 2385 3204 in
2432 3154 2734 3210 Puteolani.

1665 3235 1918 3298 Catauaei,
1929 3233 2252 3297 cuspiniani,
2266 3230 2523 3287 illumi,
2535 3238 2592 3280 et
2610 3230 2737 3279 Phi·

1665 3312 1844 3362 lomusi
1871 3312 2042 3376 libris,
2064 3311 2260 3374 legitur
2276 3322 2405 3358 cous.
2463 3306 2528 3356 In
2548 3306 2734 3357 codiee

1664 3389 1874 3439 Veneto
1898 3392 1947 3438 2.
1970 3395 2027 3438 et
2058 3388 2194 3436 libro
2215 3385 2486 3443 vossiano,
2511 3383 2735 3447 pariter·

1664 3479 1764 3529 qua
1787 3465 1841 3514 in
1869 3462 2135 3524 Bel-oaldi,
2173 3461 2314 3524 Aldi,
2352 3460 2418 3509 R..
2454 3458 2735 3522 stephani,

1664 3543 1906 3602 Livineii,
1921 3540 2164 3605 Grypbii,
2183 3536 2444 3593 Sichardk
2466 3543 2521 3582 et
2542 3535 2735 3584 Bautii

1659 3619 1807 3669 libris
1839 3619 2019 3675 editis,
2057 3629 2335 3680 expressus
2371 3622 2452 3662 est
2483 3625 2735 3662 annuus

1661 3696 1954 3759 singularis,
1988 3695 2166 3745 consul.
2242 3692 2468 3740 Veteres
2495 3690 2736 3746 Romani.

1663 3772 1705 3821 si
1729 3784 1996 3821 nur-erum
2020 3767 2365 3820 multitudinis
2397 3766 2612 3814 consum
2640 3780 2735 3815 ex·

1666 3849 1888 3913 primere
1931 3847 2166 3909 voluere,
2215 3844 2536 3906 scripserunt
2593 3843 2736 3891 Coss.

1665 3924 1914 3987 Ambige,
1932 3928 2051 3973 uter
2071 3934 2316 3971 numerus
2341 3921 2424 3969 liic
2443 3918 2734 3969 admitten-

1664 4001 1781 4063 dus,
1822 4001 1985 4050 consa!
2019 4013 2086 4049 an
2121 4000 2370 4056 munis,-
2415 3998 2734 4049 utrumlibet

1666 4077 1834 4127 locum
1879 4076 2075 4126 habere
2122 4089 2271 4139 posse
2308 4084 2468 4137 put03
2518 4074 2733 4124 iuterim

1663 4167 1934 4203 numerum
1957 4152 2316 4220 ⁴multitudiuis
2347 4151 2594 4201 libentius
2638 4153 2736 4201 ad·

1664 4231 1799 4295 miei,
1833 4231 1955 4295 quia
1993 4228 2180 4279 referri
2215 4236 2388 4292 potest
2412 4229 2481 4277 ad
2514 4235 2734 4279 antece·

1666 4307 1797 4360 dens
1840 4319 2124 4374 pronomen
2165 4320 2268 4356 nos.
2346 4306 2435 4357 Sic
2482 4304 2596 4356 biv.
2631 4306 2732 4358 lib.
