3060 4902
809 398 870 443 c.
923 394 1161 443 ammi
1213 393 1546 457 secui-tm
1600 395 1873 445 PANEG.

361 540 490 587 θην
521 537 770 588 inseritur
805 537 1042 600 orationi,
1073 539 1138 587 ab
1174 536 1427 587 inertibus

360 616 590 665 librariis
615 615 666 663 in
691 615 998 680 quibusdam
1019 614 1285 665 codicibus
1306 616 1430 663 Mes.

362 694 524 743 fuisse
569 694 914 743 obscuratam.
981 694 1043 743 In
1090 708 1205 741 meo
1249 694 1427 742 codice

358 771 609 834 scriptum
627 780 728 833 est,
754 771 875 819 Erat
886 776 1044 818 antem
1067 770 1127 817 R.
1146 770 1210 818 P.
1223 771 1426 817 omnino.

360 848 426 897 In
453 848 754 904 Parisiensi,
784 857 1001 910 utroque
1029 850 1248 909 Veneto,
1272 849 1424 897 Salis·

363 926 631 990 burgensi,
672 934 725 974 et
773 926 1047 980 Patavino,
1111 927 1226 974 Erat
1272 932 1429 973 autem

362 1003 551 1050 omnino
572 1000 833 1064 respublica
857 1016 876 1057 ,⁸
910 1015 1026 1048 cnm
1052 1016 1230 1048 sensns
1256 1003 1427 1065 requi·

364 1086 524 1133 reret,
570 1084 627 1125 nt
667 1078 799 1125 nulla
840 1076 1098 1139 respublica
1143 1078 1424 1129 diceretur.

364 1154 680 1217 Respublica
717 1154 851 1203 enim
886 1156 979 1203 ltoc
1003 1155 1116 1202 loeo
1144 1157 1429 1217 opponitur

359 1232 692 1293 monarchi-e,
733 1239 786 1280 et
834 1239 957 1279 tnnc
1001 1233 1134 1280 nulla
1167 1233 1427 1294 respublica

361 1306 577 1370 dicitur,
600 1321 628 1355 e
651 1321 751 1371 qua
774 1305 989 1355 libertas
1016 1309 1212 1369 populi,
1239 1309 1423 1371 priucae

360 1384 505 1446 leges
542 1392 593 1432 et
632 1383 1047 1440 consuetudines,
1084 1393 1135 1432 et
1162 1385 1285 1447 jura
1320 1401 1423 1433 ma·

362 1460 871 1526 gistratutim,‘sttnt
918 1462 1140 1515 sublata,
1197 1471 1249 1508 et
1307 1477 1422 1526 qnae

362 1536 509 1600 quasi
536 1536 586 1585 in
618 1551 723 1585 rem
752 1537 1002 1600 privatam
1029 1538 1178 1585 unius
1202 1546 1280 1586 est
1304 1554 1423 1586 cou-

361 1627 531 1661 versa.
582 1613 691 1663 Cic.
734 1612 799 1661 de
847 1611 1001 1678 Offic.
1043 1628 1080 1661 1.
1118 1618 1196 1662 11.
1233 1623 1244 1643 ⁸
1275 1616 1423 1675 Paci,

360 1704 472 1754 qnae
528 1691 653 1739 nibil
709 1690 950 1739 habitura
997 1692 1063 1739 sit
1107 1693 1423 1748 insidiarum,

361 1782 565 1831 semper
597 1776 677 1817 est
713 1768 1116 1817 consulendum:
1155 1770 1205 1817 iu
1245 1784 1344 1833 qno
1383 1772 1420 1817 si

359 1845 483 1893 milii
523 1854 663 1894 esset
700 1845 1153 1909 obtemperatum3
1190 1849 1283 1894 etsi
1320 1861 1420 1895 non

359 1922 625 1984 optimam,
670 1929 725 1970 at
763 1922 984 1985 aliquam
1029 1922 1421 1984 rempublicam,

359 2012 475 2062 quae
534 2013 673 2048 nunc
725 1998 863 2047 nulla
917 2006 1017 2054 est,
1081 1997 1423 2047 haberemus.'

360 2075 508 2126 Idem
543 2073 799 2124 aeonio.
822 2089 884 2124 n.
908 2080 957 2123 8.
994 2076 1080 2123 ubi
1105 2077 1170 2124 de
1195 2077 1420 2137 Syllanis

359 2153 682 2216 temporibus
718 2153 1028 2216 1o·qu·itur':,·
1056 2153 1246 2216 Ita‘qne
1284 2144 1422 2214 pari-

357 2239 472 2280 etes
518 2230 660 2279 urbis
704 2230 857 2280 modo
905 2237 1047 2278 stant
1094 2240 1150 2279 et
1194 2235 1428 2293 manent,-

355 2306 498 2371 iique
537 2306 638 2371 ipsi
665 2308 775 2370 jam
813 2315 1049 2355 extrema
1083 2309 1281 2356 scelera
1312 2322 1418 2356 me-

356 2392 595 2432 tuentes:
636 2398 740 2431 rem
768 2397 891 2431 vero
914 2382 1172 2444 publicam
1211 2384 1418 2447 penitus

356 2460 653 2511 amisimus.’
702 2460 849 2509 Idem
886 2460 949 2509 ad
993 2461 1209 2509 Brutum
1249 2462 1417 2524 Epist.

358 2543 438 2587 1⁵.
471 2546 487 2567 ⁸
515 2538 579 2587 Iu
619 2552 719 2601 quo
756 2537 895 2586 bello
937 2551 1054 2599 non,
1093 2546 1419 2600 utracunque

353 2628 478 2677 pars
521 2613 749 2669 vicisset,
808 2622 980 2661 tamen
1024 2613 1208 2677 *aliqua
1254 2613 1419 2661 forma

355 2699 496 2741 esset
540 2690 724 2741 futura
764 2689 1102 2753 reipublicae:
1139 2691 1234 2739 boc
1281 2690 1420 2739 bello

355 2770 582 2819 victores
633 2783 785 2833 qnam
843 2766 1210 2829 rempublicam
1264 2768 1419 2816 simus

353 2847 605 2908 habituri,
641 2861 744 2894 non
768 2843 922 2893 facile
948 2843 1277 2904 affirmarim3
1315 2845 1415 2893 vic·

356 2924 423 2973 tis
443 2931 590 2973 certe
612 2923 754 2971 uuila
777 2936 999 2985 unquam
1027 2920 1160 2970 erit.'
1216 2921 1276 2970 In
1302 2920 1417 2970 cod.

354 3000 598 3050 Vatican-
632 3008 685 3049 et
711 2999 1033 3063 Guelpherb.
1063 2999 1264 3061 integra
1301 3014 1414 3048 sen·

354 3079 524 3127 tentia
542 3077 871 3141 exprimitur,
888 3075 977 3124 sed
996 3077 1122 3124 ordo
1141 3076 1416 3124 verborum

353 3168 456 3204 non
480 3153 604 3202 nibil
630 3162 876 3214 mutatur,
902 3154 1032 3202 trulla
1050 3159 1206 3202 antem
1229 3154 1418 3202 omnino

352 3236 457 3280 erat
480 3231 758 3293 respublica.
791 3229 963 3279 Idem.

362 3344 372 3351 ·
421 3307 574 3358 Natta
591 3306 875 3370 respublica]
908 3305 1011 3356 Sed
1037 3306 1183 3355 unius
1208 3322 1289 3356 res
1313 3307 1415 3371 pri·

352 3390 490 3433 vata.
525 3383 656 3447 Lips.
733 3392 736 3397 ’

360 3506 366 3517 ,
416 3458 777 3522 Averteremus]
816 3459 876 3508 In
901 3473 1002 3522 qua
1030 3460 1152 3509 nillil
1185 3461 1418 3524 honeste,

352 3536 478 3591 nibil
517 3536 700 3597 libere,
732 3535 808 3585 fas
839 3543 979 3585 esset
1023 3536 1197 3586 dicere
1229 3548 1316 3586 aut
1344 3536 1415 3587 fa·

353 3627 492 3663 cere.
532 3612 681 3664 Idem.

361 3730 370 3736 .
422 3691 524 3739 Tua
545 3691 742 3740 dextera
764 3689 947 3751 tuisque
959 3690 1224 3754 promissis]
1261 3692 1415 3754 Figu-

351 3782 429 3823 ra.
453 3768 619 3830 qtialis
649 3766 700 3814 in
736 3767 834 3814 hoc
860 3780 1008 3813 versu
1034 3767 1254 3829 Virgilii,
1293 3777 1306 3796 ⁶
1326 3784 1414 3832 pa-

354 3845 483 3894 teris
513 3843 730 3891 libamus
756 3849 806 3889 et
840 3840 1001 3896 auro,’
1042 3857 1133 3905 pro
1166 3844 1181 3869 ‘
1204 3846 1414 3905 promis.

349 3921 420 3970 sis
457 3918 583 3967 data
613 3921 832 3966 dextera
863 3914 1016 3965 factis
1039 3926 1092 3965 et
1117 3921 1420 3982 conceptis!

350 3997 490 4056 Plio.
524 4010 604 4044 κε.
639 3998 722 4043 45.
759 4001 772 4022 ·
802 3995 1000 4042 Dextra
1023 3997 1209 4044 osculis
1234 4012 1416 4048 aversa

349 4073 634 4138 appetitur,
660 4072 711 4119 in
736 4070 838 4119 fide
868 4072 1184 4134 porrigitur!
1219 4073 1385 4123 Licin.

355 4198 364 4203 ,
417 4148 661 4212 Dextera]
699 4150 871 4200 Qunam
904 4147 1025 4197 fidei
1057 4156 1304 4199 tesseram
1326 4151 1414 4203 de·

349 4227 487 4280 disti.
522 4225 659 4289 Lips-

1953 398 1996 443 1.
2044 380 2152 445 66.
2442 381 2573 447 885

1577 538 1785 601 obsepta
1805 539 1913 601 oro]
1969 539 2136 589 Recte
2161 538 2411 589 observat
2436 540 2570 589 Beb-

1505 616 1627 670 rius.
1655 617 1730 664 bis
1767 617 1938 664 verbis
1979 617 2242 665 translatis
2270 618 2318 664 id
2346 616 2457 665 sere
2482 633 2571 666 ex-

1505 694 1678 756 primi,
1722 693 1854 756 quod
1895 695 2004 742 Cic.
2045 709 2136 756 pro
2177 695 2254 742 M.
2296 695 2570 758 Marcello,

1504 785 1619 833 cap.
1649 775 1690 817 1.
1716 772 1874 830 iringis
1902 773 2107 832 proprie
2132 770 2295 818 dixit:
2322 779 2334 797 ⁴
2358 771 2570 818 Diutur-

1505 848 1556 895 ni
1592 850 1804 907 silentii,
1836 863 1935 910 quo
1972 862 2108 894 eram
2141 847 2213 894 liis
2250 846 2567 909 temporibus

1506 941 1644 988 usus,
1666 927 1793 989 (non
1821 927 2007 974 timore
2033 925 2225 987 aliquo,
2260 927 2350 972 sed
2376 926 2567 987 partim

1503 1003 1704 1062 dolore,
1754 1003 1939 1064 partim
1998 999 2358 1061 verecundia,)
2415 999 2567 1047 finem

1501 1078 1778 1126 hodiernus
1821 1077 1931 1125 dies
1971 1077 2167 1137 attulit,
2191 1076 2430 1138 idemque
2473 1077 2566 1124 ini-

1505 1159 1649 1212 tium,
1672 1173 1788 1220 quae
1823 1156 2028 1216 vellem,
2065 1169 2281 1217 quaeque
2305 1154 2568 1208 sentirem,

1503 1249 1617 1282 ineo
1653 1233 1874 1297 pristino
1912 1246 2053 1279 more
2091 1228 2331 1279 dicendi.’
2367 1229 2567 1279 ‘Obse-

1503 1311 1647 1373 pire’
1695 1311 1902 1373 proprie
1948 1318 2028 1358 est
2071 1310 2215 1373 quasi
2264 1310 2474 1369 cingere
2515 1318 2568 1356 et

1501 1387 1813 1435 concludere
1857 1385 2070 1449 aliquid,
2116 1384 2179 1432 ad
2224 1383 2420 1432 aditum
2458 1386 2566 1432 exi-

1504 1473 1675 1513 tnmve
1707 1463 2099 1527 prohibendum.
2157 1462 2270 1510 Liv.
2308 1475 2448 1510 xxv.
2483 1467 2567 1511 39.

1497 1550 1511 1573 ‘
1535 1541 1636 1589 Alii
1674 1541 1907 1601 obseptis
1954 1538 2229 1587 itineribus
2265 1553 2421 1600 super
2464 1539 2564 1587 val-

1501 1620 1602 1666 lum
1637 1616 1865 1665 saliunt.⁹
1919 1615 2088 1664 Tacit.
2131 1615 2317 1664 Anna».
2355 1620 2564 1664 tubal.

1498 1694 1803 1755 “obseptis
1848 1691 2068 1755 effugiis,
2115 1693 2276 1740 multa
2321 1701 2375 1739 et
2423 1693 2566 1741 clara

1496 1770 1728 1820 facinora
1764 1769 1975 1820 fecere!
2031 1770 2207 1818 Plaut.
2242 1769 2414 1818 casin.
2442 1784 2494 1817 v.
2514 1774 2565 1821 2.

1496 1853 1577 1898 42.
1616 1847 1987 1910 metaphorice,
2031 1847 2166 1895 ‘Ubi
2207 1847 2347 1894 illum
2375 1848 2561 1896 saltum

1498 1926 1645 1982 video
1670 1925 1966 1987 obseptum,
1993 1938 2135 1986 rogo,
2160 1931 2217 1971 ut
2237 1924 2401 1971 altero
2424 1925 2562 1973 sinat

1495 2001 1607 2052 irc.’
1678 2001 1765 2050 Sic
1797 2009 1848 2048 et
1872 2016 1955 2048 ora
1978 1999 2258 2062 bominum,
2290 2000 2375 2063 qni
2401 2000 2563 2047 servi-

1496 2085 1609 2125 tute
1654 2077 1887 2140 oppressi
1932 2083 1986 2123 et
2023 2082 2162 2123 metu
2214 2076 2561 2136 periculorum

1495 2170 1593 2204 non
1614 2155 1808 2204 attilent
1833 2154 1973 2216 loqui
1995 2152 2375 2215 quim-sentiunt,
2392 2163 2558 2202 trans-

1496 2235 1599 2281 late
1635 2233 1822 2295 obsepta
1861 2232 2122 2278 dicuntur.
2192 2230 2298 2278 Pro
2350 2232 2444 2280 hoc
2486 2233 2559 2282 di·

1494 2311 1633 2359 citur
1693 2310 1835 2370 alias,
1893 2315 1906 2334 ‘
1929 2307 2177 2353 obturare
2234 2304 2329 2361 os,’
2385 2307 2561 2357 Plaut.

1493 2388 1657 2435 Stich.
1704 2399 1742 2433 1.
1774 2390 1823 2433 2.
1866 2387 1949 2432 57.
1986 2385 2002 2410 ‘
2031 2381 2286 2430 Omnibus
2320 2395 2376 2429 os
2411 2385 2560 2433 obtu-

1495 2470 1634 2526 rent,
1666 2477 1730 2511 ne
1758 2463 1872 2526 quis
1903 2460 2085 2508 merito
2121 2459 2400 2508 maledicat
2425 2460 2568 2509 sitii!

1494 2542 1652 2594 Item,
1698 2548 1784 2588 ‘os
1820 2533 2149 2602 opprimere,’
2196 2536 2372 2586 Plaut.
2412 2536 2561 2586 Asin.

1496 2632 1585 2667 nt.
1610 2622 1659 2665 2.
1682 2620 1763 2665 40.
1819 2616 1973 2671 Item.
2014 2622 2027 2642 ‘
2047 2615 2272 2676 lingnam
2301 2614 2452 2662 alicui
2477 2629 2561 2663 oc-

1495 2693 1743 2743 cludere.'
1812 2692 1962 2741 Idem
2008 2692 2237 2739 Trinum.
2280 2706 2317 2739 1.
2356 2696 2404 2740 2.
2445 2696 2560 2741 151.

1496 2779 1509 2798 ‘
1534 2770 1820 2821 Occlnsisti
1870 2770 2128 2831 linguam3
2174 2768 2296 2816 nihil
2334 2775 2434 2826 est,
2471 2769 2559 2831 qui

1496 2844 1874 2909 respondeam!
1934 2844 2017 2896 Cf.
2045 2845 2180 2893 idem
2206 2844 2363 2894 Milit.
2399 2857 2487 2894 ιιι.
2514 2849 2561 2893 1.

1495 2928 1577 2973 lt.
1614 2924 1855 2971 Schwarz.

1560 3001 1778 3062 Denique
1812 2998 1960 3060 nihil]
2016 2997 2101 3045 Ita
2126 3004 2205 3044 est
2233 2996 2481 3057 scriptum
2509 2997 2558 3044 iu

1491 3077 1659 3128 codic.
1680 3077 1849 3125 Vatic.
1869 3073 2091 3135 Guelpb.
2109 3080 2159 3119 et
2181 3073 2229 3119 in
2248 3072 2379 3120 libro
2390 3072 2562 3121 Vossi-

1493 3171 1610 3206 ano.
1658 3156 1826 3217 Vulgo
1851 3151 2110 3201 omittitur
2131 3163 2226 3197 vox
2247 3148 2387 3197 nihil.
2425 3148 2560 3198 Ges-

1492 3249 1646 3283 nerus
1671 3234 1743 3280 ita
1768 3232 1880 3278 liaec
1914 3228 2068 3276 verba
2095 3227 2427 3288 interpuncta
2450 3225 2559 3274 edi·

1492 3311 1599 3359 dit:
1625 3315 1639 3336 ⁴
1660 3308 1804 3356 Niliil
1828 3304 2101 3354 siibdolum
2139 3302 2383 3365 denique,
2418 3301 2557 3366 qnod

1491 3387 1789 3439 credentem
1816 3382 1994 3432 fallere
2016 3380 2199 3444 paret.'
2227 3381 2347 3430 Non
2368 3381 2561 3429 incom-

1492 3465 1666 3515 mode.
1726 3463 1798 3511 At
1823 3461 2021 3519 dubito,
2043 3473 2105 3506 an
2134 3466 2339 3507 veteres
2367 3459 2418 3507 in
2445 3474 2553 3523 par·

1496 3543 1699 3603 titione,
1743 3539 1853 3587 sive
1895 3536 2305 3595 enumeratione,
2339 3535 2558 3584 duorum

1493 3618 1678 3667 saltem
1729 3614 2094 3668 membrorum,
2137 3611 2373 3660 lubenter
2416 3613 2559 3660 ‹lixe-

1493 3698 1617 3749 rint‚
1660 3694 1877 3756 denique,
1922 3691 1956 3738 i.
2002 3704 2048 3740 e.
2095 3690 2193 3736 ‘ad
2237 3688 2562 3739 extremum)

1493 3777 1579 3823 De
1606 3774 1790 3835 tribus,
1816 3772 1895 3819 vel
1925 3769 2156 3832 pluribus
2189 3768 2448 3829 membris,
2479 3783 2557 3816 sa-

1493 3852 1559 3899 tis
1598 3851 1751 3899 obvia
1794 3855 1914 3897 sunt
1962 3846 2229 3907 exempla3
2272 3859 2317 3892 v.
2358 3860 2406 3906 g.
2446 3845 2557 3893 Cic.

1492 3928 1651 3977 Catil.
1687 3942 1725 3978 1.
1765 3931 1842 3976 13.
1883 3932 1897 3953 ⁴
1918 3924 2112 3976 Quare,
2137 3923 2199 3970 P.
2224 3922 2284 3969 C.
2308 3921 2559 3970 secedant

1493 4005 1733 4068 improbi,
1772 4009 2047 4052 secernant
2070 4016 2124 4048 se
2149 4016 2178 4048 a
2204 3999 2371 4059 bouis,
2402 4014 2557 4050 unum

1492 4083 1543 4132 in
1584 4083 1750 4131 locum
1786 4087 2200 4141 congregentur3
2236 4091 2381 4125 muro
2415 4076 2560 4125 deui-

1492 4173 1611 4220 que,
1644 4157 1696 4205 id
1731 4155 1868 4221 qnod
1907 4168 2048 4216 saepe
2077 4154 2188 4216 jam
2224 4152 2349 4208 dixi,
2388 4168 2560 4201 secer·

1491 4241 1683 4284 uantur
1703 4245 1733 4281 a
1758 4229 1938 4281 uobis.’
1998 4228 2143 4278 Idem
2170 4228 2330 4278 Catil.
2368 4242 2455 4279 ιιι.
2483 4234 2560 4280 11.
