3060 4902
526 379 657 446 '700

527 552 584 588 sa
603 537 807 602 quidem
831 535 993 585 virtus
1018 535 1224 586 sibimet
1250 535 1596 600 pulcherrima

525 614 758 664 merces-³
825 613 1096 665 Claudiau.
1133 614 1183 662 in
1210 614 1417 662 Consul.
1444 614 1592 661 Man-

525 689 582 738 lii
603 689 797 738 Theod.
826 705 900 738 vs.
924 695 971 738 1.
1005 690 1020 717 ‘
1046 689 1166 753 Ipsa
1192 689 1399 752 quidem
1430 691 1593 738 virtus

527 764 750 828 pretium
775 763 911 827 sibi‚'
933 766 1035 814 διο.
1099 766 1299 813 Seneca
1323 765 1491 826 Epist.
1514 770 1596 814 81.

522 845 540 872 ‘
566 845 829 895 Virtutum
866 845 1088 894 omniurn
1128 845 1350 908 pretium
1385 846 1434 893 iu
1468 845 1592 907 ipsis

527 926 645 968 est:
682 933 779 967 non
815 921 953 969 enim
991 927 1306 968 exercentur
1352 919 1415 966 ad
1461 934 1592 982 prae-

525 998 683 1046 mium
708 1013 722 1057 ;
758 1006 903 1047 recte
941 996 1065 1046 facti
1093 1013 1290 1047 merces
1319 1007 1416 1057 est,
1442 998 1592 1047 fecis·

529 1073 622 1122 se.'
689 1075 980 1138 symmach.
1022 1077 1192 1138 Epist.
1227 1089 1303 1124 rx.
1343 1081 1451 1124 110.
1487 1084 1501 1105 ‘
1528 1076 1591 1124 In

527 1150 638 1199 sola
676 1152 998 1200 conscientia
1033 1160 1112 1199 est
1145 1154 1277 1201 ratio
1310 1160 1365 1201 et
1391 1151 1591 1201 fructus

528 1227 768 1276 virtutis!
836 1229 1098 1284 Ceterum,
1147 1230 1224 1278 his
1274 1230 1464 1285 verbiS,
1508 1246 1594 1278 nec

529 1304 784 1362 benefactis
808 1311 994 1355 tantum
1016 1323 1078 1356 ex
1094 1307 1377 1356 conscientia
1401 1324 1592 1372 merces,

531 1381 582 1429 in
626 1381 942 1431 editionibus
989 1384 1314 1447 Cuspiniani,
1360 1384 1430 1434 H.
1474 1386 1592 1433 Ste-

528 1458 702 1522 phani,
737 1460 1100 1523 Kirchmaieri,
1135 1462 1435 1517 Βοιὼοιηίἰ,
1476 1462 1592 1510 Cel·

526 1535 666 1596 larii,
689 1541 743 1585 et
774 1535 909 1586 forte
936 1537 1171 1598 aliorum,
1206 1537 1318 1585 haec
1345 1539 1443 1584 ulia
1471 1552 1593 1599 qua-

531 1618 650 1660 tuor
684 1612 845 1661 verba
879 1612 1159 1676 adduntur,
1188 1615 1269 1661 sed
1302 1614 1444 1661 etiam
1469 1628 1594 1675 prae·

528 1689 627 1738 mia
650 1694 776 1737 sunt.
824 1690 1036 1752 Verum,
1061 1690 1154 1737 hoc
1182 1689 1594 1738 additamentum

531 1774 612 1814 est
648 1765 982 1828 superfluum,
1019 1772 1072 1815 et
1113 1776 1327 1830 propter
1357 1776 1595 1815 ταυτολο-

526 1841 642 1903 γίαν
676 1845 884 1893 auribus
922 1845 1208 1906 ingratum3
1244 1847 1481 1909 quoniam
1510 1862 1595 1896 vo·

529 1920 768 1971 cabulum
801 1923 1020 1986 pramiu,
1050 1923 1100 1971 iu
1138 1923 1281 1972 brevi
1321 1923 1594 1972 verborum

531 1996 729 2048 ambitu
777 2013 896 2047 mox
943 1999 1207 2060 recurrit3
1261 2006 1416 2064 utque
1463 2000 1594 2048 adeo

529 2075 645 2124 haec
670 2074 779 2139 ipsa
798 2076 1061 2139 appendix
1088 2090 1187 2125 non
1209 2077 1370 2125 solum
1398 2091 1459 2124 ex
1488 2091 1593 2124 om·

528 2151 679 2201 nibus
727 2151 993 2201 codicibus
1032 2154 1157 2200 MsS.
1202 2152 1292 2200 sed
1334 2153 1490 2200 etiam
1527 2168 1594 2201 ex

530 2227 764 2292 plurimis
789 2228 931 2278 libris
966 2228 1247 2293 impressis,
1280 2229 1466 2278 merito
1501 2245 1594 2279 suo

530 2305 729 2354 exulat.
760 2304 1003 2353 Schwurz.

599 2379 858 2443 Recensque
912 2396 966 2429 ac
1022 2379 1227 2442 tividos]
1292 2381 1352 2430 In
1411 2383 1594 2433 codice

532 2457 998 2522 Guelpherbytano
1033 2450 1198 2507 mia-32
1233 2469 1375 2509 recte
1401 2463 1595 2511 omitti·

539 2540 624 2581 tur
649 2535 837 2597 copula
867 2551 969 2597 que.
1023 2536 1268 2584 Wasseus
1294 2536 1355 2582 ad
1381 2538 1595 2587 Sallust.

532 2607 689 2656 Catil.
715 2623 760 2657 c.
783 2614 830 2657 7.
865 2609 1000 2671 quod
1028 2612 1227 2659 notavit
1265 2610 1597 2674 Arntzenius,

532 2698 627 2746 pro
673 2691 909 2747 rectosque
949 2685 1128 2733 maluit
1166 2692 1429 2749 erectosque
1443 2704 1459 2743 ,·
1504 2691 1593 2738 sed

529 2769 718 2809 contra
762 2762 1127 2810 auctoritatem
1174 2763 1398 2812 omnium
1438 2764 1594 2815 libro-

533 2850 664 2891 rum,
694 2842 750 2885 et
786 2844 979 2899 praeter
1007 2851 1260 2887 caussam.
1330 2841 1514 2906 Neque
1541 2858 1593 2891 e·

529 2912 635 2960 nim
686 2911 907 2961 fortasse
959 2916 975 2941 ⁴
999 2916 1163 2964 erecti
1218 2916 1373 2965 animi
1398 2917 1412 2939 '
1467 2921 1593 2968 satis

528 2989 797 3039 commode
822 2990 1122 3041 dicerentur
1148 3002 1162 3023 ‘
1186 2993 1391 3043 attolli!
1423 3003 1438 3025 ·
1462 2997 1594 3046 Rec-

529 3066 654 3115 tus'
701 3068 909 3132 proprie
965 3077 1065 3132 est,
1111 3070 1193 3120 cui
1241 3086 1356 3120 cum
1417 3075 1594 3137 regula

529 3146 791 3194 convenit.
894 3146 1034 3196 Hinc
1085 3147 1101 3173 ‘
1138 3149 1268 3197 recti
1323 3151 1557 3200 homines
1583 3151 1597 3173 ’

530 3223 782 3273 translate
820 3223 1063 3273 dicuntur
1109 3224 1231 3275 boni
1277 3236 1329 3276 et
1371 3229 1593 3286 honesti,

531 3299 616 3360 qui
646 3307 843 3349 rectam
869 3302 1101 3351 veritatis
1125 3311 1178 3351 et
1206 3304 1412 3354 virtutis
1438 3308 1593 3370 viam,

526 3388 628 3423 nou
650 3374 906 3440 obliquam
931 3378 1040 3426 vitii
1069 3380 1339 3440 rationem,
1371 3398 1592 3446 sequun-

528 3459 629 3500 tur.
696 3452 782 3501 Sic
819 3454 991 3504 Plinio
1028 3456 1198 3517 Epist.
1230 3471 1290 3505 ιι.
1315 3462 1391 3505 11.
1423 3458 1594 3508 Julius

529 3528 699 3576 Ferox
724 3528 918 3578 dicitur
937 3530 1044 3578 ‘vir
1069 3539 1243 3579 rectus
1262 3539 1314 3581 et
1337 3543 1545 3582 sanctus
1563 3535 1596 3596 ;’

527 3612 584 3654 et
608 3606 774 3668 Epist.
798 3620 899 3654 vu.
925 3610 1005 3656 31.
1038 3608 1229 3664 Pollio,
1255 3612 1269 3637 ‘
1299 3611 1375 3657 vir
1397 3620 1593 3673 rectus,

527 3682 749 3745 integer,
774 3683 1018 3747 quietus.'
1063 3685 1233 3747 Epist.
1257 3699 1343 3735 ur.
1366 3691 1414 3735 7.
1438 3688 1452 3714 ‘
1480 3704 1592 3738 rec·

527 3767 584 3808 ta
627 3759 832 3821 ingenia
869 3758 885 3781 ’
932 3767 1271 3823 opponuntur
1315 3763 1331 3790 ‘
1369 3763 1591 3828 ingeniis

526 3832 821 3899 perversis)
888 3834 1076 3885 Horat.
1100 3836 1203 3887 od.
1230 3842 1371 3887 1v.9.
1396 3844 1475 3888 34.
1500 3842 1593 3904 ait,

526 3913 542 3940 ‘
570 3912 661 3960 Est
687 3912 884 3961 animus
909 3913 1002 3962 tibi
1031 3914 1323 3979 Rerumque
1345 3917 1591 3980 prudens,

525 4000 582 4041 et
629 3992 871 4041 secundis
923 3994 1265 4057 Temporibus
1322 3997 1591 4063 dubiisque

526 4067 735 4117 rectus.'
803 4069 910 4117 Pro
956 4084 1083 4119 voce
1128 4070 1330 4135 vividos,
1380 4073 1591 4125 codices

521 4144 731 4206 quidam
749 4145 1005 4203 Vaticani,
1026 4147 1149 4196 item
1167 4148 1595 4213 salisburgensis,

520 4220 901 4287 Guelplrerbyt.
923 4232 977 4273 et
1001 4223 1136 4273 liber
1170 4224 1466 4288 Vossianus,
1497 4229 1590 4276 mi·

521 4309 616 4346 nus
653 4297 784 4348 bene
818 4299 1013 4351 babent
1041 4302 1269 4362 mandam
1306 4318 1365 4354 ac
1395 4302 1592 4355 Parisi-

1219 392 1439 444 NOTAE
1491 392 1898 443 vAR10RUM
1950 392 2032 441 m

1670 536 1827 595 ensis,
1853 542 1907 583 et
1941 536 2131 583 Venet.
2156 547 2193 583 t.
2218 533 2386 583 adhuc
2412 533 2581 599 pejus,
2611 535 2736 586 invi·

1668 614 1767 661 dos.
1838 612 1967 661 Quae
1993 614 2294 674 corruptela
2319 612 2496 662 extitit
2521 628 2586 662 cx
2605 614 2735 662 anti·

1670 703 1770 752 qua
1795 684 2074 751 script'ura,
2099 689 2149 737 in
2177 703 2278 749 qua
2302 689 2470 737 litere
2497 689 2517 737 i
2539 691 2732 739 nullum

1670 775 1915 828 punctum
1938 766 2236 827 imponitur.
2304 771 2318 792 ⁸
2342 765 2516 815 Animi
2543 766 2703 814 vividi
2721 763 2738 786 '

1670 842 1914 890 dicuntur
1939 842 2113 904 vigore
2138 842 2296 904 pleni,
2317 848 2370 891 et
2392 843 2593 893 alacres
2617 858 2633 905 ;
2656 843 2734 893 nti

1671 919 1808 966 Plin.
1832 918 1997 980 Epist.
2024 933 2107 967 ιιι.
2131 921 2177 967 1.
2203 918 2335 968 dixit
2360 933 2551 982 corpus
2585 920 2601 946 ⁴
2627 921 2735 984 agi·

1671 995 1717 1043 le
1754 1002 1806 1043 et
1843 993 2108 1044 vividum.’
2174 995 2340 1044 Tacit.
2379 994 2566 1045 Annal.
2601 1007 2734 1047 xm.

1667 1077 1719 1121 3.
1742 1080 1756 1102 ⁴
1776 1072 2018 1121 vividum
2045 1072 2264 1121 animum
2288 1073 2338 1120 in
2355 1072 2455 1122 alia
2475 1072 2737 1123 detorsit-⁹

1671 1150 1845 1197 Plura
1881 1149 2149 1212 utriusque
2208 1150 2429 1211 epitheti
2487 1153 2735 1213 exempla

1670 1226 1931 1285 congessit
1959 1226 2196 1274 laudatus
2224 1225 2549 1275 Arntzenius.
2585 1227 2738 1279 Idem.

1743 1302 1961 1365 Vividos]
2022 1302 2193 1352 Altius
2245 1303 2501 1365 spirantes
2524 1317 2538 1364 ;
2598 1305 2736 1367 quod

1670 1394 1828 1441 genus
1851 1394 1949 1427 uon
1973 1378 2142 1428 dicam
2164 1379 2497 1439 minutis,sed
2521 1380 2736 1430 modicis

1674 1455 1992 1518 principibus
2040 1469 2218 1518 purum
2262 1458 2395 1517 grati
2441 1463 2561 1504 suut
2585 1472 2601 1517 ς
2647 1458 2734 1520 qui

1672 1532 1686 1558 ‘
1716 1547 1865 1593 pares
1907 1532 2059 1581 rebus
2082 1532 2095 1555 ¹
2130 1533 2315 1596 (Taciti
2352 1532 2511 1583 verba
2551 1534 2738 1583 Annal.

1676 1622 1752 1656 vr.
1772 1607 1879 1673 ³9.)
1897 1617 2154 1674 (ψει-αυτ,
2172 1623 2271 1658 non
2290 1610 2378 1674 qui
2395 1610 2411 1637 ‘
2424 1625 2583 1674 supra
2600 1613 2740 1662 sint.'

1672 1685 1808 1746 Lips.

1747 1762 1813 1810 Ut
1870 1760 1983 1823 ulii]
2051 1762 2299 1812 Claudius
2368 1764 2738 1821 Corbulonem,

1674 1842 1689 1867 ⁸
1709 1852 1826 1886 cum
1854 1838 2071 1888 Chaucis
2094 1839 2284 1888 bellum
2309 1847 2515 1902 pararet
2538 1857 2554 1902 3
2587 1843 2734 1906 quip-

1674 1930 1738 1978 pe
1765 1916 1928 1965 virum
1954 1918 2221 1978 insignem,
2259 1929 2313 1968 et
2338 1922 2525 1983 ignavo
2551 1922 2740 1985 priuci-

1674 1993 1723 2053 pi
1753 1993 2110 2055 pra-gravem!
2162 1995 2329 2046 Tacit.
2350 1995 2538 2048 Annsl.
2565 2012 2630 2048 u.
2657 2002 2739 2052 19.

1673 2068 1847 2131 Agric.
1874 2085 1919 2119 c.
1941 2075 2022 2119 39.
2057 2071 2213 2119 Bern.

1741 2148 2006 2195 Contundis
2039 2163 2094 2196 uc
2127 2147 2376 2212 deprimis]
2421 2155 2436 2179 ⁴
2457 2151 2739 2214 Tundere,'

1673 2224 1779 2271 et·‘
1806 2223 2165 2284 contundere‚'
2205 2227 2417 2289 proprie
2462 2228 2740 2292 siguificat,

1669 2314 1793 2348 saxo
1842 2306 1930 2348 aut
1983 2300 2082 2348 alio
2127 2301 2472 2352 instrumento
2508 2305 2737 2367 pulsare,

1670 2375 1929 2439 frangere,
1965 2377 2227 2432 obterere.
2252 2393 2312 2429 ac
2348 2387 2502 2429 tenue
2541 2382 2734 2447 aliquid

1672 2450 1900 2502 efficere.
1994 2453 2143 2504 Unde
2191 2456 2241 2503 in
2288 2457 2489 2518 glossis,
2538 2460 2736 2522 Tundit,

1670 2533 1790 2593 θλᾷ,
1814 2532 2121 2580 semoveant.
2190 2532 2529 2584 Quinctilian.
2557 2535 2737 2585 Instit.

1670 2607 1818 2654 Orat.
1856 2621 1937 2655 xr.
1960 2611 2010 2655 2.
2044 2615 2058 2637 ⁸
2081 2609 2383 2659 Triclinium
2420 2626 2578 2675 supra
2611 2627 2733 2662 con·

1671 2685 1812 2732 vivas
1848 2685 2063 2746 corruit,
2097 2692 2256 2749 atque
2283 2688 2357 2735 ita
2391 2688 2652 2744 contudit,
2677 2696 2736 2739 ut

1669 2775 1767 2810 non
1792 2775 1881 2809 ors
1901 2761 2050 2810 modo
2070 2766 2557 2826 oppressorum,sed
2578 2781 2736 2815 mem·

1670 2838 1760 2885 bra
1793 2839 1948 2887 etiam
1990 2839 2179 2895 omnia,
2205 2841 2528 2904 requirentes
2563 2844 2628 2893 ad
2656 2858 2735 2893 se·

1669 2915 1926 2977 pulturam
1963 2916 2238 2980 propinqui
2282 2919 2419 2967 nulla
2460 2928 2582 2968 nota
2617 2935 2735 2985 pos·

1667 2998 1784 3039 sent
1835 2991 2166 3041 discernere.'
2233 2994 2441 3043 Deinde
2488 2996 2734 3046 transfer·

1671 3075 1754 3115 tur
1791 3067 1855 3115 ad
1900 3068 2138 3124 animum,
2177 3075 2231 3117 et
2261 3069 2540 3131 ingenium,
2576 3080 2734 3137 atque

1671 3142 1789 3204 alia,
1825 3143 1864 3191 si
1908 3141 2076 3203 frangi
2117 3158 2177 3192 ac
2220 3144 2450 3193 diminui.
2475 3146 2735 3199 dicontur.

1670 3220 1780 3269 Cic.
1820 3218 1882 3267 ad
1922 3218 2085 3268 Attic.
2121 3232 2224 3268 xn-
2258 3225 2343 3270 44.
2376 3222 2393 3250 ‘
2416 3223 2646 3273 Contudi
2680 3240 2735 3274 e·

1670 3296 1770 3344 nim
1797 3296 2043 3355 animum,
2062 3303 2115 3345 et
2134 3295 2355 3346 sortasse
2375 3299 2511 3350 vici!
2548 3301 2731 3365 Virgil.

1670 3375 1862 3437 Georg.
1877 3389 1954 3425 tv.
1974 3380 2088 3425 240.
2107 3381 2121 3403 ’
2141 3375 2499 3442 Contusosque
2519 3381 2733 3442 animos,

1670 3463 1722 3504 et
1750 3469 1830 3504 res
1867 3456 2178 3504 miserabere
2203 3454 2435 3506 fractus!
2501 3459 2641 3510 Plin.
2666 3462 2733 3510 E-

1672 3534 1790 3596 pist.
1816 3546 1947 3581 vm.
1978 3537 2057 3583 14.
2086 3534 2102 3561 ‘
2131 3533 2327 3583 Eadem
2352 3537 2488 3585 mala
2510 3538 2620 3599 jam
2655 3551 2733 3587 se·

1671 3618 1880 3659 natores
1907 3611 2137 3671 tulimus,
2161 3606 2352 3676 quibus
2389 3614 2594 3678 ingenia
2617 3631 2732 3666 nos·

1670 3693 1749 3736 tra
1807 3687 1858 3735 in
1912 3695 2174 3750 posterum
2219 3704 2421 3754 qnoque
2467 3691 2731 3757 hebetata,

1669 3761 1855 3824 fracta,
1892 3769 2109 3812 contusa
2141 3762 2300 3814 sunt.'
2364 3766 2481 3813 val.
2517 3768 2656 3819 Max.
2680 3783 2733 3817 v.

1667 3842 1716 3885 3.
1741 3841 1755 3864 ‘
1780 3844 2049 3887 contusam
2076 3837 2092 3860 '
2123 3838 2270 3903 dicit,
2291 3840 2307 3866 ‘
2333 3848 2386 3890 et
2410 3842 2732 3895 confractam

1669 3914 1792 3962 belli
1822 3914 2006 3963 Punici
2026 3914 2180 3962 armis
2208 3915 2617 3980 rempublicam·
2651 3921 2732 3970 Ita

1669 4005 1791 4040 vero
1844 3992 2206 4054 praestantium
2271 3994 2502 4042 virorum
2560 3997 2733 4053 animi,

1666 4068 1812 4116 malis
1848 4065 2171 4130 principibus
2206 4069 2457 4130 suspecti,
2495 4077 2618 4121 tunc
2643 4073 2732 4122 ‹le-

1665 4144 2048 4208 primebantur‚
2075 4142 2552 4208 contundebantur,
2579 4155 2733 4213 atquo

1667 4218 2142 4279 subvertebantur3
2214 4232 2427 4284 quorum
2480 4226 2733 4289 exemplis

1665 4295 1717 4348 in
1743 4297 1921 4364 primis
1953 4296 2093 4361 pleni
2120 4301 2241 4349 sunt
2264 4294 2496 4350 Annales
2533 4302 2733 4366 Taciti;
