3060 4902
755 391 821 440 o.
864 389 1112 440 eumn
1159 389 1491 442 securum
1545 391 1821 442 nuno.
1899 394 1949 444 1.
1993 378 2104 444 60.

327 545 542 598 quorum
574 534 773 585 notitia
806 535 873 586 ed
910 550 992 586 me
1029 536 1289 601 pervenit,
1308 551 1396 587 co·

325 609 530 659 dicibus
561 611 694 660 Mes.
731 625 916 660 mauce
946 620 999 660 et
1033 619 1282 674 corrupte
1306 627 1394 675 np-

323 694 500 751 psret.
567 688 633 737 lu
671 688 939 737 codicibus
971 689 1257 749 Vaticanis,
1294 690 1392 738 Ps-

323 762 550 826 risiensi,
585 771 812 826 utroque
847 764 1070 827 Veneto,
1103 764 1396 829 Gnelpher·

323 839 548 903 bytsno,
571 845 629 889 et
659 853 795 896 meo,
827 840 1046 903 legimus
1072 840 1193 889 Cum
1216 841 1394 903 princi·

321 931 596 980 penso-uus
614 917 1187 974 dissimillimdeeeot.
1227 918 1395 968 Quum

325 993 610 1043 lectionem
632 994 790 1042 etism
819 993 1139 1043 Puteolanus
1161 1001 1216 1043 et
1236 995 1395 1043 Bero-

322 1069 477 1118 sldus
510 1076 820 1133 sequuntur.
888 1069 1024 1119 Haec
1065 1070 1240 1126 lectio,
1277 1070 1396 1133 quis

325 1158 431 1193 non
455 1143 671 1207 indicat,
703 1146 786 1194 cui
821 1145 1069 1209 princeps
1099 1159 1252 1209 quam
1291 1146 1395 1195 ‹lis-

324 1221 614 1269 simillimus
634 1236 748 1270 esse
772 1222 982 1281 debent,
1008 1229 1192 1285 operte
1222 1220 1395 1271 admo·

322 1304 419 1346 net
460 1298 714 1347 lectorem
755 1299 974 1362 alicujus
1014 1298 1273 1354 defectus,
1313 1299 1395 1348 cni

323 1374 617 1424 remedium
640 1375 709 1422 sit
731 1374 1088 1438 qumi-endum.
1131 1372 1397 1423 Librarius

325 1449 524 1499 eodieis
566 1449 992 1512 salisburgensis,
1036 1450 1206 1500 locum
1262 1450 1397 1499 huuc

322 1540 565 1575 mancum
619 1527 896 1576 restituere
948 1534 1187 1585 conatus,
1232 1528 1395 1589 magis

322 1601 646 1664 obscuravit,
675 1617 828 1665 qnam
861 1602 1113 1664 restituit,
1135 1616 1253 1651 cum
1277 1616 1394 1651 eum

322 1677 616 1729 infeliciter
654 1680 729 1728 sic
773 1681 1086 1742 reposuerit,
1130 1684 1231 1727 tuns
1272 1679 1396 1727 inest

322 1756 520 1818 utrique
554 1756 808 1805 diversitas
849 1771 954 1804 uns
991 1756 1223 1819 principe,
1260 1772 1396 1820 quens

322 1831 669 1881 dissimilitudo
702 1848 794 1880 non
825 1833 1003 1882 decent.
1071 1833 1299 1896 Propius
1329 1832 1392 1881 sd

322 1921 542 1970 scopum
580 1909 803 1957 secessit
843 1908 1140 1965 catanens,
1176 1910 1263 1972 qni
1305 1908 1393 1957 sd-

322 1984 464 2032 scits
488 1998 635 2044 voce,
664 1983 866 2047 consuli,
895 1984 970 2033 sic
1000 1985 1234 2034 exhibuit
1258 1984 1395 2034 hunc

324 2060 523 2121 locum,
540 2067 598 2109 nt
616 2060 662 2108 ei
686 2061 1034 2123 suspicionem
1058 2061 1278 2124 alicujus
1303 2061 1394 2109 de·

321 2134 498 2186 fectus
521 2151 685 2199 prope
705 2137 979 2202 sdemerit,
1010 2152 1118 2187 cum
1131 2139 1395 2202 prinoipem

323 2227 472 2276 qun·
533 2212 900 2262 dioeiniltinm
966 2211 1150 2263 consuli
1217 2215 1396 2263 deesse,

323 2287 500 2339 Quem
541 2289 814 2337 lectionem
856 2289 1013 2338 etism
1060 2290 1227 2339 secuti
1273 2298 1395 2339 sunt

323 2362 519 2428 Aldus,
555 2362 741 2424 Jnuts,
777 2365 1079 2429 Rhenanus,
1121 2372 1177 2414 et
1220 2366 1394 2428 plnres

322 2441 438 2491 alti.
506 2441 656 2491 Unus
686 2439 787 2491 fuit
810 2441 1180 2506 cuspinianus,
1204 2442 1311 2507 qui,
1336 2449 1396 2493 ut

322 2518 505 2575 credo,
540 2533 606 2567 ex
642 2520 876 2581 vetustis,
912 2520 1096 2582 quibus
1136 2534 1258 2568 usus
1292 2527 1393 2584 est,

323 2594 665 2658 membrsnis,
735 2597 1018 2659 pleniorem
1097 2598 1395 2660 lectionem,

319 2685 480 2737 quem
517 2686 653 2721 nuuc
688 2672 891 2734 demus,
923 2674 1119 2737 primns
1143 2675 1194 2723 iu
1226 2677 1392 2723 lucem

323 2747 585 2811 protulit3
622 2764 775 2813 quum
800 2749 1132 2813 approbsvit,
1152 2750 1242 2798 sed
1270 2765 1393 2800 non·

324 2822 453 2872 dum
470 2825 688 2886 recepit.
703 2825 907 2886 Lipsius
919 2840 936 2886 ς
950 2826 1220 2875 sunotsvit
1236 2826 1395 2875 Seou-

322 2898 533 2957 hovius,
563 2905 617 2948 et
650 2900 704 2948 in
739 2901 967 2961 margine
1005 2902 1246 2950 editionis
1282 2916 1392 2951 sun

327 2975 632 3036 Livineius3
679 2977 762 3025 cui
804 2991 928 3027 vero
966 2976 1219 3040 deinceps
1255 2978 1391 3027 Gru·

325 3059 495 3115 tems,
515 3053 802 3111 Puteanus,
826 3055 904 3102 De
929 3054 976 3101 ls
1011 3053 1212 3113 Baune,
1236 3053 1391 3102 Pets-

322 3128 425 3189 rol,
445 3135 519 3193 et,
536 3137 655 3191 post
674 3129 842 3178 editss
863 3128 1254 3178 observationes
1277 3143 1392 3180 nos·

323 3214 453 3261 trus,
491 3205 649 3254 etism
682 3204 949 3254 Gesnerus
983 3213 1039 3253 et
1064 3206 1394 3269 Arntzenius,

322 3283 499 3332 loen·
520 3281 733 3331 dedere.
800 3281 1179 3330 Diversitstem
1202 3284 1392 3345 princi·

324 3365 484 3423 patus
507 3366 563 3409 et
592 3357 892 3408 consulatus
919 3358 1252 3420 explicarunt
1280 3360 1392 3424 Lip-

320 3438 435 3487 sius
481 3442 537 3485 et
569 3436 950 3497 Berueggerus.
1019 3434 1154 3484 Ille:
1196 3433 1393 3484 Princi-

322 3512 543 3578 pisinus
564 3518 663 3566 est,
684 3510 997 3560 submittere
1030 3525 1106 3569 se,
1139 3518 1194 3558 et
1228 3511 1393 3559 civili·

321 3597 413 3640 ter
434 3601 648 3652 gerereg
682 3594 740 3636 at
775 3587 1003 3636 consulis
1037 3587 1210 3649 aliter,
1242 3588 1393 3636 sttol·

318 3666 439 3716 lere
454 3678 532 3726 se,
544 3671 601 3713 et
616 3662 848 3713 bsbitum
868 3663 1173 3726 animosque
1191 3678 1395 3712 sumere

319 3756 426 3807 pro
446 3740 773 3804 magistratu.
831 3739 968 3789 Hic:
1006 3740 1262 3803 Princeps
1284 3740 1397 3788 nul-

318 3819 390 3868 lis
412 3817 656 3880 subjacet
678 3816 904 3879 legibus,
926 3817 1017 3865 sed
1045 3819 1240 3866 consul.
1292 3817 1396 3867 Hic

320 3895 636 3960 reipublico
670 3900 726 3943 et
748 3894 859 3957 juri
896 3893 1122 3942 dicundo
1168 3900 1395 3957 μηθείς

319 3972 573 4037 princeps
613 3969 873 4019 omuibus.
939 3970 1132 4018 Consul
1172 3984 1266 4031 pro
1304 3972 1393 4021 tri.

317 4048 501 4099 bussuli
530 4047 625 4107 jus
659 4045 808 4107 dicit,
831 4044 979 4093 audit
1013 4045 1276 4106 litigantes
1301 4062 1396 4111 per

319 4136 494 4178 totum
543 4123 721 4183 diem;
767 4122 1009 4186 princeps
1049 4136 1148 4170 nou
1194 4123 1395 4186 patitur

318 4198 736 4267 disceptantium
803 4196 1042 4263 obliquas
1115 4199 1394 4253 orationes.

2405 380 2536 449 827

1470 537 1720 589 Selom.

1538 613 1949 677 Diania-ilum]
1994 613 2386 664 Dissimillimuns
2429 630 2537 665 eon·

1466 690 1581 737 suli.
1630 690 1832 740 Tru'nca
1856 699 1995 741 sunt.
2048 692 2350 754 Cuspinisni
2374 692 2538 742 editio

1471 764 1660 824 reficit,
1691 765 1970 830 Principem
1990 782 2129 829 quens
2150 767 2444 815 simillimum
2464 782 2538 816 es·

1467 854 1520 889 ss
1545 840 1755 903 priuato,
1774 843 2094 906 consulemque
2113 857 2251 904 quom
2272 842 2539 892 dissimilli-

1470 931 1594 965 nttms
1616 919 1796 966 deceat.
1844 918 2110 981 Approbo.
2143 917 2278 980 Lips.

1536 992 1951 1057 Dis-simillimum]
2009 993 2238 1055 Propter
2293 993 2538 1056 mejesta-

1470 1073 1576 1117 tetn
1597 1069 1826 1132 imperii,
1843 1077 1897 1118 et
1915 1068 2185 1131 digultatis
2204 1077 2537 1132 potestantem,

1470 1157 1623 1207 quam
1649 1145 1839 1207 privati
1865 1159 1966 1193 nou
1990 1146 2200 1195 babent.
2251 1146 2472 1196 Patarol.

1537 1220 1677 1268 Cn».
1716 1234 1806 1269 ιι.
1871 1222 2104 1273 Proximo
2136 1222 2284 1285 anno]
2324 1223 2539 1272 Scilicet

1470 1307 1607 1342 suno
1646 1294 1841 1345 Christi
1881 1301 1962 1346 98.
2045 1297 2238 1347 Mirum
2281 1305 2377 1359 est,
2414 1299 2538 1362 Lip-

1470 1370 1601 1418 sium
1627 1373 1739 1421 luec
1767 1371 1834 1421 de
1866 1387 1997 1422 suno
2022 1375 2259 1437 proxime
2283 1374 2460 1425 futuro
2484 1382 2540 1425 et

1471 1446 1722 1503 instante,
1746 1456 1801 1498 et
1823 1450 2028 1514 quidem
2052 1466 2188 1500 auno
2211 1453 2397 1501 Cbristi
2424 1457 2539 1502 lot.

1471 1525 1799 1586 explicasse3
1838 1529 1982 1590 qussi
2020 1529 2298 1592 Trsjsnus‚
2334 1530 2413 1579 uti
2450 1544 2538 1579 su-

1472 1607 1561 1649 tcs
1601 1599 1917 1663 deprecatus
1957 1610 2074 1652 erat
2111 1604 2322 1652 tertium
2355 1619 2539 1654 cousu-

1471 1676 1655 1733 lntnm,
1677 1678 1850 1728 denuo
1872 1681 2032 1728 etism
2059 1688 2317 1742 quartum,
2346 1682 2463 1742 sibi,
2485 1681 2538 1731 ln

1472 1752 1764 1815 proximum
1784 1769 1992 1816 sunum,
2006 1755 2337 1812 destinatum,
2354 1756 2540 1819 depre-

1470 1836 1621 1876 catus
1644 1836 1801 1879 esset.
1872 1831 1959 1880 Its
1987 1832 2122 1881 enim
2159 1833 2245 1881 ille
2279 1832 2459 1882 scribit
2484 1831 2538 1881 in

1469 1912 1772 1965 srgnmeuto
1783 1906 1934 1971 bujus
1950 1909 2284 1972 panegyrici,
2300 1909 2386 1958 ubi
2403 1910 2538 1958 bunc

1470 1981 1629 2031 Plinii
1655 1982 1825 2032 locum
1853 1984 2096 2047 attingit:
2123 1984 2139 2010 ‘
2164 1985 2328 2046 Nota,
2355 1986 2421 2035 de
2446 1999 2537 2034 sn·

1469 2070 1537 2105 no
1576 2058 1812 2119 proximo
1848 2067 1905 2107 et
1941 2059 2175 2109 instanti.
2242 2060 2384 2112 Quid
2430 2075 2537 2109 am-

1470 2134 1641 2196 plius?
1689 2135 1705 2162 ‘
1740 2133 1944 2197 sbseus,
1962 2133 1978 2157 '
2022 2136 2210 2200 inquit.
2281 2136 2366 2184 lta
2411 2150 2536 2185 sane

1471 2208 1687 2270 abseus3
1742 2223 1860 2258 num
1918 2209 1984 2259 sd
2044 2211 2235 2259 bellum
2284 2212 2536 2261 Dacicum

1461 2285 1576 2347 jam
1600 2298 1658 2333 se
1683 2284 1918 2347 perabat,
1945 2285 2078 2349 qnod
2117 2301 2232 2335 cum
2268 2286 2539 2336 Decebnlo

1470 2360 1682 2411 fortiter
1717 2368 1770 2410 et
1804 2361 2048 2423 feliciter,
2081 2364 2195 2425 ipso
2223 2363 2311 2412 illo
2349 2372 2538 2427 quarto

1469 2437 1766 2494 consulatu,
1794 2438 1989 2503 gessit?
2058 2439 2272 2503 Largior
2306 2438 2540 2504 quidem,

1470 2516 1487 2543 ⁸
1515 2513 1838 2577 proximum,’
1862 2513 1928 2564 de
1968 2514 2167 2572 futuro,
2201 2524 2257 2565 et
2289 2517 2540 2573 instante,

1469 2601 1559 2642 ant
1583 2599 1853 2657 sequente,
1878 2595 2077 2657 pariter
2099 2610 2161 2644 sc
2178 2595 2245 2644 de
2265 2595 2539 2658 praeterito

1470 2678 1728 2733 tempore,
1752 2684 1847 2734 pro
1871 2683 1925 2719 re
1961 2679 2106 2735 nsts,
2129 2670 2233 2720 dici
2255 2671 2538 2734 explicari-

1467 2760 1569 2810 que
1606 2759 1775 2808 posse.
1866 2747 1977 2810 Sic,
2019 2762 2137 2797 cum
2180 2748 2400 2797 Cbaeres
2437 2747 2538 2796 Te·

1468 2822 1734 2871 rentisnns
1781 2822 1832 2870 in
1877 2823 2010 2872 Eun.
2047 2837 2112 2873 n.
2157 2827 2206 2873 8.
2250 2827 2334 2873 40.
2375 2822 2535 2872 dixis·

1465 2908 1570 2959 set,
1595 2900 1611 2927 ⁸
1638 2899 1814 2962 Illum,
1836 2899 2003 2964 liquet
2023 2899 2145 2948 mihi
2173 2899 2427 2962 dejerare,
2460 2899 2538 2948 bis

1466 2974 1728 3022 mensibus
1763 2989 1855 3023 sex
1900 2982 2105 3037 septem
2149 2988 2386 3037 prorsum
2435 2989 2536 3025 uon

1468 3052 1658 3100 vidisse
1684 3052 1928 3113 proximis
1946 3051 1977 3112 ;'
2004 3052 2259 3110 Donatus,
2275 3052 2328 3099 in
2351 3051 2535 3102 scholi·

1467 3127 1509 3176 is
1529 3127 1655 3184 suis,
1681 3134 1860 3176 notet:
1883 3128 1899 3154 ⁴
1919 3126 2077 3182 Quia,
2099 3141 2194 3175 noa
2206 3126 2403 3188 vidisse,
2422 3127 2537 3177 dix-

1467 3205 1529 3266 it,
1570 3207 1822 3268 proximis,
1867 3204 2151 3268 proeteritis
2188 3204 2540 3268 intelligimus.

1467 3281 1712 3332 Proxima
1741 3282 1875 3330 enim
1918 3281 2080 3338 uobis,
2120 3288 2210 3330 eut
2248 3282 2543 3346 praeterita,

1467 3366 1560 3407 sut
1596 3355 1777 3406 futuru
1815 3365 1970 3405 sunt:
2008 3372 2124 3405 nam
2165 3360 2445 3421 praesentis
2474 3373 2538 3409 ea

1467 3441 1608 3489 suut,
1629 3434 1680 3483 iu
1706 3433 1894 3498 quibus
1919 3447 2056 3482 nuuc
2078 3433 2293 3483 sumus!
2359 3436 2441 3485 De
2456 3449 2539 3485 se·

1468 3516 1687 3574 quente,
1719 3509 1829 3558 sive
1854 3510 2081 3558 instante
2107 3524 2258 3566 nuno,
2291 3511 2402 3574 ipse
2426 3512 2538 3563 Cic.

1470 3599 1567 3648 pro
1589 3585 1705 3634 Mil.
1726 3599 1773 3633 c.
1787 3588 1837 3633 9.
1855 3584 1871 3611 ‘
1897 3584 2110 3634 Clodius
2134 3586 2308 3637 subito
2330 3586 2541 3652 reliquit

1470 3674 1661 3709 annum
1689 3675 1857 3716 suuni,
1882 3675 2045 3725 seque
2071 3662 2121 3710 iu
2148 3676 2335 3713 aunum
2363 3665 2559 3727 proxi--

1469 3752 1608 3786 mum
1646 3736 1947 3788 transtulit!
2015 3736 2288 3788 Pretereo
2321 3740 2421 3788 slis
2451 3753 2538 3788 ex·

1470 3814 1663 3877 empls.
1698 3814 1770 3864 At
1786 3814 2017 3864 hocloco
2033 3814 2049 3841 ‘
2070 3816 2336 3879 proximus
2357 3815 2539 3865 annus'

1468 3904 1571 3938 non
1619 3890 1686 3940 de
1730 3892 1962 3940 instante
1996 3897 2052 3939 et
2095 3889 2296 3950 futuro,
2331 3890 2425 3939 sed
2471 3890 2538 3941 de

1471 3969 1749 4031 preterito
1772 3982 1906 4017 suno
1931 3969 2050 4031 capi
2075 3967 2255 4024 debet,
2274 3982 2390 4017 cum
2413 3981 2540 4016 uou-

1469 4045 1592 4094 dnm
1614 4046 1711 4093 boc
1734 4045 1869 4098 loco.
1893 4045 1982 4091 sed
1999 4043 2205 4094 demum
2226 4058 2274 4092 c.
2291 4055 2538 4093 uxvur.

1469 4123 1538 4172 de
1571 4129 1758 4187 quiarto
1789 4120 1993 4182 Trsjsni
2028 4122 2300 4169 cousnlstu
2338 4127 2540 4184 agatur.

1470 4197 1661 4263 Liquet
1671 4209 1738 4245 ex
1751 4210 1842 4261 seq
1849 4193 2537 4257 uentibusverbis,‘Tandem
