3060 4902
742 388 808 435 c,
855 384 1095 435 ι’ωιιιι
1147 385 1478 439 saeuum
1533 390 1812 439 PANEG.
1884 389 1938 440 1.
1982 377 2089 440 47.

294 527 560 592 poneliar.¹
632 527 789 578 Hane
824 529 986 593 ipsam
1012 544 1192 580 vocem
1222 532 1368 580 Lam·

295 604 465 667 binus,
497 606 722 669 Popma,
745 614 802 655 et
830 606 935 668 alii,
958 607 1114 656 etiam
1150 608 1244 670 ipsi
1284 607 1368 655 Ci-

295 682 475 731 eeroni
502 682 793 738 vindicant,
820 682 883 731 a‘d
907 681 1074 733 Attic.
1101 684 1136 733 Ι.
1166 696 1224 732 x.
1246 698 1291 732 c.
1317 687 1369 733 9.

295 759 312 787 ‘
340 761 458 809 Nec
483 760 788 824 quidquam,
814 760 912 809 nisi
951 760 1015 809 de
1051 760 1368 823 dignatione,

293 836 541 887 laborat.’
607 838 806 887 Eadem
840 839 891 886 in
914 838 1064 887 Livio
1092 838 1369 901 aliquoties

293 913 564 972 occurrit;
600 927 649 961 v.
676 928 726 975 g.
753 926 815 962 11.
841 917 921 962 16.
958 915 1076 962 ’νιι.
1099 917 1182 962 25.
1232 925 1290 961 x.
1318 916 1369 963 7.

290 992 383 1042 Sic
420 993 641 1042 Sueton.
663 993 819 1041 ctiam
851 1000 904 1041 et
934 993 1146 1042 Tacitus
1180 991 1368 1040 identi-

291 1067 414 1118 dem
439 1069 456 1097 ‘
474 1068 875 1131 dignationem,’
912 1084 1004 1134 pro
1036 1066 1366 1133 ‘dignitate‚’

293 1153 639 1207 usurparunt.
663 1145 912 1195 Schmun-z.

371 1223 441 1271 Ut
476 1222 562 1271 sub
600 1227 650 1272 te
686 1223 934 1286 spiritum]
983 1220 1226 1271 Referam
1264 1222 1366 1271 huc

293 1297 385 1348 illa
417 1298 689 1350 juvenalis
724 1299 836 1348 Sat.
872 1313 971 1348 vu.
1009 1299 1025 1325 ⁴
1051 1300 1120 1347 Et
1158 1312 1276 1361 spes
1311 1304 1367 1348 et

296 1377 434 1425 ratio
463 1376 755 1425 studiorum
793 1377 844 1425 in
882 1376 1096 1425 Caesare
1132 1372 1368 1423 tantum.’

297 1453 547 1515 Rursum,
599 1452 814 1502 ‘Nemo
858 1460 1027 1501 tamen
1066 1449 1251 1500 studiis
1291 1450 1364 1498 iu·

295 1527 510 1590 dignum
535 1526 670 1577 ferre
694 1529 925 1577 laborem
950 1529 1201 1590 cogetur,
1227 1533 1366 1586 post-

295 1607 393 1656 hac
417 1606 586 1656 nectit
606 1605 899 1670 quicunque
925 1604 1126 1655 canoris
1156 1604 1369 1667 Eloqui-

297 1697 385 1733 um
411 1683 588 1732 vocale
615 1682 798 1743 modis,
825 1683 1128 1744 laurumque
1151 1693 1369 1729 momor-

297 1759 417 1808 dit!
466 1759 648 1808 Veteri
669 1759 944 1821 interpreti
969 1757 1263 1816 Pithoeano,
1281 1756 1369 1821 qui

297 1838 365 1887 ad
398 1838 666 1887 Neronem
702 1837 965 1900 pertinere
996 1837 1175 1896 voluit,
1197 1837 1369 1884 multis

297 1915 364 1965 de
395 1917 594 1966 caussis
628 1928 729 1964 non
763 1915 1034 1963 assentior.
1101 1913 1227 1976 Ipse
1261 1912 1367 1961 Pli-

298 1992 417 2041 nius
457 1992 628 2054 Epist.
665 2004 755 2042 ιιι.
783 1995 864 2039 18.
900 1998 914 2022 ⁶
941 1989 1073 2039 Mihi
1111 1990 1245 2038 hunc
1280 1989 1367 2038 ho-

299 2081 479 2122 norem
522 2066 757 2116 habiturn
802 2073 999 2129 putem,
1040 2079 1106 2113 an
1151 2064 1369 2114 studiis?

300 2144 498 2194 Studiis
523 2146 675 2202 malo,
695 2157 814 2207 qnae
840 2157 1002 2208 prope
1026 2142 1262 2192 extincta
1289 2154 1369 2190 re·

298 2218 582 2272 foventur?
617 2221 786 2272 Licin.

369 2298 434 2347 Ue
457 2298 544 2347 snb
566 2301 613 2346 ee
633 2295 875 2360 spiritum]
899 2296 1052 2347 Hanc
1075 2295 1283 2345 laudem
1311 2301 1367 2346 et

300 2375 386 2425 alii
413 2375 650 2450 tribuunt
674 2374 914 2436 Trajano.
949 2374 1243 2434 Juvenalis‚
1267 2373 1368 2421 ‘Et

300 2466 419 2515 spes
459 2460 516 2501 et
556 2451 691 2501 ratio
732 2451 1019 2502 studiorum
1058 2451 1108 2499 in
1155 2450 1365 2499 Caesare

298 2527 541 2579 tantum?
594 2529 656 2577 Iu
680 2529 932 2591 Epistolis
969 2536 1164 2584 noster,
1213 2528 1365 2577 ‘Stu-

299 2604 399 2654 diis
443 2619 563 2670 qnae
605 2618 767 2668 prope
808 2605 1076 2653 esstincta
1125 2601 1364 2653 refoven-

301 2680 427 2731 tur.’
496 2680 876 2744 Argumentum
901 2685 954 2729 et
978 2695 1007 2728 a
1030 2680 1150 2728 viris
1176 2678 1368 2737 doctis,

299 2757 493 2821 quibus
520 2771 688 2806 oevum
714 2756 839 2805 illud
877 2757 1097 2806 claruit:
1135 2764 1190 2805 et
1226 2772 1257 2805 a
1281 2757 1369 2805 Bi-

299 2834 565 2883 hliotheca
602 2833 778 2896 Ulpia,
804 2847 955 2897 quam
991 2832 1052 2881 iis
1082 2832 1369 2883 liberaliter

301 2910 524 2972 struxit,
542 2917 698 2974 atque
726 2910 991 2959 instruxit.
1012 2910 1147 2973 Lips.

364 2988 437 3039 Ee
468 2985 705 3050 patriam]
744 2985 876 3035 Nam
915 2987 1272 3042 exulaverant,
1309 2989 1369 3034 nt

299 3064 479 3124 addin
514 3070 572 3112 et
593 3062 807 3112 Sueton.
828 3061 892 3112 de
921 3064 1126 3113 Domit.
1147 3078 1263 3126 cap.
1290 3067 1368 3111 10.

297 3138 678 3201 ‘Philosophus
718 3152 897 3188 omnes
951 3139 1079 3189 urbe
1114 3139 1368 3203 Italiaque

297 3215 601 3268 submovit)
624 3216 775 3265 Idem.

363 3294 597 3343 Priorum
618 3289 935 3355 temporum1¹
949 3291 1232 3355 Sophocles
1255 3288 1368 3354 qni-

302 3369 421 3418 darn
446 3369 668 3417 decreto
692 3367 852 3430 ejecit
887 3381 1061 3415 omnes
1092 3367 1157 3415 ab
1185 3365 1368 3414 Attica

301 3444 657 3509 philosophos,
687 3450 744 3493 et
779 3442 1000 3493 Romani
1044 3442 1096 3492 in
1134 3442 1367 3492 omnibus

303 3521 511 3571 eosdem
557 3520 621 3569 ab
660 3519 785 3569 urbe
818 3521 1089 3583 expulere,
1122 3529 1369 3583 tanquam

297 3596 599 3662 juventutis
634 3595 1011 3660 corruptores.’
1064 3595 1369 3647 Athenaeus.

301 3676 387 3725 Sic
408 3682 424 3707 ⁶
446 3673 740 3724 Antiochus
757 3686 868 3728 rex,
892 3672 1240 3735 cujuscunque
1259 3685 1369 3720 sec·

307 3760 395 3812 te,
411 3765 573 3815 regno
589 3763 680 3798 suo
703 3749 1012 3800 interdixit)
1049 3748 1200 3799 Adde
1223 3750 1369 3799 Suet.

306 3831 355 3880 in
375 3829 490 3879 Tib.
516 3829 643 3879 Ner.
667 3841 788 3891 cap.
812 3831 894 3876 52.
926 3841 1055 3892 quos
1075 3827 1159 3875 hic
1182 3827 1370 3889 tangit.

305 3905 457 3957 Bm.

368 3983 602 4034 Priorum
623 3981 911 4045 temporum]
941 3978 1123 4028 Codex
1140 3979 1246 4028 Ms.
1273 3979 1372 4027 Pa-

306 4059 532 4111 risiensis
557 4056 718 4106 habet
754 4056 914 4105 studia
938 4061 1119 4110 nostro,
1150 4071 1254 4119 quae
1273 4056 1373 4118 pn·-

304 4151 435 4185 ornm
452 4134 748 4189 immanitas,
769 4135 852 4196 ξε.
925 4130 1089 4180 Addit
1121 4129 1251 4180 adeo
1286 4146 1374 4180 vo·

305 4212 491 4261 cabulo
511 4210 679 4259 studia
703 4222 986 4273 pronomen
1006 4212 1203 4264 nostru
1238 4206 1381 4272 quod

307 4288 453 4339 abest
486 4287 555 4341 ab
580 4286 817 4343 omnibus
841 4285 954 4337 aliis
990 4283 1376 4347 exemplaribus

2376 380 2509 445 717

1444 532 1755 596 panegyrici
1793 533 2049 594 Pliniani3
2096 539 2152 584 et
2185 549 2320 585 nunc
2360 543 2506 589 recte

1445 607 1628 656 abesse
1667 616 1914 671 poterat3
1966 619 2151 660 contra
2188 613 2383 663 omittit
2418 630 2507 665 vo·

1445 697 1556 731 cem
1592 689 1869 746 temporum,
1911 687 2053 748 quasi
2090 687 2184 736 suh
2214 703 2342 737 voce
2375 691 2507 752 prio·

1445 774 1574 820 rum,
1629 761 1894 810 subaudiri
1951 762 2145 812 debeat
2197 766 2460 829 principum
2487 783 2508 827 ,·

1445 850 1563 884 cum
1593 843 1764 885 tamen
1793 836 2095 886 vocabulum
2121 844 2377 903 temporum
2399 857 2507 891 orn·

1447 925 1539 960 nes
1570 914 1735 961 ceteri
1776 913 1895 962 libri
1934 922 2234 975 agnoscant.
2304 917 2506 968 Plinius

1447 1002 1590 1043 vero,
1616 1004 1757 1037 more
1782 1004 1890 1045 suo,
1915 990 2080 1038 utitur
2114 992 2378 1042 abstracto
2413 1010 2505 1057 pro

1444 1074 1713 1130 concreto,
1736 1075 1792 1116 et
1827 1068 2059 1117 nominat
2088 1070 2302 1131 prior-um
2336 1076 2507 1133 tempo·

1442 1155 1548 1189 rum
1583 1135 1946 1202 immunitam,
1977 1145 2062 1193 uhi
2099 1146 2320 1208 simplici
2349 1147 2508 1198 orati·

1442 1231 1561 1272 one,
1585 1220 1854 1268 ‘immania
1874 1219 2143 1283 tempora‚'
2158 1223 2268 1271 sive
2294 1224 2309 1251 ‘
2331 1223 2509 1271 imma·

1444 1306 1539 1341 nes
1568 1295 1828 1357 principes
1854 1295 2091 1358 priores:
2114 1296 2291 1346 dicere
2317 1299 2507 1360 potuis-

1443 1375 1540 1417 set.
1610 1370 1690 1418 De
1714 1385 1815 1434 qua
1836 1372 2076 1421 Pliniana
2109 1371 2353 1436 loquendi
2381 1375 2508 1423 rati-

1442 1457 1540 1494 one
1567 1444 1680 1508 jam
1722 1461 1897 1508 supra,
1930 1448 1992 1496 ad
2032 1463 2083 1512 p.
2109 1454 2222 1498 662.
2248 1464 2349 1499 non
2383 1452 2507 1501 nihil

1443 1524 1637 1571 monui.
1662 1523 1904 1573 Schwarz.

1509 1599 1718 1662 Exulis]
1753 1603 1767 1627 ‘
1787 1600 2016 1662 Expedit
2047 1602 2211 1664 vobis,
2244 1603 2505 1654 neminem

1444 1674 1611 1724 videri
1637 1677 1845 1737 bonum,
1869 1678 2014 1742 quasi
2041 1679 2208 1726 aliena
2236 1680 2396 1727 virtus
2416 1694 2507 1727 ex·

1445 1753 1714 1813 probratio
1744 1753 2050 1803 delictorum
2087 1764 2380 1803 vestrorum
2402 1755 2506 1804 sit.'

1444 1831 1628 1881 senec.
1646 1831 1711 1880 de
1731 1833 1838 1882 Vit.
1860 1834 2010 1882 Beat.
2033 1846 2081 1881 c.
2103 1837 2182 1882 19.
2205 1836 2220 1862 ‘
2242 1834 2506 1882 Virtutem

1443 1907 1610 1969 ipsam
1646 1908 1950 1957 exscindere
2005 1910 2222 1971 cupiunt
2263 1907 2508 1974 tyr-anuh*

1441 1984 1613 2034 Tacit.
1630 1984 1816 2035 Annal.
1835 1999 1953 2035 xvi.
1977 1990 2061 2036 90.
2085 1994 2098 2015 ‘
2119 1986 2291 2036 Malus
2316 1986 2510 2035 bonum·

1444 2061 1633 2109 titulum
1674 2076 1787 2111 esse
1829 2063 1956 2117 vult,
1978 2070 2036 2111 ut
2070 2062 2138 2111 sit
2175 2063 2252 2112 sni
2289 2062 2507 2112 similis.'

1445 2138 1723 2187 Plautinus
1746 2153 1923 2187 senex.
1951 2139 2103 2187 Bern.

1510 2214 1712 2276 Exiliis]
1754 2217 1838 2264 De
1878 2214 2175 2264 Domitiano
2210 2215 2425 2263 Sueton.
2460 2229 2508 2266 e.

1442 2296 1524 2342 10.
1562 2295 1577 2319 ‘
1596 2292 1939 2353 philosophos
1968 2305 2145 2340 omnes
2176 2291 2302 2339 urbe
2329 2292 2507 2340 Italia·

1442 2382 1545 2432 que
1584 2366 1911 2426 submovit3'
1965 2375 2191 2429 tuncque
2230 2367 2505 2429 Epictetus

1443 2446 1607 2495 Roma
1644 2444 1921 2506 Neapolim
1960 2441 2110 2498 abiit,
2148 2450 2281 2492 teste
2317 2442 2507 2503 Gellio,

1444 2536 1540 2571 xv.
1568 2525 1646 2571 11.
1683 2519 1981 2584 cujusmodi
2010 2519 2379 2582 persecutionis
2404 2534 2509 2568 me-

1444 2599 1594 2648 minit
1618 2607 1672 2648 et
1696 2599 1807 2662 ipse
1832 2598 1968 2647 Plio.
1992 2597 2160 2660 Epist.
2186 2597 2220 2644 Ι.
2243 2610 2330 2646 ιιι.
2355 2611 2401 2645 c.
2426 2600 2507 2645 11.

1442 2682 1457 2704 ’
1475 2677 1645 2728 Quum
1667 2683 1839 2725 essent
1854 2673 2140 2738 philosophi
2158 2673 2220 2722 ab
2238 2673 2363 2722 urbe
2386 2672 2506 2722 suh-

1444 2751 1594 2812 moti,
1627 2748 1703 2801 fui
1740 2752 1878 2814 apud
1914 2751 2057 2800 illurn
2091 2750 2142 2798 in
2175 2747 2507 2799 suburbano.'

1445 2829 1670 2877 Patarol.

1537 2905 1693 2959 Quum
1728 2904 1821 2953 sibi
1864 2902 2110 2964 vitiorum]
2154 2902 2507 2952 Domitianum

1447 2989 1615 3036 notat.
1652 2981 1736 3043 qui
1765 2981 2094 3043 philosophos
2132 2977 2259 3026 urbe
2293 2977 2512 3037 exegit3

1451 3059 1565 3106 ride
1589 3058 1814 3106 satiram
1838 3056 2070 3116 Sulpitiae
2097 3054 2161 3101 de
2190 3053 2507 3115 temporibus

1448 3134 1750 3183 Domitiani.
1821 3132 1978 3181 Hunc
2016 3128 2151 3179 infra
2178 3143 2226 3177 c.
2260 3132 2342 3177 82.
2375 3134 2389 3156 ‘
2415 3143 2506 3188 op-

1449 3211 1558 3262 timi
1583 3212 1832 3274 cujusque
1859 3209 2189 3272 spoliatorem
2218 3214 2272 3255 et
2306 3203 2512 3254 carnifi-

1447 3286 1597 3335 cem·
1646 3295 1817 3346 vocat,
1854 3285 2013 3348 digno
2059 3292 2115 3333 et
2158 3298 2282 3332 vero
2322 3283 2513 3344 elogio.

1446 3361 1684 3410 Riuersh.

1513 3435 1685 3500 Artes]
1714 3437 1853 3484 Vera
1878 3432 2217 3497 philosophia,
2254 3432 2390 3480 vitiis
2425 3446 2509 3481 ca·

1447 3527 1584 3571 rere,
1632 3512 1905 3561 virtutibus
1944 3511 2192 3569 eminere,
2235 3508 2509 3559 veritatem

1443 3588 1723 3654 inquirere.
1748 3590 1900 3638 Bern.

1517 3668 1672 3722 Quom
1705 3664 1992 3728 reverentia]
2030 3662 2101 3712 Ut
2127 3661 2336 3712 Tacitus
2361 3663 2412 3711 in
2439 3660 2511 3709 A·

1448 3744 1579 3806 grie.
1603 3756 1649 3792 c.
1668 3748 1749 3792 20.
1772 3746 1822 3789 in
1847 3743 2028 3790 eodem
2052 3739 2332 3788 Domitiani
2351 3737 2512 3801 facto,

1448 3830 1462 3851 ⁸
1482 3821 1670 3886 nequid
1697 3834 1908 3883 usquam
1933 3816 2129 3867 honesti
2149 3816 2312 3865 oculis
2331 3828 2513 3862 occur·

1453 3896 1633 3948 reret.'
1705 3898 1769 3945 Et
1794 3897 1878 3958 qui
1903 3893 2027 3942 illud
2064 3907 2163 3940 non
2204 3899 2395 3945 amant,
2420 3897 2513 3938 aut

1451 3990 1556 4026 non
1603 3973 1831 4032 habent3
1879 3971 2134 4035 quomodo
2179 3970 2269 4017 has
2316 3973 2512 4022 ament,

1453 4050 1606 4100 famae
1640 4059 1733 4099 aut
1767 4047 1995 4098 infamia
2037 4045 2273 4111 publicas
2318 4044 2514 4093 tubas?

1453 4129 1586 4191 Lips.

1533 4201 1843 4264 Reverentia]
1885 4201 1975 4250 Sic
2010 4206 2023 4230 ‘
2046 4196 2333 4248 Commidia
2369 4197 2513 4247 Qua-

1453 4280 1716 4330 dratillum
1730 4278 1793 4327 ad
1810 4277 1978 4328 studia
1996 4273 2259 4324 admonuit
2278 4291 2294 4339 ς
2315 4273 2363 4323 id
2382 4273 2516 4339 quod
