3060 4902
545 281 720 349 1012

549 444 654 489 tem
681 438 942 498 deserentia
961 437 1160 487 Plinius
1185 446 1359 497 vocat,
1383 454 1499 503 qnae
1522 453 1613 488 na·

542 513 637 564 'ves
661 512 815 563 facile
839 513 1113 575 deserunt3
1136 523 1190 563 et
1208 516 1320 565 haic
1344 530 1614 579 opponun-

549 594 632 638 tur
678 587 975 638 fluminibus
1023 591 1037 616 ‘
1063 606 1248 653 campo
1291 590 1617 655 superfusis,’

546 680 663 730 quae
702 679 861 714 naves
900 681 1003 715 non
1049 665 1205 715 facile
1248 666 1444 717 ferunt.
1523 669 1613 718 Sic

545 740 749 790 Plinius
784 755 962 804 supra,
1004 754 1168 791 xxxi.
1204 746 1253 791 4.
1289 743 1423 793 dixit
1458 748 1614 792 ‘ven-

544 823 627 866 tos
646 815 919 878 ferentes,'
954 819 987 868 i.
1013 833 1061 865 e.
1084 816 1335 867 fecundos
1359 827 1411 867 et
1430 817 1611 867 faven-

545 900 625 946 tes
671 901 868 953 ventos,
916 911 1031 959 qnae
1079 897 1243 960 plenis
1284 897 1412 945 velis
1450 912 1611 947 naves

543 969 810 1021 deferunt.
879 973 1071 1035 virgil.
1102 973 1217 1023 ΖΕΒ.
1245 986 1299 1022 x.
1322 975 1438 1021 688.
1471 972 1487 1000 ‘
1509 974 1609 1022 La·

544 1047 689 1097 bitur
720 1049 827 1097 alta
860 1064 1063 1110 secans,
1086 1048 1352 1112 fluctuque
1376 1056 1609 1115 aestuque

542 1125 772 1174 secundo
792 1160 805 1174 .
825 1158 839 1171 .
860 1156 874 1171 .
894 1158 907 1172 .
936 1127 1107 1174 Dauni
1148 1126 1381 1175 defertur
1422 1127 1485 1175 ad
1526 1142 1609 1176 ur·

541 1200 699 1251 bem.’
765 1201 966 1250 Plinius
1002 1201 1199 1264 Major,
1235 1216 1323 1250 111.
1355 1209 1403 1251 5.
1435 1209 1449 1230 ⁸
1472 1204 1609 1252 Rho-

541 1276 706 1325 danus
745 1279 907 1327 amnis
945 1292 1011 1326 ex
1050 1277 1271 1341 Alpibus
1305 1294 1361 1328 se
1408 1280 1608 1343 rapiens

539 1367 636 1415 per
662 1353 946 1402 Lemanum
970 1355 1158 1410 lacum,
1179 1368 1492 1419 segnemque
1518 1356 1607 1403 de·

540 1426 715 1477 ferens
741 1429 980 1479 Ararim!
1048 1431 1200 1479 Hanc
1225 1431 1484 1493 vulgatam
1502 1431 1607 1479 lec-

539 1504 735 1554 tionem
776 1506 1088 1557 confirmant
1126 1508 1327 1569 plurimi
1365 1508 1482 1556 libri
1512 1508 1603 1557 im·

538 1585 725 1645 pressi,
749 1591 804 1632 et
826 1598 1004 1632 omnes
1027 1584 1232 1634 codices
1257 1586 1385 1635 Mss.
1411 1594 1607 1647 praeter

535 1658 1005 1722 Salisbnrgcnsem,
1061 1660 1396 1724 Patavinurn,
1437 1669 1490 1711 et
1545 1663 1601 1711 li-

536 1734 685 1784 brum
702 1735 1094 1796 Vossiannm‚in
1116 1736 1303 1800 quibus
1326 1752 1418 1798 per
1432 1738 1604 1800 sphal-

534 1824 637 1866 ma,
663 1818 718 1858 ut
745 1820 890 1873 puto,
917 1813 1162 1873 scriptum
1199 1819 1281 1859 est
1303 1813 1602 1876 differentia.

537 1885 653 1934 Nec
681 1886 902 1948 probare
923 1899 1128 1947 possum
1152 1886 1437 1945 deserentia,
1459 1888 1602 1950 qnod

537 1961 751 2009 edidere
772 1962 1069 2022 Catanaeus,
1106 1961 1328 2022 Elzevir,
1363 1963 1599 2013 Boxlior·

535 2039 671 2094 nius,
698 2038 926 2086 Hearne.
993 2036 1255 2100 Opinatus
1271 2047 1352 2086 est
1376 2038 1599 2102 Lipsius,

534 2114 687 2162 etiam
710 2114 1004 2173 desei-ventio
1032 2129 1181 2177 posse
1212 2115 1312 2179 legi
1335 2132 1352 2176 ς
1387 2117 1469 2164 cui
1496 2116 1599 2166 lec·

537 2191 669 2240 tioni
693 2206 816 2241 vero
840 2206 936 2241 nec
961 2191 1127 2240 codex
1151 2192 1356 2256 quidam
1385 2193 1486 2243 Ms.
1509 2208 1598 2242 ne·

533 2282 635 2331 qne
652 2269 782 2317 alius
800 2276 1177 2319 commentator
1191 2268 1353 2319 favet.
1377 2269 1598 2318 Schwar-

529 2360 648 2395 zius.

595 2420 906 2483 Deserenlia]
965 2421 1143 2471 Prono
1198 2430 1253 2473 et
1299 2437 1391 2472 suo
1441 2438 1595 2474 cursu

531 2498 726 2545 euntia.
817 2496 1041 2548 Quidam
1100 2498 1240 2559 libri,
1293 2501 1598 2558 deserentia‚·

527 2572 667 2635 quod
706 2580 845 2620 esset
884 2573 937 2620 in
973 2587 1029 2621 se
1065 2573 1353 2630 redeuntia,
1393 2577 1595 2626 omissis

529 2647 747 2711 campis.
815 2648 990 2698 Possit
1035 2658 1092 2699 et
1133 2651 1427 2710 dffeiventia
1472 2654 1593 2717 legi.

528 2723 669 2784 Lips.
1240 2744 1243 2747 “

593 2798 890 2861 Illngnopere
910 2799 1164 2864 duritiam]
1198 2803 1305 2852 Pro
1338 2820 1592 2868 niagnope·

525 2888 603 2937 re,
623 2874 798 2923 divisis
824 2877 1048 2933 vocibus,
1075 2893 1245 2940 magno
1272 2896 1425 2943 opere,
1450 2898 1592 2932 more

526 2964 620 2999 suo
645 2951 813 3001 edidit
837 2953 1002 3003 Aldus
1027 2956 1314 3012 Manutius,
1340 2973 1489 3021 quem
1511 2976 1591 3009 se·

526 3028 636 3076 cuti
687 3034 807 3076 sunt
844 3028 1008 3078 Junta
1062 3037 1116 3079 et
1161 3032 1379 3086 Navius,
1436 3043 1590 3098 atque

525 3116 666 3152 nuuc
691 3102 1026 3153 Arntzenius.
1063 3106 1378 3171 Neutiquam
1406 3110 1590 3172 impro-

526 3178 594 3226 bo
630 3181 764 3227 lianc
797 3182 1127 3242 scripturam,
1160 3184 1306 3247 cujus
1331 3186 1457 3235 satis
1483 3202 1589 3235 ma·

523 3252 721 3302 nifesta
747 3263 1066 3304 annotantur
1090 3259 1429 3321 documenta3
1468 3276 1514 3310 v.
1539 3278 1588 3323 g.

523 3329 662 3391 apud
688 3331 1017 3394 Terentium,
1044 3332 1276 3383 Ennucb.
1302 3348 1389 3383 ιη.
1423 3342 1471 3386 3.
1505 3343 1588 3387 26.

516 3404 707 3452 ‘Thais
745 3407 969 3455 maximo
1008 3415 1060 3456 te
1101 3410 1284 3458 orabat
1317 3425 1491 3473 opere,
1527 3422 1586 3462 ut

520 3493 637 3527 cras
680 3482 914 3531 redires.'
995 3483 1058 3533 In
1094 3484 1303 3536 Phorm.
1335 3502 1383 3535 v.
1418 3492 1465 3536 1.
1501 3493 1582 3540 33.

519 3560 534 3582 ⁶
558 3555 710 3605 Quod
736 3571 827 3605 nos
854 3559 1003 3608 ambo
1037 3576 1197 3623 opere
1231 3578 1471 3613 maxumo
1493 3564 1583 3614 da-

519 3630 703 3680 bamus
725 3648 960 3697 operam,
985 3643 1042 3684 nt
1065 3636 1251 3685 fieret-¹
1291 3638 1444 3701 Apud
1472 3641 1585 3690 Cic.

518 3711 663 3763 Fam.
686 3726 811 3762 xm.
833 3718 914 3762 3⁴.
946 3721 960 3743 ‘
985 3716 1282 3778 Magnoque
1308 3732 1467 3778 opere
1491 3720 1583 3769 abs

519 3795 573 3838 te
601 3790 758 3854 peto.'
824 3790 1016 3856 Neque
1055 3799 1225 3842 tamen
1254 3808 1463 3844 necesse
1489 3812 1581 3860 pn-

520 3873 589 3920 to.
615 3874 670 3915 ut
693 3866 911 3916 eandem
939 3878 1125 3916 contra
1143 3883 1452 3919 consensum
1474 3888 1583 3921 om-

517 3942 657 3990 nium
695 3940 806 3991 sere
842 3943 1087 3993 librorum
1123 3944 1314 4009 ubique
1356 3947 1581 3997 inculce-

515 4034 643 4069 mus.
712 4020 793 4071 cf.
816 4031 922 4070 not.
946 4023 1009 4070 ad
1035 4036 1190 4072 κων.
1216 4028 1261 4072 1.
1314 4024 1402 4073 Sic
1424 4029 1579 4077 etiam

517 4103 735 4159 utroque
757 4097 907 4146 modo
928 4109 1074 4148 recte
1098 4099 1310 4163 dicitur,
1329 4102 1579 4163 duritiam,

513 4176 569 4219 et
588 4171 839 4223 duritiem.
879 4174 995 4226 Hoc
1020 4183 1194 4227 tamen
1220 4177 1334 4229 loco
1355 4180 1578 4242 priorem

1238 299 1459 348 NOTA-3
1507 298 1602 347 VA
1618 297 1916 349 monus!
1971 300 2054 350 ΙΝ

1689 440 2000 503 scripturam
2025 439 2204 505 recepi
2227 441 2508 506 3qnoniam
2533 445 2765 495 eandem

1691 516 1915 578 probant
1957 517 2166 566 codices
2206 517 2338 568 Mss.
2371 519 2550 570 Vatic.
2602 521 2760 570 Pari-

1686 592 1896 648 siensis,
1924 599 2142 657 uterque
2168 593 2422 658 Venetus,
2448 597 2760 653 Patavinae,

1686 668 1821 717 liber
1841 669 2143 732 Vossianus,
2166 678 2222 718 et
2253 673 2306 720 in
2329 674 2536 721 excusis
2557 674 2759 724 Puteo·

1687 745 1854 807 lanus,
1871 744 2057 802 Aldus,
2074 746 2437 812 Cuspinianus,
2454 750 2759 807 Rhenanus,

1686 819 2038 883 Philemenus,
2088 821 2401 886 Cratander,
2453 825 2585 874 Rob.
2637 827 2757 875 Ste-

1686 895 1908 959 phanus,
1953 897 2547 962 Livineius‚Gruterns,
2587 903 2676 952 De
2707 903 2758 951 la

1684 972 1885 1034 Baunc,
1909 970 2247 1022 Arntzenius.
2280 974 2525 1024 Schmun.

1750 1047 1957 1097 Animus
1987 1048 2253 1112 imperitet]
2285 1051 2501 1101 Plurimi
2543 1052 2757 1102 codices

1684 1124 1813 1172 Mss.
1847 1138 1945 1174 nec
1966 1126 2116 1189 pauci
2137 1126 2254 1176 libri
2281 1128 2535 1191 impressi,
2560 1129 2755 1179 confir·

1683 1209 1825 1248 mant
1849 1200 1983 1251 banc
2008 1202 2324 1268 lectionem.¹
2346 1205 2554 1255 Vitiose
2575 1217 2750 1257 antem

1682 1276 1939 1339 imperaret
1960 1278 2178 1328 edidere
2198 1278 2498 1339 Ascensiun,
2519 1284 2753 1346 Elzevir,

1683 1354 2031 1418 Boxbornins‚
2077 1357 2352 1420 Cellarins,
2403 1367 2460 1408 et
2517 1360 2754 1410 Hearne.

1680 1428 1884 1480 Plinius
1912 1433 2176 1496 respicere
2201 1433 2407 1484 videtur
2429 1438 2749 1487 sententiam

1676 1504 1908 1555 Sallustii
1951 1508 2112 1559 Catil.
2147 1524 2266 1572 cap.
2305 1515 2352 1560 1.
2400 1511 2636 1562 ‘Nostra
2672 1515 2749 1563 vis

1678 1581 1843 1630 omnis
1865 1581 1919 1631 in
1939 1585 2112 1632 animo
2134 1593 2191 1634 et
2212 1600 2437 1650 corpore
2458 1588 2564 1636 sita
2583 1605 2600 1637 a
2637 1591 2749 1638 ani·

1675 1655 1746 1704 mi
1779 1656 2019 1721 imperio,
2052 1662 2286 1723 corporis
2315 1664 2550 1720 servitio,
2585 1668 2748 1730 magis

1678 1732 1904 1782 utimur.'
1968 1735 2117 1785 Idem
2140 1737 2389 1800 Jugnrtli.
2408 1754 2529 1802 cap.
2549 1745 2601 1789 6.
2631 1757 2744 1791 ver·

1679 1807 1746 1859 bo
1779 1817 1793 1838 ‘
1819 1811 2118 1874 imperitare
2140 1813 2156 1834 ’
2203 1817 2387 1865 utitur.
2442 1816 2460 1843 ⁸
2485 1818 2744 1869 Naturam

1674 1885 1840 1948 ipsam
1860 1890 2052 1937 ceteris
2074 1889 2462 1954 imperitantem
2484 1894 2748 1945 industria

1678 1961 1910 2012 vicerat-⁸
1974 1965 2094 2016 Jam
2124 1967 2296 2017 Plaut.
2318 1969 2473 2033 Capt.
2500 1984 2567 2020 ιι.
2590 1976 2635 2020 1.
2657 1976 2741 2021 47.

1676 2040 1690 2066 ‘
1712 2039 1864 2090 Quod
1881 2042 2102 2091 antebac
2119 2058 2214 2107 pro
2227 2045 2350 2106 jure
2372 2045 2738 2110 imperitabam

1673 2127 1810 2175 meo,
1849 2130 1985 2166 nunc
2022 2126 2075 2167 te
2103 2134 2194 2168 oro
2223 2136 2317 2183 per
2342 2121 2588 2184 precem!
2655 2125 2742 2174 Iai-

1673 2190 1782 2237 vius
1802 2190 2087 2244 identidem
2112 2195 2210 2244 boc
2237 2197 2395 2247 verbo
2420 2213 2477 2248 se
2503 2200 2742 2251 oblecta·

1675 2265 1781 2314 vit:
1819 2279 1907 2317 111.
1943 2272 2026 2318 ³9.
2075 2270 2540 2324 ‘vicissitudinem
2579 2277 2744 2341 impe-

1674 2341 1863 2390 ritandi
1887 2344 2244 2396 sustulerunt?
2300 2347 2438 2397 Item
2457 2358 2515 2399 et
2538 2350 2743 2401 Plinius

1672 2418 1866 2482 Major,
1914 2434 1994 2471 vt.
2035 2426 2119 2472 23.
2152 2422 2389 2474 ‘Pandae
2430 2427 2742 2492 imperitant

1674 2508 1793 2544 ccc.
1830 2497 2042 2561 opidis.'
2098 2513 2178 2549 vt.
2208 2505 2290 2550 ³5.
2323 2503 2625 2569 ‘AEtbiopia
2664 2509 2742 2556 vi-

1671 2575 1840 2625 cissim
1865 2577 2213 2641 imperitando
2233 2582 2617 2649 serviendoque
2631 2587 2737 2636 cla-

1671 2666 1726 2700 ra
1763 2659 1819 2700 et
1859 2662 2072 2716 potens:
2096 2684 2137 2702 ..
2157 2688 2172 2703 .
2195 2664 2250 2706 et
2271 2658 2499 2721 Scythia
2527 2661 2740 2726 imperi·

1670 2736 1805 2777 tasse
1825 2744 1960 2793 earn,
1976 2738 2257 2798 nostroque
2275 2734 2433 2799 litori,
2457 2745 2612 2801 patet
2626 2738 2739 2789 An·

1668 2803 1960 2856 dromacbae
1990 2806 2218 2858 sabulis!
2252 2811 2402 2861 Iden.

1735 2881 1966 2931 Fortunoe
2006 2885 2307 2947 indulgentia
2342 2890 2554 2955 molliat]
2606 2890 2736 2940 Om-

1668 2971 1779 3013 nes,
1804 2973 1929 3020 quos
1951 2963 2137 3020 evolvi,
2160 2962 2275 3013 libri
2297 2966 2537 3030 impressi
2552 2968 2735 3020 edide-

1670 3048 1723 3080 re
1749 3034 2008 3099 hucusque
2040 3037 2091 3085 in
2123 3052 2337 3090 numero
2361 3042 2733 3102 multitudinis,

1669 3110 1897 3159 Fortuna·
1919 3112 2236 3174 indulgentia
2259 3117 2491 3167 molliant.
2526 3120 2603 3170 At
2626 3123 2734 3173 sin·

1666 3187 1897 3250 gularem
1913 3190 2268 3251 reponendum
2286 3193 2429 3255 duxi,
2452 3196 2576 3259 quia
2593 3198 2733 3249 bunc

1663 3265 1837 3314 inveni
1871 3266 1923 3314 in
1960 3268 2231 3320 codicibus
2258 3271 2388 3321 Mss-
2423 3274 2730 3340 parisiensi,

1665 3340 1871 3389 Veneto
1910 3346 1956 3391 1.
1995 3350 2050 3391 et
2092 3358 2224 3395 tneo.
2291 3345 2374 3395 Ad
2407 3362 2537 3411 quos
2568 3352 2729 3401 etiam

1664 3416 1832 3467 resero
1875 3419 2084 3469 codices
2119 3422 2423 3481 vaticanos,
2458 3432 2514 3474 et
2557 3427 2731 3478 Vene-

1662 3500 1768 3542 tum
1785 3499 1832 3543 2.
1851 3496 1957 3558 qui,
1976 3496 2073 3544 etsi
2099 3497 2362 3548 invertant
2384 3515 2536 3550 casus
2565 3506 2733 3554 nomi·

1660 3582 1799 3632 num,
1835 3570 2050 3620 verbum
2090 3579 2264 3622 tamen
2296 3575 2556 3639 singulare
2584 3588 2729 3628 recte

1658 3647 1974 3709 exprimunt,
2007 3648 2227 3699 Fortuna
2262 3651 2578 3715 indulgentie
2614 3658 2730 3704 asol-

1657 3723 1763 3772 liat.
1826 3723 2017 3774 Altera
2055 3727 2188 3775 ratio
2211 3735 2314 3790 est,
2337 3744 2428 3778 cur
2454 3746 2485 3779 a
2509 3734 2726 3795 vulgata

1657 3797 1880 3847 lectione
1926 3802 2228 3850 recesserim
2251 3819 2268 3863 ς
2303 3805 2441 3867 qnia,
2485 3810 2720 3869 quamvis

1659 3874 1855 3923 Plinius
1900 3877 2110 3926 nomine
2164 3879 2479 3942 indulgentia
2534 3884 2719 3945 sepius

1658 3958 1855 4013 utatur,
1877 3960 1929 4000 et
1956 3954 2007 4001 in
2035 3953 2386 4018 Panegyrico,
2425 3968 2482 4007 et
2510 3959 2562 4007 in
2597 3960 2720 4022 Epi·

1655 4027 1835 4088 stolis;
1867 4042 2126 4092 nunqnam
2153 4039 2329 4080 tamen
2356 4034 2481 4082 alibi
2506 4048 2719 4085 numero

1653 4104 1996 4153 multitudinis
2021 4120 2136 4155 usus
2162 4107 2606 4172 deprehenditur;
2630 4126 2720 4160 ne·

1652 4193 1752 4246 quc
1776 4181 1918 4241 mibi,
1943 4196 2007 4232 cx
2037 4184 2143 4236 ullo
2167 4185 2269 4235 alio
2296 4196 2510 4238 auctore
2545 4202 2717 4240 antea
