3060 4902
518 329 652 395 814

522 491 604 555 as]
642 489 726 540 Ita
757 487 961 539 Plinius
999 503 1158 553 snpra
1196 501 1276 538 ix.
1313 492 1364 538 2.
1400 487 1583 552 Traja-

522 581 643 616 num
667 566 817 627 dixit,
842 573 856 595 ⁸
881 565 1125 629 patricio,
1148 571 1205 613 et
1231 563 1508 624 consulari,
1530 570 1588 613 et

526 642 822 706 triumphali
853 648 1004 704 patre
1035 639 1304 702 genitum!
1373 641 1441 688 Et
1468 654 1587 690 ενι.

525 726 571 770 1.
598 718 691 781 eit,
725 719 741 745 ‘
762 718 899 770 Quis
928 723 1105 781 patert
1131 716 1202 765 ibi
1226 715 1589 778 triumphalis.'

520 794 623 845 Sed
658 808 830 858 neque
862 807 928 842 ex
962 792 1125 853 fastis,
1146 807 1311 856 neque
1339 807 1404 840 ex
1429 792 1588 842 histo·

521 870 631 930 riis,
643 869 826 933 liquet,
841 868 1049 933 quando
1065 868 1282 932 Trajani
1304 874 1457 931 pater
1467 882 1589 917 con·

523 946 748 995 sulatum
782 945 1020 1008 gesserit,
1050 945 1200 1009 (quia
1234 951 1248 973 ⁸
1274 943 1590 1008 perobscura

524 1037 608 1073 res
642 1023 693 1071 in
731 1020 1029 1072 consulibus
1055 1028 1201 1071 tanto
1234 1034 1447 1070 numero
1480 1018 1588 1069 suf·

520 1098 676 1149 fectis
694 1097 750 1160 ;')
780 1099 867 1148 vel
899 1097 1105 1162 quando
1135 1097 1384 1146 meruerit
1410 1096 1591 1147 trium·

525 1175 700 1237 pinum,
724 1181 815 1224 sut
853 1175 1040 1223 saltem
1075 1181 1380 1223 ornamenta
1412 1174 1592 1222 trium·

525 1251 728 1313 phalia3
764 1250 996 1314 quamvis
1023 1256 1141 1313 post
1167 1256 1383 1298 mortem
1421 1263 1450 1297 a
1483 1247 1592 1297 filio

524 1328 838 1392 imperatore
880 1334 1054 1376 statua
1095 1326 1392 1390 triumphali
1432 1325 1593 1375 fuerit

523 1404 823 1453 honoratus.
903 1405 1025 1453 Non
1067 1404 1190 1453 nulli
1232 1402 1464 1452 referunt
1500 1404 1590 1452 tri-

524 1480 769 1543 umphum
791 1479 855 1528 ad
881 1480 1179 1529 Parthicam
1206 1480 1424 1535 laurum,
1447 1478 1591 1541 cujus

525 1558 720 1606 mentio
756 1556 814 1605 fit
851 1569 972 1606 xiv.
1011 1560 1057 1603 1.
1096 1570 1212 1620 quae
1256 1555 1392 1603 bella
1425 1554 1591 1602 ductu

525 1631 833 1680 Corbulonis
866 1639 1012 1694 gesta
1044 1631 1096 1679 in
1129 1638 1336 1693 tempus
1362 1629 1592 1679 Neronis

523 1707 769 1757 incidisse
816 1708 1185 1771 perhibentur:
1228 1707 1313 1755 alii
1355 1704 1593 1756 referunt

525 1784 588 1832 ed
616 1785 750 1834 bella
770 1784 1010 1845 Judaica,
1033 1785 1082 1832 in
1103 1784 1289 1847 quibus
1310 1783 1591 1846 Trajanum

521 1859 742 1923 legionis
775 1859 990 1909 decimae
1018 1862 1245 1922 legatum
1269 1858 1444 1914 fuisse,
1472 1873 1590 1907 nar·

526 1946 606 1985 rat
628 1937 845 2000 joseph.
872 1937 1006 1985 Bell.
1025 1936 1151 1987 Jud.
1173 1950 1254 1985 nr.
1279 1940 1326 1986 7.
1350 1942 1402 1985 et
1423 1940 1473 1985 9.
1498 1950 1590 1984 nos

524 2013 846 2075 ampliamus.
884 2013 1124 2061 schwarz-

588 2088 874 2153 Adscendit]
914 2088 958 2138 1.
987 2103 1034 2136 e.
1067 2104 1134 2137 an
1168 2094 1390 2149 augetur
1424 2086 1591 2149 digni·

525 2170 656 2219 tate,
694 2172 749 2213 et
787 2163 848 2213 fit
884 2163 1082 2227 major?
1149 2164 1294 2212 Bene
1339 2177 1396 2212 se
1438 2163 1591 2212 habet

525 2241 740 2301 vulgata
784 2241 977 2300 lectio;
1033 2240 1264 2304 quumvis
1313 2239 1362 2288 in
1412 2240 1593 2290 codice

524 2314 807 2365 Parisiensi
865 2315 1070 2379 legatur
1113 2317 1403 2366 adscendent?
1487 2315 1591 2365 Sed

525 2400 669 2455 tunc,
703 2408 795 2456 pro
830 2393 1174 2444 antecedente
1213 2395 1465 2459 particula
1494 2396 1593 2459 An,

525 2470 916 2519 rescribendum
951 2482 1091 2521 esset
1122 2474 1313 2527 Annon,
1338 2473 1420 2520 vel
1452 2472 1595 2520 Non?

523 2547 667 2609 quasi
725 2546 1006 2602 diceretur,
1068 2547 1252 2595 Annon
1310 2554 1594 2605 mereatur,

524 2622 811 2687 dignusque
831 2624 915 2677 sit,
942 2630 999 2672 ut
1026 2624 1347 2672 adscendet?
1416 2624 1502 2673 Ita
1537 2631 1593 2675 et

524 2698 576 2745 in
612 2698 948 2760 sequentibus
975 2698 1165 2760 verbis,
1193 2714 1286 2761 pro
1322 2714 1448 2748 voce
1483 2715 1570 2762 pro

522 2775 758 2836 meritum,
793 2774 1001 2824 codices
1043 2775 1173 2824 Mss.
1206 2777 1417 2831 Veneti.
1455 2778 1593 2826 Livi·

524 2851 644 2907 neii,
670 2852 801 2901 liber
826 2852 1121 2908 Vossianus,
1150 2852 1271 2902 item
1296 2855 1458 2903 editio
1490 2856 1591 2905 Pu·

524 2926 738 2989 teolani,
767 2935 821 2977 et
857 2928 1182 2991 Cuspiniaui,
1214 2930 1469 2979 inutiliter
1503 2946 1593 2979 ex·

522 3003 703 3052 hibent
732 3005 1076 3067 pra-meritum.
1141 3007 1337 3055 Tritum
1364 3021 1488 3055 vero
1511 3014 1595 3056 est

517 3082 843 3143 promeritum,
868 3097 985 3131 cum
1022 3083 1266 3145 activam,
1289 3091 1398 3131 tum
1435 3084 1593 3147 passi-

525 3172 637 3205 vam
663 3158 1111 3222 significationem,
1141 3175 1234 3223 pro
1259 3174 1313 3209 re
1340 3167 1477 3215 nata,
1510 3162 1596 3209 lia-

523 3232 647 3281 bere
670 3249 841 3294 posse.
883 3234 1029 3283 Idem.

590 3309 940 3374 Promers'tum]
976 3311 1313 3361 Proemerituns
1338 3313 1474 3363 V.C.
1511 3313 1591 3363 Li·

521 3399 621 3433 esus.

591 3461 812 3522 Contigit
834 3476 950 3521 ergo
972 3461 1201 3523 privatis]
1237 3463 1299 3511 C.
1321 3462 1469 3512 Sosio
1501 3464 1591 3513 Se·

521 3536 752 3599 necioni,
775 3544 829 3585 et
857 3536 919 3585 A.
942 3537 1184 3585 Cornelio
1214 3539 1426 3587 Palmae.
1475 3540 1556 3589 111.

589 3610 832 3672 Primus]
870 3611 930 3659 C.
955 3611 1122 3667 Sosio,
1152 3620 1207 3660 et
1241 3612 1306 3661 Α.
1331 3615 1594 3664 Cornelio.

522 3686 660 3750 Χαῖρε.

587 3758 836 3823 Primis]
870 3759 1013 3817 Quos
1036 3760 1100 3808 ad
1128 3764 1448 3813 consulatum
1471 3781 1591 3829 pro.

522 3837 747 3897 vexisti3
793 3850 909 3886 cnm
951 3845 1106 3886 antea
1144 3839 1236 3887 soli
1279 3838 1391 3890 sere
1431 3842 1593 3906 impe.

522 3922 720 3965 ratores
765 3929 923 3963 annuos
978 3915 1301 3972 inchoarent,
1348 3928 1593 3976 assumto,

521 3991 675 4041 immo
701 3991 816 4040 aliis
839 3998 1008 4053 rapto,
1030 3992 1319 4041 consulatu.
1353 3995 1574 4044 Pater-ol.

585 4068 791 4132 Aper-ire
806 4067 1006 4131 anuum]
1032 4068 1209 4119 Primo
1227 4070 1347 4119 anni
1366 4071 1448 4122 die
1468 4086 1592 4121 con·

521 4147 660 4195 suies
693 4146 1051 4209 magistratum
1085 4145 1316 4208 inibant3
1351 4148 1470 4198 ideo
1504 4162 1595 4198 an·

520 4236 642 4272 num
676 4228 690 4250 ⁸
714 4223 956 4273 inchoare
974 4221 988 4244 ’
1018 4219 1348 4280 dicebantur,
1369 4224 1479 4276 sive
1498 4223 1515 4251 ‘
1538 4238 1592 4272 a·

1225 344 1440 393 No‘rAE
1488 344 1895 393 vAmoRUM
1948 344 2027 392 ΙΝ

1663 487 1870 552 perire!
1930 488 2019 538 Sic
2044 494 2094 536 et
2116 488 2132 514 ‘
2157 501 2389 538 reserare
2413 482 2609 550 fastos,’
2631 489 2732 539 boe

1663 573 1762 623 est,
1786 563 2088 626 pontificum
2114 563 2293 619 libros,
2313 564 2364 614 in
2387 565 2574 630 quibus
2607 574 2730 615 acta

1664 653 1831 688 annua
1853 639 1950 689 sub
1974 639 2267 689 consulibus
2286 641 2443 690 scribi
2470 640 2728 692 solebant.

1665 715 1867 764 Statius
1909 714 2032 765 Silv.
2072 728 2152 764 xv.
2190 718 2240 765 1.
2279 714 2346 765 de
2385 715 2726 767 Domitiano:

1663 793 1679 819 ‘
1703 793 1848 841 Laeta
1891 792 1968 841 bis
2009 792 2212 843 octonis
2247 793 2453 843 accedit
2496 808 2729 858 purpura

1663 866 1814 918 fastis
1862 869 2107 929 Caesaris,
2152 867 2511 934 insignemque
2556 869 2732 932 aperit

1665 943 2006 993 Germanicus
2027 943 2258 993 annum.’
2320 945 2467 995 Tunc
2489 959 2614 994 vero
2640 960 2732 995 no-

1665 1019 1743 1069 vis
1777 1021 1943 1070 Fastis
1967 1035 2067 1069 nen
2090 1019 2449 1084 suffectorum,
2470 1021 2565 1073 sed
2589 1022 2732 1072 ordi·

1664 1097 1925 1147 uariorum
1960 1099 2226 1147 consulum
2258 1099 2462 1149 nomina
2486 1100 2728 1162 prescri-

1665 1172 1944 1235 bebantnr,
1987 1181 2044 1225 et
2087 1173 2153 1223 ab
2198 1174 2276 1223 bis
2324 1174 2733 1225 numerabantur

1664 1249 1809 1309 anni;
1845 1263 2150 1314 quamquam
2172 1250 2223 1299 in
2243 1249 2549 1315 quibusdan
2566 1252 2732 1302 noni·

1665 1326 1853 1373 mentis
1874 1325 2096 1388 antiquis
2129 1325 2401 1390 aliqnando
2419 1326 2582 1376 etiarn
2610 1342 2734 1378 con-

1662 1403 1827 1450 sulum
1858 1400 2193 1453 suffectorum
2227 1405 2454 1467 nomine,
2479 1405 2735 1468 temporis

1665 1476 1972 1540 designandi
1996 1493 2197 1541 caussa,
2216 1480 2322 1529 sint
2344 1488 2546 1530 notata.
2580 1481 2734 1532 Ide--

1729 1553 1933 1616 Aperite
1965 1554 2165 1617 annuus]
2203 1555 2323 1605 Hoc
2362 1555 2577 1612 dicitur,
2611 1557 2735 1620 qnia

1666 1642 1801 1679 novo
1857 1644 1991 1679 anno
2036 1632 2119 1680 isti
2164 1632 2381 1686 inibant,
2421 1638 2479 1681 et
2521 1632 2737 1682 nonina

1666 1705 2159 1768 praescribebantur.
2215 1708 2573 1770 Cassiodorus,
2602 1709 2618 1736 ‘
2636 1708 2737 1758 Fe-

1667 1781 1736 1829 lix
1764 1796 1792 1828 a
1816 1783 2027 1832 consule
2050 1790 2218 1833 sumat
2240 1797 2402 1832 annus
2423 1784 2737 1848 auspicium,

1670 1865 1976 1921 portamque
2009 1858 2207 1908 dierum
2239 1860 2327 1909 tali
2356 1860 2569 1910 nomine
2590 1860 2737 1911 dica·

1670 1939 1775 1981 tum
1816 1941 2021 1997 tempus
2058 1934 2320 1984 introeat?
2384 1935 2572 2001 Itaque
2612 1937 2739 1986 alibi

1668 2011 1902 2058 consules
1938 2010 2183 2060 dicuntur
2213 2012 2488 2062 ‘inchoare
2521 2021 2578 2062 et
2611 2028 2739 2075 pen-

1668 2086 1794 2136 dere
1834 2087 2072 2147 ennum3'
2114 2089 2317 2138 scilicet
2353 2104 2453 2137 una
2493 2102 2613 2139 cum
2645 2091 2736 2141 Ja-

1669 2174 1753 2220 no,
1776 2161 1842 2210 de
1873 2176 1975 2226 quo
2000 2163 2239 2220 Ovidius,
2262 2165 2279 2193 ⁸
2310 2165 2448 2225 Ergo
2472 2165 2583 2226 ubi,
2600 2165 2737 2217 Jene

1669 2236 1868 2300 biceps,
1907 2238 2112 2301 longum
2150 2240 2463 2290 reseraveris
2506 2240 2736 2291 annun!

1669 2312 1807 2376 Lips-

1730 2389 1935 2453 Aper-ire
1968 2391 2166 2456 uanum]
2201 2392 2338 2442 Item
2375 2392 2474 2442 sub
2508 2393 2739 2445 Julianu-

1673 2465 1971 2518 Ammisnus
1995 2469 2087 2518 lib.
2111 2484 2271 2520 xxiv.
2306 2470 2414 2520 Sed
2439 2471 2456 2499 ‘
2480 2471 2743 2522 Constan-

1671 2543 1787 2606 tius,
1804 2545 2165 2594 Diocletianus
2183 2553 2239 2595 et
2254 2546 2610 2611 Aristobalns,
2622 2562 2741 2598 cn-

1670 2620 1932 2682 aperirent
1967 2636 2173 2684 annum,
2199 2624 2454 2672 neminem
2477 2624 2739 2687 privatus

1669 2696 1767 2744 sibi
1804 2697 2057 2759 collegam
2092 2698 2481 2748 adsciscebaut:
2518 2699 2643 2763 qnia
2675 2714 2741 2750 ea

1668 2772 1896 2836 dignitas
1915 2774 2109 2823 numini
2126 2789 2329 2838 quoque
2345 2785 2565 2836 angusto
2580 2776 2743 2840 quod·

1668 2849 1785 2898 dam
1822 2849 1982 2900 decus
2019 2850 2293 2901 videbatur
2337 2854 2629 2915 acquirere,
2664 2863 2742 2916 et,

1671 2925 1752 2987 (ut
1775 2925 2001 2987 loquitur
2027 2926 2237 2976 Novell.
2256 2927 2529 2977 Theodosii
2553 2936 2609 2979 et
2634 2930 2740 2979 Va-

1668 3001 1985 3063 lentiniani,)
2019 3003 2142 3065 quia
2185 3010 2268 3053 cst
2307 3005 2603 3068 prucipnns
2647 3006 2744 3056 he-

1668 3090 1781 3131 nor,
1813 3077 2107 3138 potissimus
2132 3080 2495 3141 magistratum
2531 3089 2586 3131 et
2614 3095 2740 3131 con-

1667 3153 1792 3202 sulis
1827 3150 1996 3202 fasces
2036 3161 2156 3203 sunt
2191 3157 2629 3220 auspicatissimi,'
2662 3158 2742 3208 ait

1665 3229 1952 3292 Symmacb.
1981 3243 2037 3279 x.
2063 3233 2144 3279 34.
2179 3231 2334 3281 Ber-n.

1735 3304 1996 3367 Festosque
2027 3306 2266 3370 reserere]
2301 3307 2498 3357 Caussa
2533 3308 2743 3368 eadem,

1670 3382 1791 3444 quia
1808 3382 1952 3430 novis
1972 3382 2142 3432 Fastis
2162 3384 2590 3445 praescribentur.
2634 3388 2741 3437 An·

1667 3458 1839 3507 souius
1870 3457 1935 3507 de
1967 3458 2133 3508 Jano:
2166 3460 2181 3486 ‘
2209 3460 2373 3509 Roma
2399 3461 2506 3517 illa,
2528 3461 2740 3512 domus·

1667 3548 1767 3598 que
1800 3535 2025 3590 Quirini,
2056 3534 2172 3584 Hoc
2195 3536 2371 3597 capite
2395 3536 2609 3586 eternis
2634 3538 2739 3601 sig-

1666 3617 1758 3659 nat
1782 3624 1874 3659 sna
1897 3612 2105 3660 nomina
2128 3610 2339 3662 Fatis:
2404 3613 2539 3662 Haec
2559 3622 2740 3665 autem

1667 3686 1838 3735 omnia
1857 3686 1922 3736 ad
1951 3686 2143 3750 primos
2166 3694 2221 3737 et
2240 3686 2530 3740 ordinarios
2555 3703 2740 3739 consu·

1667 3763 1742 3811 les
1760 3762 2111 3827 spectant,(in
2131 3778 2232 3827 quo
2256 3764 2414 3828 major
2431 3765 2622 3830 honos)
2639 3781 2741 3817 non

1669 3838 1733 3887 ad
1769 3840 1884 3888 illos
1917 3837 2181 3896 suffectos,
2203 3853 2236 3888 a
2272 3840 2459 3904 quibus
2497 3843 2620 3891 anni
2654 3857 2743 3892 au-

1669 3915 1883 3978 spicium
1922 3929 2024 3965 non
2061 3922 2196 3965 erat.
2284 3916 2491 3966 Seneca
2531 3916 2600 3966 de
2635 3917 2745 3978 Ira,

1667 3998 1684 4022 ⁸
1710 3990 1875 4041 Dedit
1906 3990 2180 4040 duodecim
2208 3988 2401 4049 fasces,
2421 3990 2515 4041 sed
2541 4007 2644 4043 non
2665 3992 2741 4043 fe·

1669 4067 1745 4117 cit
1773 4067 2086 4117 ordinarium
2120 4068 2400 4118 consulem.
2467 4067 2514 4117 A
2540 4082 2624 4118 me
2649 4083 2740 4118 nn»

1668 4144 1859 4193 merari
1896 4142 2055 4192 voluit
2086 4155 2294 4197 annum.
2317 4141 2410 4192 sed
2435 4143 2588 4196 deest
2619 4144 2739 4195 mibi

1669 4222 1738 4274 ad
1764 4221 2150 4275 sacerdotium.’
2184 4223 2319 4286 Lips.
