3060 4902
503 333 636 399 940

508 507 604 558 pro
641 493 786 549 Nam,
816 493 1096 557 repositum
1130 499 1213 543 est
1248 493 1394 551 Non,-
1426 492 1565 558 quod

507 569 901 621 commodiorem
959 570 1126 619 locum
1189 570 1452 620 habuisset
1513 572 1565 620 in

505 647 743 710 proxima
766 647 1045 706 sententia,
1065 654 1122 696 ut
1146 648 1429 710 legeretur,
1455 648 1569 697 Noa

503 738 616 785 ergo
651 725 835 771 modum
857 723 902 771 ei
925 730 1011 772 tua
1031 724 1197 772 saltem
1216 725 1444 773 modestia
1476 724 1570 772 im-

499 801 684 865 posuit.
748 802 966 860 Verum,
1000 803 1236 850 neutrius
1271 802 1371 851 loci
1410 802 1566 852 lectio

505 878 720 939 vulgata
744 885 825 925 est
850 876 1192 937 solicitsnda;
1227 893 1340 926 nam
1372 878 1452 927 sic
1470 893 1566 928 sae·

506 953 625 1016 pius
647 953 844 1001 librarii
869 968 981 1001 num
1004 959 1059 1001 et
1081 968 1172 1001 non
1200 951 1568 1003 confuderunt.

507 1027 644 1077 Vide
669 1042 841 1091 supra,
875 1029 937 1076 ad
977 1042 1133 1077 xmx.
1167 1033 1216 1076 4.
1241 1035 1294 1078 et
1328 1042 1490 1077 ινιιι.
1517 1033 1566 1078 3.

504 1104 570 1153 ld
595 1120 718 1154 vero
744 1111 993 1153 annotare
1026 1104 1189 1163 lubet,
1225 1104 1447 1153 Plinium
1484 1118 1567 1153 or-

507 1180 705 1229 dinarie
724 1181 951 1230 scribere
977 1180 1224 1242 potuisse,
1254 1180 1397 1240 Nam,
1419 1195 1568 1244 quon-

508 1263 558 1306 to
600 1258 757 1318 magis
792 1274 821 1306 a
865 1263 914 1305 te
948 1255 1291 1318 reprimebatur
1324 1257 1566 1317 gandium

508 1340 760 1390 nostrum,
785 1339 931 1381 tanto
951 1332 1116 1395 magis
1136 1332 1416 1381 exarsimus.
1467 1333 1588 1381 νεώ

507 1423 621 1457 rum
647 1409 949 1457 vocabulum
976 1415 991 1437 ⁸
1019 1406 1300 1472 gaudium,’
1322 1422 1469 1470 osque
1504 1423 1567 1457 ac

506 1489 777 1553 particulae
805 1495 819 1517 ⁸
846 1495 991 1537 tanto
1014 1487 1212 1552 magis.’
1235 1502 1326 1550 per
1350 1486 1568 1548 figuram

508 1566 766 1629 ἐλλείψεως
807 1565 1057 1628 explicari
1102 1565 1439 1628 supplerique
1480 1565 1566 1612 de·

507 1640 650 1690 bent.
717 1640 796 1690 Ad
825 1655 941 1689 eum
967 1639 1076 1690 fere
1099 1641 1306 1689 modum
1328 1641 1569 1688 ἐλλειπε-

508 1720 600 1767 κῶς
630 1719 859 1781 loquitur
888 1718 1058 1765 Tacit.
1097 1716 1238 1765 Hist.
1276 1731 1314 1765 ι.
1341 1721 1418 1767 1⁴.
1447 1719 1463 1745 ‘
1490 1719 1570 1766 Ea

507 1809 628 1858 pars
653 1808 848 1842 morum
873 1793 1008 1855 ejus,
1034 1806 1133 1855 quo
1165 1795 1456 1856 suspectior
1488 1808 1570 1843 so·

504 1870 684 1930 licitis,
707 1868 976 1931 adoptanti
1007 1869 1247 1931 placebat
1266 1867 1299 1930 ;'
1325 1871 1357 1918 i.
1384 1885 1431 1918 e.
1457 1877 1567 1919 tan·

507 1950 563 1993 to
610 1945 788 2005 tnagis,
828 1945 907 1991 vel
950 1959 1011 1991 eo
1066 1944 1246 2007 magis,
1290 1944 1567 2008 adoptanti

508 2022 767 2086 placebat.
830 2021 916 2069 Sic
955 2027 1008 2068 et
1047 2019 1337 2069 Columella
1376 2035 1452 2069 tv.
1486 2024 1567 2069 18.

508 2101 524 2126 ‘
544 2098 671 2160 Ipsa
702 2097 1023 2146 hortulorum
1054 2095 1335 2158 descriptio
1370 2106 1567 2160 quanto

506 2176 791 2224 minoribns
814 2173 1034 2223 modulis
1058 2181 1140 2223 est
1165 2174 1352 2234 insita3
1392 2174 1565 2237 (tanto

507 2250 700 2315 magis)
740 2250 1095 2312 fatigationem
1139 2251 1300 2299 veluti
1348 2249 1565 2298 minuit.’

507 2327 803 2392 Aliquando
840 2329 948 2376 sola
975 2326 1231 2391 particula
1261 2327 1276 2355 ‘
1303 2332 1448 2375 tanto
1474 2326 1487 2348 ’
1511 2342 1565 2375 o·

507 2404 752 2460 mittitur,
785 2411 799 2432 ⁶
825 2405 990 2467 magis
1017 2402 1032 2424 ’
1066 2404 1266 2451 latente
1305 2403 1355 2450 in
1392 2401 1566 2451 subse·

508 2488 703 2544 quente
727 2480 1112 2542 comparativ03
1149 2493 1195 2525 v.
1215 2495 1265 2541 g.
1282 2479 1416 2541 apud
1443 2494 1568 2527 eun-

509 2556 626 2605 dem
653 2556 918 2604 Columell.
943 2568 996 2601 v.
1020 2558 1070 2601 7.
1093 2554 1108 2581 ‘
1136 2556 1332 2603 Omnes
1358 2555 1568 2602 arbores

506 2641 701 2696 quanto
742 2632 893 2678 altius
927 2638 1162 2692 arantur,
1204 2637 1257 2677 et
1296 2630 1569 2680 circumfo-

506 2708 754 2766 diuntur;
787 2704 985 2770 (tanto)
1019 2705 1212 2768 majore
1242 2703 1418 2754 fructu
1442 2720 1567 2754 exu-

507 2780 728 2833 berant?
793 2780 1041 2829 Similiter
1066 2781 1204 2843 apud
1230 2781 1400 2830 Tacit.
1428 2782 1569 2830 Hist.

506 2874 594 2909 nt.
635 2862 713 2907 18.
757 2859 771 2885 ‘
801 2858 1101 2922 Propinqua
1139 2859 1328 2906 moenia
1369 2866 1565 2920 quanto

507 2935 623 2998 plus
649 2934 760 2996 spei
786 2934 849 2982 ad
876 2931 1138 2994 effugium,
1182 2932 1380 2995 (tanto)
1404 2933 1566 2981 mino-

506 3027 614 3062 rem
639 3012 703 3061 ad
731 3011 1070 3060 resistendum
1092 3012 1312 3058 animum
1338 3009 1568 3059 dabant!

505 3090 891 3153 Nonnunquam
950 3087 1062 3136 sola
1115 3087 1367 3149 particula
1418 3087 1433 3114 ⁸
1460 3100 1566 3134 ma-

507 3166 584 3230 gis
608 3166 621 3186 ⁰
646 3163 1099 3228 praetermittitur3
1130 3170 1190 3210 ut
1220 3160 1353 3224 apud
1383 3161 1493 3209 Liv.
1527 3174 1566 3210 ι.

505 3248 589 3293 25.
636 3249 648 3271 ⁶
676 3244 754 3292 Eo
799 3241 995 3305 majore
1040 3255 1156 3289 cum
1202 3238 1421 3303 gaudio;
1465 3254 1568 3303 quo

504 3319 721 3383 (magis)
767 3332 929 3381 prope
976 3323 1169 3366 metum
1227 3330 1308 3365 res
1365 3313 1572 3365 fuerat.’

507 3393 720 3444 Plenius
743 3392 878 3441 dixit
913 3390 1114 3452 Celsus,
1148 3389 1260 3440 fere
1295 3390 1390 3439 sub
1414 3391 1569 3440 finem

504 3467 731 3520 Praefst.
762 3469 849 3518 lib.
872 3482 910 3518 t.
946 3468 961 3495 ‘
986 3458 1186 3520 Quibus
1223 3475 1366 3517 tanto
1409 3469 1570 3533 magis

509 3547 675 3598 omnis
740 3544 1039 3594 observatio
1107 3544 1401 3593 necessaria
1455 3554 1571 3606 est;

506 3630 701 3688 quanto
722 3620 886 3682 tnagis
912 3620 1137 3669 obnoxia
1158 3619 1367 3669 offensis
1389 3627 1470 3669 est
1493 3621 1571 3669 in-

504 3695 760 3751 firmitas.’
795 3694 1035 3744 Schmun-z·

574 3777 676 3828 Tua
706 3770 963 3839 potestate]
994 3769 1098 3821 Qui
1135 3768 1406 3818 materiam
1444 3769 1570 3821 dare

506 3860 678 3919 potes.
701 3865 803 3900 uon
831 3855 995 3911 potes.
1032 3845 1165 3908 Lips.

572 3931 678 3979 Noe
700 3930 753 3977 in
777 3921 965 3985 nostra]
1000 3923 1137 3975 Quia
1161 3936 1191 3970 a
1211 3919 1259 3968 vi
1284 3920 1457 3984 gaudii
1481 3935 1570 3971 au-

504 4003 740 4060 ferimur,
767 4012 821 4054 ut
846 4018 876 4051 a
900 4000 1065 4049 subito
1091 4003 1342 4047 torrente.
1379 3996 1532 4047 Idem.

572 4082 675 4130 Nec
699 4080 750 4128 in
774 4077 960 4141 nostra]
998 4075 1120 4125 Scil.
1146 4080 1425 4138 potestate.
1481 4076 1571 4124 Sic

505 4170 630 4206 vero
666 4157 767 4205 ista
800 4155 960 4203 verba
987 4151 1239 4216 explicari
1274 4165 1422 4214 posse
1456 4165 1570 4201 cre·

505 4231 610 4283 doz
649 4231 814 4281 Sicuti
842 4232 1059 4281 liberum
1085 4234 1164 4279 est
1187 4227 1303 4283 tibi,
1328 4234 1383 4278 et
1405 4227 1457 4278 in
1481 4237 1571 4279 tua

1204 349 1423 400 NOTAE
1472 349 1879 401 vamontm
1932 350 2010 400 ΙΝ

1644 499 1910 558 potestate
1960 494 2207 557 positum,
2263 494 2414 546 nobis
2468 496 2709 562 prebere

1643 572 1908 620 materiem
1936 571 2165 633 loetitiae3
2200 571 2276 621 ita
2308 580 2483 623 tamen
2521 588 2618 624 nee
2653 574 2707 625 in

1644 654 1748 702 tua,
1788 660 1884 696 nec
1925 648 1976 696 in
2017 656 2192 697 nostra
2239 656 2503 712 potestate
2552 653 2719 702 sitnm'

1642 730 1743 778 est,
1765 723 1969 772 modum
1990 729 2179 774 nostrae
2207 725 2410 775 laeiitiae
2425 726 2717 791 imponere.

1643 799 1888 848 Schts-urz.

1711 875 2116 924 declamationum
2196 881 2469 928 nostrarum
2530 880 2710 945 fidens]

1644 957 1659 979 ‘
1683 951 1874 1012 Fides:
1897 966 2014 1000 cum
2050 953 2362 1015 hominibus,
2396 961 2505 1004 turn
2537 956 2722 1020 rebus,·

1644 1026 1907 1075 tribuitur.
1971 1027 2025 1076 Si
2072 1028 2321 1078 tribuitur
2374 1030 2586 1087 homiui,
2631 1038 2709 1082 est

1644 1098 1866 1151 officium
1891 1111 1943 1152 et
1967 1104 2131 1153 virtus
2149 1120 2213 1154 ox
2229 1106 2437 1168 justitia
2455 1116 2721 1171 praestan-a

1644 1177 1710 1226 tis
1738 1191 1817 1240 ea,
1839 1193 1955 1243 quae
1977 1193 2035 1228 se
2059 1188 2430 1244 prestaturum
2456 1185 2717 1248 promisit.-

1643 1261 1734 1301 aut
1784 1255 2009 1320 alioquin
2067 1264 2321 1320 praestare
2364 1260 2544 1311 debet.
2612 1262 2710 1313 Cui

1641 1329 1656 1356 ‘
1678 1328 1799 1378 fidei
1825 1329 1840 1351 ⁹
1872 1333 2156 1393 opponitur
2188 1334 2205 1361 ‘
2229 1334 2414 1399 dolus,’
2447 1337 2464 1363 ⁸
2486 1336 2717 1402 ‘infideli-

1643 1404 1764 1463 tas,’
1785 1408 1800 1453 ἕ
1827 1405 2082 1468 pertidia.’
2135 1408 2223 1456 Sin
2248 1409 2403 1459 rebus
2428 1412 2719 1470 tribuatur,

1644 1480 1833 1530 dicitur
1857 1496 1952 1545 pro
1972 1498 2145 1532 earum
2166 1485 2390 1535 veritate
2409 1494 2463 1536 et
2485 1489 2717 1538 certiore·

1646 1559 1882 1619 ratione,
1921 1567 2076 1623 prout
2110 1561 2282 1610 Tacit.
2310 1562 2497 1612 Annal.
2529 1578 2606 1613 vt.
2633 1569 2716 1614 22.

1645 1633 1661 1660 ‘
1686 1633 1838 1682 fidem
1876 1635 2060 1696 artis3'
2093 1644 2150 1685 et
2191 1637 2339 1687 Hist.
2378 1651 2457 1688 tv.
2496 1643 2581 1689 78.
2612 1642 2630 1671 ‘
2653 1640 2713 1688 fis

1645 1707 1761 1758 dem
1788 1710 2007 1772 omini5,’
2029 1715 2126 1760 διο.
2150 1712 2303 1762 dixit.
2367 1714 2454 1764 Sic
2487 1717 2505 1743 ⁸
2533 1722 2714 1779 paeto·

1646 1801 1755 1835 rum
1774 1786 1941 1844 fides,’
1964 1789 2073 1837 Cic.
2097 1788 2163 1837 de
2199 1787 2356 1839 Offic.
2377 1804 2418 1840 1.
2438 1795 2490 1839 ⁶1.
2514 1791 2723 1842 dicitur-

1645 1868 1660 1890 ‘
1686 1861 1939 1912 dictorum
1977 1871 2453 1930 conventorumque
2490 1867 2716 1917 veritas)

1646 1938 1802 1987 Unde
1844 1938 1978 1988 idem
2025 1956 2089 1989 ex
2132 1941 2423 1992 Stoicorum
2470 1945 2714 2009 opinione

1647 2016 1886 2078 tradidit,
1922 2018 1937 2046 ‘
1964 2017 2118 2067 fidem
2143 2017 2159 2042 ’
2205 2020 2551 2083 appellatam,
2593 2023 2712 2086 qnia

1646 2093 1847 2142 seilicet
1891 2108 2012 2142 vere
2051 2096 2356 2161 sincereque
2393 2098 2411 2128 ‘
2436 2096 2567 2146 fiat-¹
2625 2100 2713 2148 Sic

1646 2169 1844 2218 Plinius
1881 2177 2074 2233 noster,
2110 2184 2281 2220 xxm.
2322 2178 2372 2222 6.
2404 2174 2421 2201 ⁸
2446 2174 2619 2237 gaudii
2656 2174 2713 2224 fi-

1645 2242 1762 2293 dem
1791 2244 1803 2265 '
1841 2245 1998 2303 dixit,
2038 2249 2071 2293 i.
2110 2262 2158 2294 e.
2198 2248 2370 2310 gandii
2411 2250 2715 2311 veritatem,

1646 2324 1756 2370 sive
1783 2336 1875 2383 per
1899 2320 1951 2370 ἓν
1972 2322 2047 2371 διὰ
2069 2323 2213 2384 δυοῖν,
2237 2323 2481 2386 gandium
2520 2340 2715 2375 verum.

1646 2397 1782 2445 Vide
1824 2412 1997 2461 supra.
2041 2398 2105 2446 ad
2152 2414 2203 2463 p.
2251 2403 2366 2449 541.
2435 2401 2576 2464 Ergo
2617 2407 2632 2431 ⁸
2658 2401 2714 2450 fi·

1649 2477 1740 2526 des
1767 2477 1780 2499 ’
1800 2486 1855 2526 et
1875 2479 1891 2505 ⁶
1915 2480 2105 2528 veritas
2123 2478 2137 2500 ⁹
2160 2479 2440 2543 aliquando
2463 2486 2713 2544 tanquam

1646 2553 1893 2614 συνώνυμα
1928 2557 2332 2620 conjunguntur,
2357 2565 2517 2621 atque
2554 2572 2714 2622 oppo-

1646 2639 1840 2680 nuntur
1863 2632 2194 2693 imaginibus,
2215 2632 2525 2694 simulacris,
2541 2642 2712 2684 osten-

1648 2707 1853 2769 tationi,
1890 2721 1951 2756 ac
1989 2708 2144 2757 rebus
2184 2708 2356 2770 fietis;
2398 2724 2447 2757 v.
2483 2725 2536 2772 g.
2574 2709 2708 2773 apud

1647 2784 1872 2832 Plinium
1930 2794 2183 2844 nostrum,
2239 2784 2412 2845 Epist.
2472 2798 2580 2834 vu.
2631 2789 2711 2834 17.

1645 2860 1661 2886 ‘
1691 2859 1927 2908 Historia
1962 2875 2064 2908 non
2090 2860 2445 2916 ostentationi,
2467 2860 2562 2910 sed
2591 2860 2711 2910 fidei

1648 2936 2367 3000 veritatique,componitur-‚²
2386 2938 2477 2987 Sic
2492 2940 2647 2988 etiam
2662 2937 2714 2987 in

1648 3013 1893 3076 presenti
1930 3014 2043 3063 loco
2066 3014 2494 3063 acclamationum
2516 3017 2533 3043 ‘
2558 3014 2683 3064 fidei
2702 3014 2716 3038 ’

1650 3089 1760 3151 pari
1785 3088 1995 3139 notione
2020 3089 2306 3152 respondet
2325 3091 2343 3117 ⁸
2370 3090 2566 3139 veritas
2590 3090 2607 3112 '
2642 3091 2713 3139 la·

1648 3178 1956 3228 crymarum.
1993 3166 2161 3217 Quam
2181 3164 2426 3230 frequens
2449 3179 2574 3216 vero
2597 3181 2712 3230 pos-

1649 3241 1720 3290 sit
1754 3255 1869 3290 osse
1903 3241 2189 3291 ostentatio
2226 3241 2591 3305 laerymarum,
2622 3243 2714 3292 do·

1648 3324 1731 3366 cet
1754 3318 2097 3381 experientia,
2122 3319 2387 3383 traditque
2422 3320 2626 3369 Seneca
2650 3321 2713 3369 de

1647 3392 1935 3456 Tranquill.
1968 3407 2015 3440 e.
2051 3397 2130 3442 15.
2162 3394 2177 3421 ‘
2205 3393 2487 3458 Plerique,'
2522 3395 2713 3460 inquit,

1647 3471 1940 3534 ‘lacrymas
1964 3468 2208 3530 fundunt,
2244 3476 2302 3519 ut
2335 3471 2636 3535 ostendant,
2658 3480 2715 3521 et

1649 3547 1808 3596 toties
1848 3548 2012 3597 siccos
2049 3546 2223 3598 oculos
2257 3548 2469 3611 babent,
2509 3550 2715 3614 quoties

1647 3628 1917 3686 spectator
1962 3620 2153 3680 defuit,
2199 3628 2354 3687 turpe
2401 3624 2715 3687 judicantes,

1646 3712 1748 3747 non
1773 3695 1919 3755 flere,
1940 3712 2054 3747 cum
2078 3711 2259 3747 omnes
2283 3696 2521 3750 faciant.'
2567 3700 2715 3749 Pre-

1649 3780 1732 3824 ter
1777 3773 2146 3823 necessitatem
2196 3773 2375 3837 igitur,
2415 3780 2474 3823 et
2528 3782 2717 3825 contra

1647 3865 1954 3901 consensum
1977 3851 2199 3899 omnium
2216 3850 2484 3908 librorum,
2508 3851 2715 3916 Lipsius

1645 3929 1929 3978 hariolatus
1966 3934 2066 3983 est,
2108 3939 2279 3976 aunon
2313 3926 2614 3990 legendum,
2643 3930 2712 3977 1«-

1646 4018 1919 4068 crymmra
1940 4003 2172 4062 abertate,
2194 4016 2288 4065 pro
2320 4003 2548 4052 veritate.
2611 4003 2710 4053 Cui

1648 4086 1822 4129 tamen
1848 4078 2084 4128 obsecuti
2108 4077 2430 4139 Beruegger,
2453 4085 2509 4126 et
2530 4085 2735 4127 auctor·

1645 4153 1889 4202 editionis
1925 4151 2239 4207 Hackianoe.
2262 4150 2415 4201 istam
2446 4152 2716 4203 hariolatiq

1646 4242 1797 4281 onem
1823 4229 2125 4294 Lipsianam
2141 4228 2192 4278 in
2215 4233 2520 4278 contextum
2547 4228 2714 4279 Pane-
