3060 4902
740 385 802 434 C.
850 383 1086 432 PmNu
1135 382 1470 433 SECUNDI
1521 384 1796 435 PANRG.

302 525 449 580 amici,
485 528 571 575 sed
600 519 693 575 ‘nos
732 542 909 578 sumus.
976 529 1172 578 Verum
1212 528 1362 579 istam

300 602 768 666 transpositionem,
800 619 953 668 quain
991 620 1127 653 num:
1165 605 1361 668 recepi-

299 692 419 740 mus,
446 678 834 728 observavimus
869 680 921 728 in
956 680 1211 740 omnibus,
1233 694 1360 743 qttos

300 756 560 803 consulere
585 756 734 804 nobis
757 757 933 805 datum
955 756 1071 812 fuit,
1091 756 1359 805 codicibus

300 831 420 879 Mss.
443 846 665 897 eamque
697 833 902 881 omnino
927 834 1210 894 meliorem,
1235 848 1358 882 con·

300 908 563 972 textuique
597 911 853 959 orationis
892 910 1360 973 congruentiorem,

299 998 440 1046 quam
486 985 772 1047 vulgatam,
805 986 1172 1049 judicavimus.
1253 988 1357 1036 Hic

301 1071 417 1121 ergo
440 1061 806 1122 grammaticus
837 1063 1048 1110 istarum
1075 1077 1252 1111 vocum
1276 1077 1356 1111 or·

299 1132 361 1184 do
381 1149 492 1183 esse
518 1135 683 1185 debet
706 1138 820 1186 Non
842 1140 965 1186 enim
975 1140 1083 1198 jam
1103 1138 1228 1188 servi
1249 1154 1356 1187 nos-

298 1212 364 1259 tn’
401 1217 508 1262 sune
545 1214 692 1263 amici
729 1215 980 1277 principis,
1015 1218 1096 1278 &c-
1171 1217 1356 1280 Neque

299 1288 428 1337 enim
452 1289 659 1339 Plinius
684 1291 791 1354 jam
828 1292 1116 1353 generatim
1151 1293 1214 1340 de
1249 1307 1355 1342 ser-

299 1364 369 1411 vis
388 1366 661 1428 principis,
683 1367 777 1415 sed
814 1369 879 1415 de
913 1370 1073 1416 servis
1100 1375 1154 1417 et
1180 1375 1193 1396 ‘
1214 1383 1356 1418 man·

298 1441 437 1504 cipiis
472 1442 693 1506 alienis,'
712 1443 821 1491 sive
856 1443 923 1492 de
956 1446 1117 1492 servis
1151 1444 1358 1508 civium,

298 1517 551 1582 loquitur-3
607 1533 729 1568 cum
784 1528 1009 1581 constet,
1062 1524 1356 1584 superiores

299 1596 547 1659 principes
601 1598 856 1659 majorem
896 1597 1051 1648 fidem
1097 1600 1257 1647 servis
1302 1606 1358 1649 et

298 1673 561 1736 mancipiis
585 1674 802 1736 civium,
818 1689 968 1738 quarn
996 1675 1118 1738 ipsis
1138 1676 1356 1733 civibus,

298 1750 541 1812 babuisse,
563 1759 727 1815 atque
759 1752 876 1801 illos
910 1767 1085 1801 servos
1121 1768 1212 1816 spe
1238 1769 1354 1817 pro-

298 1825 554 1892 missisque
593 1828 908 1890 corrupisse,
936 1837 989 1877 et
1025 1829 1177 1877 domo
1212 1831 1354 1879 iden-

298 1901 444 1952 tidem
488 1903 792 1967 abduxisse,
837 1905 991 1969 inque
1033 1907 1354 1957 dominorum

297 1979 462 2042 capita
515 1980 829 2030 subornasse
885 1989 1045 2046 atque
1110 1998 1355 2034 armasse.

299 2053 443 2105 Iden.

359 2131 529 2181 Omnes
568 2138 842 2182 nemore
881 2133 1160 2196 domestico]
1205 2136 1354 2184 Bene

294 2218 533 2275 recteque
560 2225 620 2260 se
642 2211 802 2261 habet
826 2212 932 2261 baec
957 2213 1143 2274 lectio;
1181 2228 1355 2262 verum

294 2285 396 2336 haec
444 2286 610 2336 verba
653 2289 704 2335 iu
742 2289 1045 2353 quibusdam
1092 2290 1357 2339 codicibus

298 2360 421 2411 Μαι.
471 2363 665 2414 mendo
733 2369 1112 2416 commaculata
1169 2367 1358 2428 depre-

292 2438 599 2489 henduntur.
666 2438 731 2488 ln
759 2438 1017 2490 Vaticano
1054 2441 1190 2490 enim
1216 2446 1359 2492 1475.

295 2515 517 2580 Veneto,
561 2526 618 2567 et
658 2518 1058 2582 salisburgensi,
1104 2520 1355 2583 scriptum

292 2603 368 2644 est
401 2594 561 2642 omnis
606 2600 853 2644 accusator
893 2611 920 2644 e
960 2597 1256 2653 domestico,-
1304 2598 1356 2645 in

292 2668 595 2724 Parisiensi,
611 2672 764 2720 omnis
784 2678 1027 2720 accusator
1047 2673 1325 2721 edomestico
1336 2688 1358 2731 ,-

290 2754 340 2795 et
371 2748 421 2797 in
444 2748 725 2810 Vossiano,
746 2763 905 2797 omnes
935 2756 1208 2800 accusatore
1228 2766 1253 2799 e
1275 2752 1356 2799 do·

290 2824 500 2873 suessico.
569 2824 634 2873 lu
670 2825 952 2875 Parisiensi
987 2827 1144 2875 etiam
1168 2828 1356 2877 vitiose

291 2909 560 2951 exaratum
606 2908 686 2950 est
720 2903 1009 2964 municipiis,
1044 2917 1140 2965 pro
1181 2906 1357 2952 manci-

286 2976 392 3039 piis.
464 2978 706 3027 Fuerunt
750 2986 922 3027 autem
961 2980 1231 3039 domestici
1270 2994 1355 3029 ac·

291 3064 557 3105 cusatores
591 3055 812 3117 improbi
845 3056 1011 3117 liberi,
1051 3057 1357 3119 consangui-

292 3131 387 3194 nei,
420 3140 479 3182 et
518 3133 678 3193 servi,
708 3133 797 3196 qui
834 3133 899 3181 ad
941 3133 1235 3195 prodendos
1272 3148 1356 3182 ca-

291 3206 715 3272 lumniandosque
784 3219 1051 3274 parentes,
1118 3225 1355 3259 necessa-

293 3285 407 3349 rios,
443 3284 705 3346 dominos,
738 3298 793 3334 se
829 3284 1005 3335 induci
1049 3286 1187 3350 passi
1220 3294 1356 3337 sunt.

294 3362 442 3411 Iden.

350 3437 541 3488 Salutis
554 3436 756 3499 publice
771 3436 934 3500 signo]
967 3438 1173 3502 Lipsius
1195 3440 1353 3488 inter·

292 3522 530 3577 pretatur
569 3514 799 3576 ‘signum
823 3513 835 3534 '
871 3513 1015 3577 quasi
1060 3529 1153 3577 per
1193 3522 1355 3563 tesse-

292 3605 393 3639 ram
434 3588 633 3638 datam.
706 3588 774 3638 Et
811 3604 933 3637 sane
972 3591 1063 3640 Sil.
1098 3591 1219 3639 Ital.
1255 3603 1354 3640 κν.

290 3668 400 3715 478.
438 3665 456 3692 ‘
480 3664 722 3713 Taciturn
762 3663 853 3713 dat
889 3671 1084 3713 tessera
1120 3664 1354 3728 signum!

293 3738 552 3801 Intelligit
586 3745 758 3788 autern
786 3739 983 3787 Plinius
1021 3754 1116 3802 per
1151 3740 1353 3802 siguum

291 3814 577 3879 generatim
597 3815 806 3863 ‘salutis
829 3815 1072 3878 publicae'
1094 3815 1358 3880 iudicium,

290 3906 475 3956 nempe
525 3893 692 3955 legem
735 3890 873 3939 illam
919 3892 1149 3956 Trajani,
1181 3894 1231 3941 in
1277 3908 1354 3942 sa·

290 3970 446 4019 intem
492 3967 800 4031 reipublicae
842 3969 1021 4024 latam,
1061 3984 1163 4033 qua
1208 3969 1354 4020 co'e'r-

292 4055 429 4095 ceret
486 4044 771 4095 insolentes
821 4059 1088 4095 servorum
1145 4061 1352 4096 accusa·

294 4122 470 4176 tiones,
505 4129 561 4172 et
613 4121 937 4184 impietatem
978 4123 1225 4171 adversus
1267 4123 1354 4171 he·

295 4213 383 4249 ros.
449 4199 531 4248 Ea
564 4200 703 4261 lege,
739 4197 888 4254 dicit,
931 4198 1092 4245 veluti
1128 4204 1142 4225 ⁸
1167 4200 1354 4247 servile

294 4273 508 4326 bellnm'
550 4273 815 4325 sublatum
866 4272 1172 4340 finitumque
1223 4288 1354 4326 esse.

1869 388 1920 434 1.
1950 371 2057 436 42.
2366 372 2501 437 685

1438 529 1569 578 Cum
1615 544 1741 593 ergo
1783 535 1992 578 tesserae
2043 544 2162 579 usus
2201 528 2241 577 is
2285 525 2499 594 proprie

1436 616 1593 666 esset,
1640 613 1697 655 ut
1742 622 1803 655 ea
1855 607 2045 656 milites
2101 607 2153 654 in
2203 608 2386 669 proelio
2439 622 2498 658 se

1435 682 1867 738 inte-ruoscerent,
1930 698 2100 747 neque
2167 685 2496 734 excubitores

1434 757 1618 808 fraude
1680 760 1898 808 hostium
1961 761 2497 822 circumvenirentur3

1431 844 1615 884 contra
1674 848 1866 896 autem,
1912 837 1928 863 ‘
1956 836 2174 884 vexillo'
2234 838 2498 901 proposito

1432 911 1763 975 sublatoque,
1803 920 2043 976 tanquam
2078 913 2235 974 signo,
2264 913 2329 961 ad
2369 929 2497 978 pug-

1431 1002 1548 1035 nam
1595 990 2014 1037 committendam
2071 988 2367 1051 hostemque
2408 988 2498 1040 de-

1432 1064 1745 1125 bellandum,
1771 1067 2165 1124 excitarentur3
2202 1066 2373 1114 malim
2395 1066 2497 1132 bic,

1431 1140 1517 1189 ubi
1544 1149 1557 1169 ⁴
1576 1140 1767 1190 bellum
1792 1141 2047 1190 sublatum
2066 1140 2082 1162 ⁹
2105 1141 2315 1203 dicitur,
2337 1151 2499 1192 meta·

1432 1217 1645 1281 phoram
1667 1219 1682 1245 ‘
1707 1220 1837 1280 signi
1857 1217 1872 1239 '
1897 1218 1961 1267 ad
1994 1219 2009 1245 ‘
2030 1218 2306 1280 vexillum‚’
2342 1235 2494 1284 quam

1430 1294 1494 1342 ad
1522 1302 1537 1321 ‘
1556 1295 1838 1358 tesseram,'
1856 1294 2071 1344 referre.
2121 1292 2203 1342 Ad
2229 1296 2363 1344 bunc
2385 1294 2496 1345 fere

1430 1371 1638 1420 modum
1664 1372 1888 1434 loquitur
1909 1373 2063 1420 etiam
2091 1372 2203 1421 Cic.
2227 1372 2379 1421 Orat.
2398 1388 2496 1436 pro

1430 1447 1702 1503 Marcello,
1729 1463 1773 1496 c.
1794 1453 1836 1497 1.
1872 1450 1885 1475 ‘
1906 1448 2001 1496 His
2025 1448 2259 1497 omuibus
2276 1449 2343 1497 ad
2364 1450 2496 1499 bene

1431 1524 1496 1572 de
1534 1525 1669 1572 ontui
1703 1524 1973 1585 republica
2002 1524 2331 1585 sperandum,
2352 1526 2498 1589 quasi

1429 1600 1629 1660 signum
1667 1599 1871 1662 aliquod
1902 1598 2195 1648 sustulisti-²
2255 1599 2361 1648 Ubi
2386 1601 2496 1664 jam

1430 1675 1660 1724 ostendit
1697 1676 2015 1731 Bucbnerus,
2040 1682 2259 1723 tractam
2295 1689 2408 1724 esse
2433 1678 2499 1724 is·

1432 1760 1535 1800 tam
1571 1754 1809 1816 loquendi
1847 1751 2116 1802 formulam
2146 1769 2209 1803 ex
2235 1768 2376 1802 more
2403 1754 2494 1802 mi-

1431 1829 1578 1884 litiae,
1603 1839 1656 1879 et
1691 1831 1957 1892 sigillatim
1989 1831 2195 1893 quidem
2227 1846 2258 1878 a
2290 1831 2497 1893 vexillo,

1436 1912 1676 1969 tanquam
1718 1907 1865 1968 signo
1902 1907 2129 1955 militari.
2198 1908 2336 1956 Nam
2377 1921 2493 1957 cum

1435 1981 1659 2044 pugnam
1692 1981 2011 2031 commissuri
2043 1983 2380 2046 imperatores
2416 1997 2497 2030 es-

1429 2068 1564 2114 sent,
1624 2060 1865 2107 vexillum
1930 2062 2309 2122 proponebant,
2357 2060 2494 2121 quod

1431 2148 1548 2183 cum
1587 2135 1775 2184 elatum
1807 2135 2057 2184 videbant
2085 2136 2293 2191 milites,
2322 2137 2497 2186 statim

1432 2209 1812 2273 intelligebant,
1833 2211 1958 2273 quid
1983 2211 2274 2260 faciendum
2298 2213 2393 2260 sibi
2415 2226 2497 2261 es-

1430 2295 1532 2335 set.
1602 2288 1787 2349 virgil.
1825 2288 1940 2335 AEn.
1978 2300 2104 2336 vm.
2142 2292 2188 2337 1.
2225 2292 2240 2317 ⁸
2267 2289 2339 2337 Ut
2375 2289 2499 2338 belli

1431 2363 1632 2425 signum
1662 2364 1903 2410 Laurenti
1930 2363 2128 2411 Turnus
2154 2364 2217 2412 ab
2250 2378 2369 2412 arce
2395 2366 2498 2413 Ex·

1431 2436 1590 2500 tulit,’
1613 2441 1708 2487 Sec.
1777 2439 1981 2489 Hirtius
2016 2441 2080 2489 de
2115 2441 2179 2488 B.
2206 2441 2358 2490 Alex.
2381 2456 2498 2505 cap.

1429 2520 1514 2565 46.
1554 2521 1568 2544 ‘
1599 2515 1806 2566 vexillo
1840 2517 2063 2578 sublato,
2100 2532 2199 2580 quo
2238 2520 2498 2581 pugnandi

1430 2593 1591 2643 dabat
1618 2595 1837 2659 signum,
1857 2610 1971 2658 quae
1997 2595 2177 2658 primae
2204 2610 2360 2644 naves
2375 2597 2496 2646 sub·

1432 2671 1802 2736 sequebantur,
1826 2672 1961 2720 idem
1989 2682 2043 2720 ut
2069 2671 2318 2726 facerent,
2343 2673 2496 2736 signi·

1430 2747 1658 2799 ficabat.'
1703 2751 1879 2798 Caesar
1894 2749 1958 2797 de
1977 2750 2041 2797 B.
2057 2749 2126 2799 G.
2144 2763 2206 2798 ιι.
2222 2753 2302 2797 20.
2323 2751 2338 2777 ‘
2358 2751 2496 2799 Vex-

1432 2825 1575 2874 illum
1601 2826 2013 2889 proponendum,
2038 2825 2174 2888 quod
2200 2834 2313 2873 erat
2340 2825 2498 2887 iusig-

1431 2916 1519 2961 ne,
1539 2916 1654 2949 cum
1680 2901 1744 2949 ad
1769 2915 1907 2949 arma
1931 2902 2173 2949 concurri
2198 2901 2497 2963 oporteret.'

1433 2977 1692 3025 Autmian.
1719 2977 1952 3024 Marcell.
1977 2976 2069 3022 lib.
2090 2988 2276 3023 xxvii.
2299 2984 2312 3004 ⁰
2328 2974 2498 3036 Signis

1431 3055 1573 3104 illico
1612 3055 1727 3103 fixis
1759 3071 1820 3103 ex
1847 3068 2006 3110 inore,
2029 3068 2145 3101 cum
2172 3053 2394 3119 undique
2431 3055 2496 3103 ad

1432 3145 1575 3180 arma
1599 3131 2035 3190 conclamaretur,
2060 3131 2276 3191 imperio
2307 3131 2494 3194 princi·

1433 3207 1512 3269 pis
1550 3215 1600 3255 et
1638 3207 1908 3255 ductorum
1945 3205 2093 3253 stetit
2126 3206 2300 3266 miles;
2335 3207 2494 3256 vexil-

1431 3284 1534 3331 lum
1559 3284 1798 3343 operiens
1824 3282 2195 3345 extollendum,
2219 3282 2352 3347 quod
2382 3292 2497 3335 erat

1432 3370 1724 3423 opportune
1766 3373 1952 3421 pugnae
1993 3359 2274 3406 subeundas
2314 3360 2495 3410 iudici·

1433 3434 1557 3484 um.'
1625 3434 1834 3483 Praeter
1871 3433 2221 3495 Buchuerum,
2258 3436 2494 3485 confera-

1434 3518 1517 3560 tur
1549 3509 1778 3558 Turueb.
1806 3508 2025 3556 Advers.
2054 3521 2169 3556 xiv.
2195 3512 2273 3557 16.
2341 3512 2496 3561 Cete-

1433 3602 1562 3643 rum,
1601 3584 1998 3647 christophorus
2032 3583 2269 3640 Bebrius,
2302 3587 2352 3635 in
2389 3588 2496 3637 Ge·

1431 3664 1644 3711 danensi
1664 3661 1910 3721 editione,
1925 3661 1976 3708 in
1991 3661 2219 3710 hocloco
2240 3661 2498 3719 Pliniano.

1434 3755 1526 3804 pro
1571 3755 1770 3802 unoque,
1812 3740 1896 3800 ξε.
1955 3739 2233 3801 tegendum
2291 3743 2494 3791 censuit

1429 3818 1641 3880 elatoque
1660 3814 1831 3865 salutis
1849 3813 2050 3876 publicoe
2070 3816 2229 3875 signo,
2251 3819 2334 3877 ᾴο.
2403 3817 2497 3865 Ar·

1432 3893 1627 3942 rideret
1660 3901 1715 3942 et
1760 3891 1880 3940 mibi
1924 3894 2136 3954 elatoque
2181 3893 2258 3939 vel
2288 3893 2494 3942 sublato-

1429 3983 1537 4032 que,
1560 3965 1836 4017 dummodo
1867 3973 2073 4014 veteres
2104 3966 2312 4015 codices
2353 3985 2495 4032 quae-

1431 4045 1547 4093 dam
1583 4042 1875 4106 hujusmodi
1911 4043 2150 4093 lectionis
2176 4045 2391 4107 vestigia
2416 4060 2494 4094 os-

1434 4121 1730 4170 tenderent.
1768 4119 1918 4168 Idem.

1494 4195 1678 4245 Salutis
1694 4192 1919 4257 publicoe]
1945 4193 2098 4241 Velut
2124 4190 2342 4241 formula
2366 4202 2497 4256 erat,

1431 4275 1482 4324 iu
1506 4273 1708 4322 laudem
1733 4271 1981 4318 bonorum
2008 4267 2331 4331 principum:
2366 4272 2492 4322 etin
