3060 4902
701 377 771 423 Ο.
822 373 1066 424 PL1N11

281 528 466 579 turam.
491 522 539 571 si
559 526 616 571 ιι
632 534 729 570 esse
744 521 963 584 desieris,
986 534 1140 585 quam
1164 519 1349 583 depre-

281 601 536 652 henderat
560 601 612 648 in
641 599 905 662 excerptis
927 597 1350 661 Guelpberbyta·

281 680 373 739 nis,
401 685 555 741 putat
593 689 742 740 posse
777 688 893 724 esse
931 688 1121 735 veram,
1144 680 1197 721 et
1235 686 1350 721 cor·

287 756 454 820 rumpi
479 755 704 817 coepisse
737 752 803 801 ab
829 753 890 801 iis
919 753 1006 815 qui
1038 752 1192 814 qualis
1229 751 1350 798 sim·

285 834 515 897 pliciter,
546 844 646 879 non
688 828 1021 892 precedente
1044 828 1177 890 talis,
1203 835 1348 875 recte

284 912 387 961 dici
410 925 513 960 non
538 908 876 958 crediderint.
948 907 1133 969 Immo,
1163 904 1349 968 inquit,

288 988 428 1040 Quid
460 988 503 1035 sl
528 988 648 1035 olim
674 985 944 1048 scripserit
970 984 1193 1044 Plinius,
1217 982 1277 1031 Si
1297 988 1351 1031 tu

287 1078 383 1114 esse
406 1062 643 1113 desieris?
673 1060 777 1110 Sed
800 1075 918 1121 ego,
941 1060 981 1108 si
1002 1059 1124 1123 qnid
1139 1058 1338 1121 judica·

285 1154 340 1190 re
363 1153 594 1204 possum,
632 1139 889 1202 vulgatam
913 1136 1208 1192 lectionem,
1233 1150 1348 1200 quae

287 1216 452 1266 etiam
482 1217 535 1264 in
562 1215 743 1264 codice
771 1214 1024 1263 Patavina
1060 1220 1221 1269 extat,
1248 1227 1349 1261 non

286 1292 623 1357 rejiciendam
665 1304 779 1340 esse
813 1290 1076 1345 existimo.
1118 1303 1236 1338 curn
1274 1290 1351 1337 in·

288 1368 466 1432 primis
491 1369 595 1418 ista
618 1367 857 1431 loquendi
883 1366 1014 1416 ratio
1049 1366 1259 1414 omnino
1283 1364 1352 1413 sit

288 1446 546 1497 Pliniana.
589 1445 676 1494 Sic
699 1443 834 1493 enim
858 1443 1073 1504 legimus
1100 1442 1150 1490 in
1178 1441 1351 1505 proxi·

286 1539 366 1574 no
388 1538 510 1589 cap.
532 1535 687 1572 nxvr.
704 1527 752 1570 6.
774 1522 788 1548 ‘
809 1522 1069 1576 viseum,
1093 1522 1221 1569 tales
1239 1535 1354 1569 esse

291 1616 398 1662 nos,
415 1602 595 1667 quales
599 1598 786 1664 jubes!
854 1599 1033 1648 Codex
1052 1598 1356 1658 Patavinus,

288 1688 342 1728 et
363 1676 496 1728 liber
521 1676 815 1730 Vossianus,
841 1690 933 1735 pro
951 1682 1202 1737 sequente
1230 1689 1353 1723 voce

288 1754 459 1804 elecem
480 1766 552 1813 es,
575 1752 820 1801 mendose
841 1751 1039 1800 babent
1060 1750 1266 1809 deiectus
1290 1765 1355 1799 es.

289 1831 455 1881 Idem.

369 1909 543 1965 Qualis
596 1907 796 1971 electus]
853 1906 1032 1955 Bonus
1089 1906 1354 1971 utilisque.

294 1984 431 2048 Lips-

354 2061 453 2110 Sea
476 2061 663 2122 ingenti
684 2059 993 2123 concientia]
1011 2057 1105 2108 Sed
1120 2064 1172 2108 tu
1187 2059 1354 2121 ingen·

293 2139 336 2190 ti
354 2137 642 2187 conscientia
665 2138 729 2186 V.
756 2136 919 2186 Livia.

356 2215 580 2278 lugenti]
623 2212 858 2278 Egregiis
879 2212 1109 2262 consiliis
1132 2210 1357 2276 fatisque

294 2292 531 2341 subnixa.
553 2290 692 2355 Lips.

356 2371 539 2424 Coesoer,
571 2366 848 2432 pacisceris]
880 2369 1065 2422 Caesar,
1089 2382 1179 2428 qun
1202 2365 1356 2427 pacis-

295 2448 418 2498 ceris
441 2447 509 2495 V.
531 2444 591 2495 C.
615 2445 681 2493 G.
714 2445 834 2494 Non
855 2444 1046 2508 placet.
1072 2442 1236 2491 Livia.

355 2522 650 2585 Par-taenia]
673 2522 778 2571 Sub
804 2528 959 2584 pacto
982 2527 1038 2569 et
1060 2517 1357 2569 conditione

294 2599 492 2650 servari
526 2599 685 2662 petis,
710 2597 769 2646 Si
793 2596 1033 2646 merearis.
1060 2594 1201 2656 Lips-

361 2678 547 2733 Coem,
579 2673 853 2738 pacisceris]
881 2673 975 2722 His
999 2671 1200 2719 duabus
1221 2668 1356 2719 voci·

294 2753 393 2804 bns
427 2752 672 2803 inseritur
697 2764 977 2813 pronomen
1003 2762 1113 2809 qna,
1139 2750 1188 2795 in
1219 2755 1357 2796 utro·

291 2845 394 2896 qne
419 2830 599 2881 codice
623 2830 848 2885 Veneto,
885 2828 936 2876 in
963 2827 1360 2890 Salisburgensi,

292 2909 570 2964 Patavino,
611 2914 666 2956 et
703 2920 850 2966 meo;
887 2905 1114 2967 itemque
1142 2903 1193 2951 in
1228 2902 1359 2951 libro

291 2986 564 3035 vossiano.
634 2981 780 3032 Idem
800 2994 1080 3044 pronomen
1097 2981 1250 3028 etiam
1270 2994 1359 3028 ex·

293 3061 478 3111 hibent
503 3060 760 3110 editiones
798 3057 1092 3112 Puteolani,
1121 3056 1357 3119 Cuspiui·

295 3139 404 3199 ani,
443 3137 697 3198 maenam,
726 3143 782 3184 et
820 3133 1123 3184 Philomusi.
1192 3133 1363 3196 Repe·

293 3221 440 3264 terat
463 3213 513 3261 id
542 3224 746 3275 qnoque
771 3210 1032 3259 Livineius
1072 3210 1120 3257 in
1158 3224 1248 3257 suo
1279 3224 1363 3258 co·

293 3290 451 3358 dicei
482 3289 571 3338 sed
599 3303 699 3337 non
738 3287 1014 3350 probavit-⁴
1063 3287 1255 3334 Mirum
1294 3288 1362 3335 vi·

294 3366 454 3414 detur
482 3364 781 3424 Arntzenio,
798 3364 932 3411 unde
953 3361 1077 3411 illud
1103 3378 1194 3424 qun
1219 3370 1366 3425 potu·

294 3443 398 3491 erit
424 3443 655 3505 irrepere
674 3458 689 3501 ς
712 3449 765 3490 et
790 3455 995 3489 sensum
1011 3448 1253 3488 constare
1274 3455 1366 3502 pu-

297 3526 399 3573 tat,
425 3519 466 3566 si
495 3518 545 3565 in
574 3517 745 3580 priore
771 3517 1002 3565 membro
1035 3531 1086 3565 es
1116 3516 1362 3565 subintel·

294 3596 392 3660 ligi
422 3602 619 3658 posset,
652 3594 667 3620 ⁴
691 3593 900 3661 Ingenti
936 3608 991 3642 es
1029 3593 1368 3655 conscientia,

300 3672 505 3730 Cesar,
533 3669 672 3735 qua‚'
691 3673 793 3720 διο.
856 3668 960 3718 Sed
1003 3682 1099 3719 nee
1125 3670 1220 3719 hoc
1244 3671 1369 3719 satis

298 3746 508 3810 placen
558 3760 724 3809 neque
761 3746 924 3795 susim
962 3760 1026 3794 ex
1064 3746 1368 3808 conjectura

297 3835 577 3885 reponere,
597 3820 694 3870 Sed
711 3823 1000 3882 cingentem
1022 3822 1369 3879 conscientiam,

303 3899 496 3960 Cesar,
527 3912 618 3960 qun
650 3898 924 3960 pacisceris,
953 3901 1035 3960 &a
1104 3899 1369 3947 Livineius

299 3976 465 4025 etiam
504 3976 602 4023 sub
638 3976 842 4023 initium
880 3977 1059 4023 luorum
1097 3975 1369 4025 verborum

297 4055 353 4102 in
380 4051 567 4102 codiee
592 4065 684 4100 suo
702 4052 975 4101 invenerat
994 4066 1273 4115 pronomen
1290 4058 1341 4100 tu
1356 4067 1372 4099 .-

297 4128 400 4178 Sed
412 4134 466 4178 tn
487 4126 675 4190 ingenti
688 4127 987 4183 conscientia,
1016 4129 1199 4187 Coesar,
1220 4127 1369 4189 pacis·

293 4207 421 4256 ceris
435 4222 456 4265 ‚⁰
491 4203 631 4271 quod
658 4218 761 4254 non
778 4204 1211 4255 contemnendum
1231 4213 1373 4267 puto.

1118 374 1359 424 SEGUN
1375 374 1449 423 DI
1500 374 1775 423 PANBG.
1853 376 1902 423 1.

1947 361 2058 425 67.
2362 361 2494 427 895

1430 517 1730 567 Conscientia
1757 531 1877 568 vero
1896 519 1982 567 hic
1998 533 2095 583 pro
2116 517 2309 569 fidncia
2341 520 2496 571 animi

1429 595 1551 657 poni
1578 595 1804 643 videtur.
1831 595 2075 645 Sclrwarz.

1492 670 1553 719 Sa·
1590 671 1867 735 mereberis]
1906 672 2058 720 Hanc
2090 672 2282 723 retinui
2313 675 2497 724 lectio·

1427 761 1564 803 nem,
1620 762 1774 811 quam
1825 748 1938 810 jam
2000 749 2204 812 plurimi
2262 750 2495 800 editores

1426 826 1757 887 evulgarunt,
1804 834 1858 873 et
1902 839 2039 873 nunc
2084 841 2260 875 omnes
2303 828 2495 878 residui

1427 902 1637 949 codices
1656 902 1785 950 Mss.
1806 901 2131 951 confirmant.
2196 901 2498 969 Alias,qnia

1427 992 1527 1025 non
1580 979 1817 1041 sequitur
1865 993 1926 1026 nn
1964 979 2223 1027 meriturus
2260 979 2349 1041 sis,
2402 981 2495 1028 sed

1427 1055 1671 1117 merearis,
1697 1055 2010 1118 recepissem
2044 1055 2089 1102 si
2110 1056 2327 1115 utereris,
2358 1056 2493 1119 qnod

1427 1130 1500 1179 H.
1539 1131 1856 1193 Stephanus,
1889 1130 2112 1191 Elzevir,
2147 1131 2500 1189 Boxhornius,

1429 1207 1706 1269 Cellarius,
1750 1214 1808 1255 et
1856 1205 2071 1254 Hearne
2119 1206 2332 1257 liabent.
2420 1207 2496 1257 At

1430 1282 1697 1344 Grypltius
1722 1297 1770 1332 a.
1798 1285 1945 1333 1631.
1978 1291 2033 1332 et
2074 1284 2350 1334 Stenardus
2387 1285 2497 1334 edi·

1427 1360 1555 1409 dere
1575 1361 1623 1409 si
1642 1361 1888 1411 merearis.
1917 1361 2087 1411 Idem.

1493 1437 1575 1486 An
1601 1436 1848 1498 merearis]
1873 1437 2054 1487 Codex
2081 1438 2392 1488 Parisiensis
2408 1439 2498 1488 tm-

1433 1514 1522 1563 bet
1546 1516 1669 1577 quod
1690 1516 1934 1564 merearis.
1961 1514 2128 1565 Idem.

1496 1591 1651 1641 Scire.
1688 1592 1886 1654 Nonne]
1915 1592 2188 1655 Suspicor,
2211 1591 2496 1654 pleniorem

1433 1667 1783 1716 narrationem
1821 1667 1888 1717 de
1934 1666 2189 1730 praefecto
2228 1668 2498 1729 praetorio,

1431 1745 1514 1792 cui
1535 1745 1792 1808 Trajanus
1816 1760 1930 1794 cum
1957 1745 2279 1794 memorabili
2301 1746 2498 1807 apoph-

1437 1820 1699 1884 thegmate
1724 1821 1919 1878 dicitur
1940 1821 2218 1871 tradidisse
2251 1822 2498 1884 gladium,

1431 1899 1528 1947 boc
1554 1900 1668 1947 loco
1691 1898 1966 1961 excidisse,
1985 1905 2076 1947 aut
2098 1907 2265 1958 certe,
2280 1913 2498 1963 sequen·

1434 1974 1504 2023 tia
1528 1974 1705 2030 verba,
1734 1974 1919 2037 quibus
1952 1974 2053 2023 ista
2090 1974 2304 2024 historia
2330 1975 2501 2024 brevi·

1436 2057 1516 2097 ter
1574 2049 1845 2111 tangitur,
1872 2050 2054 2098 saltem
2093 2050 2412 2113 postliminio
2446 2058 2501 2099 et

1432 2125 1576 2189 qnasi
1607 2141 1669 2173 ex
1694 2125 1916 2188 abrupto
1943 2140 1972 2174 a
1992 2127 2165 2174 Plinio
2189 2126 2502 2175 intercalata

1431 2201 1589 2250 fuisse
1617 2200 1965 2264 Panegyrico.
2033 2202 2219 2264 Neque
2245 2202 2380 2248 enim
2407 2203 2498 2249 im-

1432 2278 1621 2326 merito
1661 2277 1876 2325 miratur
1916 2275 2139 2338 Lipsius,
2177 2275 2240 2324 ab
2271 2284 2501 2337 oratore,

1432 2356 1517 2418 qui
1546 2370 1686 2418 saepe
1711 2355 1911 2403 minora
1949 2354 2099 2402 latius
2136 2354 2362 2417 diducit,
2395 2363 2498 2402 tam

1433 2430 1630 2496 insigne
1683 2439 1739 2481 et
1780 2430 2072 2480 immortale
2117 2427 2315 2479 factum
2361 2430 2503 2491 tangi

1434 2507 1925 2571 tantum,aridoque
1960 2506 2080 2556 stilo
2116 2506 2321 2569 stringi.
2359 2508 2506 2556 Sext.

1433 2586 1639 2649 quidem
1665 2584 1845 2633 Aurel.
1870 2583 2068 2639 Victor,
2097 2583 2161 2632 de
2191 2584 2327 2633 Caes.
2353 2598 2399 2632 c.
2426 2587 2505 2632 13.

1433 2663 1545 2710 llaec
1586 2662 1787 2711 refert:
1834 2660 1848 2688 ‘
1874 2661 2048 2724 Usque
2093 2674 2155 2709 eo
2190 2659 2503 2709 innocentia

1434 2736 1944 2802 fidens,(Trajanus‚)
1960 2737 2034 2785 uti
2053 2734 2354 2800 praefectum
2373 2752 2504 2799 prm-

1438 2816 1590 2876 torio,
1611 2815 1934 2864 Suburanum
1960 2814 2186 2869 nomine,
2211 2828 2325 2862 cum
2354 2814 2506 2875 insig-

1437 2905 1501 2939 ne
1527 2890 1907 2954 potestatis,uti
1936 2903 2044 2937 mos
2069 2897 2203 2945 erat,
2230 2891 2504 2952 pugionem

1438 2967 1609 3027 daret,
1647 2967 1833 3016 crebro
1873 2965 2152 3021 monuerit,
2184 2967 2297 3014 'ribi
2348 2968 2505 3015 istum

1438 3044 1502 3093 ad
1548 3044 1919 3093 munitnentem
1967 3042 2064 3088 mei
2124 3042 2410 3102 committo,
2464 3043 2505 3089 si

1440 3130 1584 3170 recte
1608 3136 1754 3183 agam
1777 3135 1792 3179 ;
1827 3119 1905 3166 sin
1931 3117 2100 3177 aliter,
2125 3116 2175 3166 in
2208 3131 2288 3164 me
2313 3118 2506 3180 magis;

1442 3200 1575 3262 quod
1604 3197 1981 3247 moderatorem
2008 3194 2234 3242 omnium
2262 3194 2341 3242 vel
2366 3207 2505 3242 erra-

1442 3290 1498 3324 re
1520 3275 1686 3323 minus
1712 3272 1788 3321 sas
1812 3272 1913 3322 sit.'
1977 3270 2294 3320 Jamdudum
2334 3279 2506 3319 autem

1445 3351 1542 3400 viri
1579 3351 1766 3399 eruditi
1810 3356 2140 3410 monuerunt,
2183 3348 2317 3396 bunc
2361 3348 2508 3396 Sext.

1445 3429 1621 3478 Aurel.
1660 3428 1881 3476 Victoris
1925 3428 2092 3475 locum
2138 3424 2327 3473 mendo
2367 3425 2509 3474 labo·

1444 3520 1579 3569 rare,
1608 3505 1802 3570 basque
1839 3503 1965 3552 duas
2000 3517 2172 3562 voces,
2207 3500 2509 3551 Subur-anum

1443 3582 1649 3643 nornine,
1691 3596 1757 3630 ex
1799 3582 2112 3643 glossemate
2149 3579 2418 3641 irrepsisse
2457 3579 2509 3626 in

1446 3666 1782 3716 contextum3
1842 3671 1958 3704 cum
1996 3656 2128 3717 baec,
2165 3670 2278 3719 quoe
2326 3656 2511 3704 Victor

1446 3735 1514 3783 ibi
1535 3741 1849 3796 narrat,non
1876 3734 1938 3781 ad
1963 3733 2301 3787 Suburanam,
2328 3733 2417 3781 sed
2446 3733 2511 3779 ad

1449 3812 1508 3860 L.
1547 3810 1799 3860 Licinium
1835 3810 2039 3867 Suram,
2084 3811 2253 3871 potius
2287 3809 2512 3869 pertine-

1449 3892 1558 3947 ant,
1584 3892 1832 3950 quantum
1872 3899 1933 3932 ex
1976 3884 2264 3946 Xipbilino,
2291 3884 2512 3940 Zeuma,

1448 3972 1501 4012 et
1527 3960 1707 4017 suida,
1751 3968 1993 4019 constet;
2027 3959 2123 4007 nisi
2157 3968 2416 4022 putemus,
2454 3960 2512 4007 il·

1450 4041 1554 4088 lum
1598 4038 1807 4086 Lucium
1849 4038 2028 4085 Suram
2066 4037 2217 4084 etiam
2256 4036 2514 4097 cognomi·

1449 4126 1627 4167 natum
1652 4115 1812 4163 fnisse
1846 4114 2188 4162 Suburanum.
2256 4113 2349 4173 At,
2374 4113 2511 4175 quod

1441 4197 1553 4259 jam
1579 4192 1877 4243 observavit
1899 4189 2195 4240 doctissima
2219 4189 2369 4239 Anna
2384 4191 2513 4240 Tan.
