3060 4902
521 371 653 441 860

522 546 736 586 necesse
770 537 867 596 est,
899 537 957 582 ut
990 547 1104 582 cum
1132 531 1425 596 christoph.
1449 531 1585 581 Reh-

526 613 599 661 rio
635 610 785 658 nimis
825 610 987 658 libere
1026 608 1385 670 rescribamus,
1424 607 1588 658 liberoe

522 689 713 740 civitati
733 702 791 737 sse
812 686 1156 737 simulationem
1188 686 1375 748 quidem
1396 685 1587 734 liberta-

526 767 592 816 tis
632 779 811 814 serves.
880 764 1145 824 Ceterum,
1188 777 1280 824 pro
1335 761 1588 823 averseris,

525 843 728 904 vulgari
774 854 951 888 errore
1007 840 1057 887 in
1111 838 1290 887 codice
1335 833 1589 887 Vaticano

525 920 675 968 3461.
718 927 772 967 et
819 914 1299 979 Gueipherbytano,
1340 916 1589 976 scriptum

529 1002 611 1044 est
633 996 931 1051 adveneris,-
966 1001 1021 1042 et
1043 1007 1137 1056 pro
1167 997 1215 1039 le
1237 991 1590 1051 eonsulemjus·

524 1071 658 1128 sisse,
704 1071 756 1119 iu
801 1070 1069 1119 codicibus
1108 1068 1409 1128 parisiensi,
1445 1074 1592 1117 utro·

529 1161 631 1211 que
666 1147 891 1205 Veneto,
925 1144 1314 1209 Saiisburgensi,
1355 1149 1411 1193 et
1454 1157 1594 1207 meo,

529 1221 716 1271 vitiose
741 1222 962 1286 positum
987 1227 1070 1270 est
1092 1225 1141 1269 te
1162 1221 1349 1269 consule
1367 1219 1591 1283 jussisse.

534 1299 798 1348 Schwarz.

595 1373 955 1423 Simulationem
997 1370 1185 1436 quidem
1222 1372 1402 1436 serves]
1433 1371 1592 1422 Simuss

532 1449 708 1498 tatione
726 1466 772 1512 q.
796 1450 977 1499 seri-ias
999 1450 1059 1498 C.
1092 1449 1255 1498 Licin.

598 1526 679 1576 Ne
700 1525 1068 1588 simulationem]
1102 1526 1177 1575 Ut
1197 1527 1309 1588 ipse
1329 1527 1524 1582 venias,
1543 1532 1596 1576 et

532 1600 658 1650 dicis
685 1617 863 1651 caussa
889 1603 1078 1665 populo
1104 1609 1155 1650 te
1176 1604 1345 1653 sistas.
1377 1603 1515 1666 Lips-

598 1681 961 1730 Simulationem
993 1680 1180 1742 quidem
1216 1681 1398 1744 ser-ees]
1433 1683 1598 1731 Simu·

531 1758 708 1807 latione
750 1758 886 1821 quasi
926 1756 1108 1806 servias
1150 1757 1211 1805 C.
1253 1759 1432 1822 probe.
1482 1760 1597 1809 Rit-

535 1833 681 1882 terslt.

603 1908 726 1957 Hoec
747 1904 1012 1969 persuasio]
1064 1906 1153 1957 Sic
1176 1922 1332 1971 supra
1357 1924 1525 1961 xvtu.
1547 1915 1597 1961 3.

532 1985 547 2012 ⁸
570 1983 701 2034 Quae
726 1984 994 2046 persuasio
1016 1981 1116 2033 fuit
1141 1984 1361 2041 iliorum,
1381 1987 1467 2049 qui
1487 1987 1598 2035 iios·

535 2060 666 2123 tilia,
710 2073 823 2109 cum
867 2059 1119 2120 facerent,
1156 2060 1446 2111 timebant-⁹
1511 2063 1600 2113 Se·

533 2135 745 2201 quentia
776 2135 954 2199 verba,
988 2142 1042 2185 ιιι
1076 2136 1170 2185 sibi
1204 2138 1599 2204 viderentur-‚tyc-

536 2226 638 2261 non
667 2227 844 2275 parum
880 2221 1130 2276 corrupta
1168 2214 1415 2277 leguntur
1439 2216 1488 2264 iu
1513 2231 1598 2266 co·

536 2287 653 2337 dice
676 2289 880 2339 Veneto
907 2294 952 2339 1.
975 2295 1030 2338 sit
1056 2290 1101 2339 si
1121 2292 1395 2340 riderentur
1420 2291 1602 2355 princi·

530 2380 634 2429 pes,
654 2368 924 2417 desinerent
945 2383 1062 2431 esse,
1083 2369 1126 2417 si
1143 2369 1503 2435 quidsacerent,
1519 2373 1600 2436 ξε.

536 2443 793 2494 Schuarz.
1558 2462 1562 2466 *

602 2520 683 2569 Aa
710 2519 1003 2583 stuprorum]
1036 2521 1189 2571 Metu
1227 2521 1600 2572 submovebitu-

540 2600 627 2644 tttr
666 2598 783 2643 maii
828 2597 1092 2660 principes
1136 2611 1165 2648 a
1203 2599 1425 2647 comitiis
1465 2599 1599 2662 istis,

538 2672 656 2733 quia
684 2673 980 2722 metuebant
1006 2674 1140 2723 nlale
1172 2674 1268 2723 sibi
1300 2676 1509 2732 conscii.
1535 2691 1601 2726 ne

540 2746 625 2795 Dii
663 2746 713 2794 in
752 2763 935 2810 campo
962 2756 1166 2798 sacrato
1190 2750 1381 2800 irarum
1406 2751 1601 2803 indicia

537 2822 589 2870 in
625 2823 767 2885 ipsos
801 2827 1085 2873 sceleratos
1120 2827 1365 2888 ederent;
1402 2828 1601 2889 adltaec‚

538 2898 656 2961 quia
696 2912 861 2963 neque
890 2899 1106 2963 judiciis
1138 2910 1215 2952 tot
1249 2903 1510 2955 hominum
1544 2921 1601 2956 se

542 2978 786 3028 exhibe-re
811 2981 1091 3030 audebant.
1130 2982 1277 3031 Idem.

608 3055 1015 3123 Incestus-umque]
1039 3061 1115 3108 De
1136 3050 1415 3110 Domitiani
1435 3061 1601 3111 inces-

544 3137 618 3195 to,
641 3148 818 3196 supra,
840 3151 958 3198 cap.
986 3150 1082 3187 ιιι.
1120 3137 1257 3200 Lips.

602 3208 857 3274 Auspicia]
896 3213 1032 3263 Quia
1055 3213 1260 3262 comitis
1277 3229 1375 3263 non
1396 3215 1492 3264 nisi
1515 3230 1604 3265 au·

542 3287 748 3348 spicato
784 3288 1127 3347 habebantur.
1171 3300 1228 3341 nt
1271 3294 1433 3341 omnis
1470 3293 1605 3342 actio

545 3375 661 3411 cum
693 3365 903 3426 populo.
939 3365 1089 3417 Idem.

603 3438 836 3503 Auspicia
852 3441 1082 3505 polluere]
1118 3442 1208 3492 Uti
1225 3442 1335 3491 aliis
1368 3444 1417 3491 in
1450 3444 1606 3494 rebus

544 3514 884 3576 gravioribus,
918 3518 993 3566 ita
1022 3526 1076 3567 et
1101 3519 1150 3566 in
1176 3519 1401 3568 comitiis
1426 3529 1607 3570 centu·

545 3589 692 3638 riatis
716 3591 988 3653 habendis,
1023 3602 1079 3642 et
1103 3596 1396 3646 consuiibus
1422 3612 1608 3648 renun-

547 3664 754 3725 tiandis,
791 3665 1011 3716 Romani
1049 3668 1397 3721 adhibuerunt
1437 3677 1609 3739 auspi·

545 3741 644 3792 cis.
713 3740 851 3791 Hinc
879 3744 1067 3795 Cicero
1101 3761 1196 3809 pro
1231 3748 1471 3811 Murena,
1493 3767 1611 3815 cap.

545 3823 593 3868 l.
633 3825 648 3847 ‘
673 3817 772 3868 1110
797 3818 913 3880 ¹die,
950 3835 1050 3884 quo
1079 3822 1350 3886 auspicato
1389 3826 1612 3876 comitiis

546 3894 853 3945 centuriatis
879 3895 938 3945 1..
961 3896 1516 3949 Murenamconsulem
1529 3914 1608 3950 re·

545 3971 820 4024 nuntiavi.'
890 3973 1001 4024 Cic.
1028 3972 1094 4024 de
1117 3976 1289 4024 Divin.
1311 3989 1348 4024 1.
1373 3981 1451 4026 16.
1478 3980 1493 4007 ⁸
1516 3978 1563 4028 N
1571 3978 1611 4027 i-

545 4049 617 4098 hil
663 4047 773 4099 fere
818 4051 1077 4114 quondam
1117 4051 1327 4114 majoris
1376 4055 1470 4116 rei,
1514 4053 1612 4103 nisi

547 4128 840 4188 auspicato,
876 4141 942 4175 ne
965 4127 1206 4191 privatim
1233 4128 1438 4190 quidem
1463 4144 1612 4193 gere·

546 4194 734 4263 batus-3
772 4204 911 4267 qnod
947 4204 1104 4253 etism
1138 4218 1276 4253 nnnc
1314 4206 1611 4270 nuptiarum

548 4277 784 4343 auspices
827 4279 1115 4343 declarant,
1157 4281 1268 4346 qui,
1307 4295 1362 4332 re
1402 4284 1611 4342 omissa,

1217 384 1436 436 »ποτε
1485 381 1895 435 νΑιιιοιιυιι
1946 382 2025 453 ιιι

1663 544 1850 578 nomen
1876 533 2075 578 tantum
2100 533 2298 579 tenent.
2329 528 2485 592 Nam,
2506 533 2561 576 ut
2587 541 2726 585 nunc

1662 608 1816 671 extis,
1851 623 2141 674 quanquam
2179 609 2230 658 id
2269 609 2435 673 ipsum
2459 609 2728 675 aliquanto

1665 687 1847 742 minus,
1888 701 2038 750 quam
2077 687 2235 748 olim;
2268 686 2343 735 sic
2378 695 2505 736 tunc
2544 677 2726 738 avibus

1665 777 1864 827 magnae
1891 777 1970 811 res
1988 763 2242 825 impertiri
2261 761 2536 811 solebant)
2593 763 2727 812 Vide

1665 833 1943 900 Bulenger.
1979 837 2042 886 de
2080 838 2217 901 Aug.
2251 845 2305 888 et
2336 838 2498 901 Ausp.
2531 852 2619 887 ιιι.
2651 841 2730 887 18.

1667 915 1971 978 Quanquam
1993 920 2007 941 ‘
2023 915 2365 977 auspiciorum
2382 913 2397 935 '
2413 915 2620 964 nomine
2635 915 2729 963 eti·

1666 1005 1748 1040 am
1805 991 2091 1054 generatim
2151 1006 2331 1040 omnes
2381 993 2635 1051 actiones,
2677 991 2730 1040 in

1667 1068 1890 1117 comitiis
1946 1067 2209 1116 observari
2266 1067 2451 1128 solita,
2506 1066 2730 1130 intelligi

1668 1144 1881 1207 possint.
1951 1143 2199 1206 Auspicia
2220 1151 2388 1193 autem
2409 1144 2547 1193 baud
2564 1158 2734 1207 secus,

1668 1233 1729 1269 ac
1750 1221 1847 1269 alia
1883 1235 2049 1280 sacra,
2089 1218 2313 1283 ‘pollui'
2344 1215 2408 1269 ac
2439 1221 2620 1269 violari
2654 1220 2732 1269 di·

1666 1296 1919 1345 cebantur
1958 1295 2021 1344 ab
2066 1295 2357 1346 hominibus
2399 1294 2631 1359 profanis
2675 1303 2731 1346 et

1666 1369 1867 1435 flagitio
1902 1373 2284 1423 contaminatis.
2350 1371 2482 1420 Inde
2508 1373 2619 1421 Cic.
2639 1386 2734 1435 pro

1668 1449 1841 1500 Domo
1864 1464 1974 1510 sua,
1999 1463 2116 1511 cap.
2139 1453 2221 1498 40.
2260 1455 2275 1477 ⁸
2293 1449 2396 1500 Qui
2436 1463 2540 1499 non
2568 1451 2733 1499 solum

1670 1526 1942 1589 adspectu,
1966 1526 2056 1575 sed
2079 1526 2232 1575 etiam
2250 1525 2447 1575 incesto
2464 1522 2663 1588 flagitio
2677 1533 2735 1576 et

1671 1610 1856 1665 stupro
1882 1602 2058 1665 polluit
2084 1601 2439 1650 caria-ionias!
2491 1603 2559 1651 Et
2581 1603 2736 1652 Verr-

1673 1691 1729 1728 x.
1774 1682 1857 1727 72.
1889 1678 2129 1727 ‘Cereris
2168 1685 2221 1727 et
2258 1678 2459 1728 Liberae
2493 1693 2644 1729 sacra
2671 1679 2737 1729 ab

1672 1756 1775 1804 isto
1811 1770 1912 1804 uno
1942 1756 2013 1804 sic
2044 1755 2241 1818 polluta
2274 1762 2328 1806 et
2364 1756 2552 1806 violata
2587 1755 2740 1818 sung·

1671 1834 1770 1880 ἃς.
1803 1831 2043 1881 schum.

1742 1908 1993 1972 Campum]
2027 1908 2290 1967 Martium,
2316 1906 2368 1958 in
2387 1923 2490 1973 quo
2506 1908 2736 1961 comitia.

1674 1984 1895 2034 Patarol.

1741 2058 2107 2122 Samumque]
2138 2061 2318 2110 Marti.
2342 2051 2490 2125 upa.

1740 2135 2120 2199 Spatiosissima]
2152 2136 2377 2200 Campus
2424 2151 2553 2187 sane
2595 2153 2741 2203 mag·

1675 2226 1789 2273 nus,
1813 2220 1968 2276 atque
2003 2212 2136 2260 adeo
2167 2221 2317 2276 septa
2340 2213 2392 2261 in
2416 2229 2481 2263 eo
2503 2216 2742 2264 comitio-

1677 2303 1789 2337 rum
1831 2303 2036 2352 magna.
2104 2290 2182 2338 Ex
2217 2289 2479 2338 Ciceronis
2516 2291 2741 2354 epistola

1675 2366 1895 2430 quadam
1921 2367 1983 2414 ad
2012 2365 2264 2423 Atticum,
2288 2368 2376 2418 lib.
2404 2382 2479 2417 w.
2503 2369 2740 2433 coliigas,

1675 2441 1726 2491 iu
1775 2458 1874 2507 qua
1921 2450 2116 2499 narrat,
2153 2443 2412 2494 Caesarem
2455 2444 2740 2495 destinasse

1673 2518 1857 2581 ‘septa
1895 2534 2182 2569 marmorea
2221 2520 2411 2583 facere,
2451 2537 2620 2587 eaque
2652 2537 2742 2572 ex·

1676 2595 1815 2644 ceiss
1850 2598 2052 2656 porticu
2077 2596 2306 2659 cingere,
2329 2599 2469 2646 mine
2493 2614 2740 2662 passuum

1674 2671 1882 2734 spatio!
1952 2673 2086 2721 Nam
2128 2688 2157 2722 e
2205 2676 2409 2736 porticu
2454 2675 2740 2734 ambiente,

1678 2748 1824 2797 vides
1858 2748 2081 2813 spatium
2125 2749 2292 2813 campi
2336 2750 2657 2800 includendi.
2694 2750 2747 2801 1·

1674 2828 1799 2876 dem.
2597 2871 2608 2879 .

1742 2903 2102 2967 Speeiosissimo
2124 2902 2259 2967 sede]
2298 2902 2448 2952 Hanc
2464 2902 2744 2955 lectionem

1677 2981 1849 3030 iuveni
1877 2981 1925 3028 in
1952 2981 2219 3028 codicibus
2246 2980 2541 3042 Vaticanis,
2572 2981 2749 3030 Vene-

1680 3066 1734 3107 to
1759 3062 1805 3106 2.
1840 3057 2329 3120 Gueipberbytano,
2352 3063 2403 3105 et
2433 3072 2581 3118 meo;
2621 3059 2747 3108 item

1679 3139 1730 3181 et
1758 3133 1808 3181 iu
1833 3133 2061 3181 editione
2091 3133 2341 3192 Rhenani,
2364 3147 2424 3181 ac
2448 3147 2588 3184 minc
2610 3130 2754 3184 Am·

1682 3210 1858 3259 tzenii.
1926 3209 2132 3258 Piaeuit
2180 3209 2363 3259 eadem
2408 3209 2651 3259 Gesnero
2696 3210 2751 3260 iu

1683 3286 2005 3337 Proefatiwe
2038 3295 2090 3335 et
2120 3286 2374 3350 Epistois.
2437 3286 2620 3335 Codex
2658 3287 2753 3336 Sa·

1682 3364 2014 3425 lisburgensis
2074 3378 2104 3411 a
2152 3360 2319 3426 prima
2366 3377 2517 3412 manu
2562 3363 2753 3414 babuit

1681 3440 2042 3505 speciosissima,
2062 3440 2126 3489 ab
2141 3439 2241 3488 stis
2256 3453 2407 3488 manu
2424 3441 2755 3505 suprascrip·

1686 3525 1795 3566 tum
1821 3525 1896 3565 est
1925 3515 2285 3579 spatiosissime.
2353 3516 2532 3565 Ceteri
2572 3526 2753 3567 autem

1688 3593 1896 3644 codices
1928 3600 1979 3642 et
2004 3592 2120 3642 iibri
2145 3592 2335 3642 habent
2358 3592 2623 3655 similiter,
2643 3609 2756 3658 spe·

1685 3672 1960 3722 tiosissima.
2018 3668 2294 3726 Hesitavi,
2315 3670 2421 3719 utri
2444 3670 2656 3720 lectioni
2683 3672 2756 3719 io-

1688 3762 1805 3799 cum
1839 3748 2031 3796 darem.
2097 3746 2347 3809 Campum
2379 3746 2634 3796 Martium
2671 3744 2753 3796 fn-

1684 3825 1785 3873 isse
1823 3819 2321 3885 ‘·spatiosissimum,’
2356 3823 2390 3871 i.
2419 3836 2469 3871 e.
2494 3821 2755 3887 amplissi-

1687 3913 1844 3956 mum,
1865 3898 2081 3960 ejusque
2103 3897 2328 3960 spatium
2358 3898 2594 3961 patuisse
2615 3899 2758 3948 latis·

1686 3975 1836 4038 sime,
1890 3980 1944 4023 et
1990 3973 2285 4023 immensam
2330 3972 2596 4023 hominnm
2650 3971 2759 4024 fre·

1689 4051 1951 4115 quentiam
1995 4049 2215 4113 cepisse.
2265 4055 2495 4098 testatur
2539 4049 2759 4114 Strabo,

1690 4135 1952 4178 testantur
1973 4133 2052 4175 tot
2075 4125 2175 4174 alia
2198 4124 2525 4174 documenta.
2578 4127 2759 4177 Fuisse

1689 4202 1912 4254 eundem
1957 4202 2114 4251 etiam
2152 4199 2663 4264 ‘speciosissimom,'
2703 4209 2763 4252 et

1690 4280 2114 4348 pulcherrimum,
2139 4276 2274 4331 idem
2300 4284 2526 4329 testatus·
2546 4279 2761 4342 Strabo,
