<?xml version="1.0" encoding="UTF-8"?>
<!DOCTYPE html PUBLIC "-//W3C//DTD XHTML 1.0 Transitional//EN"
    "http://www.w3.org/TR/xhtml1/DTD/xhtml1-transitional.dtd">
<html xmlns="http://www.w3.org/1999/xhtml" xml:lang="en" lang="en">
 <head>
  <title>
</title>
<meta http-equiv="Content-Type" content="text/html;charset=utf-8" />
  <meta name='ocr-system' content='tesseract 3.04.00' />
  <meta name='ocr-capabilities' content='ocr_page ocr_carea ocr_par ocr_line ocrx_word'/>
</head>
<body>
  <div class='ocr_page' id='page_1' title='image "./panegyriciveter02unkngoog_0170.png"; bbox 0 0 3060 4902; ppageno 0'>
   <div class='ocr_carea' id='block_1_1' title="bbox 515 381 644 445">
    <p class='ocr_par' dir='ltr' id='par_1_1' title="bbox 515 381 644 445">
     <span class='ocr_line' id='line_1_1' title="bbox 515 381 644 445; baseline -0.016 0"><span class='ocrx_word' id='word_1_1' title='bbox 515 381 644 445; x_wconf 68' lang='lat'>614-</span> 
     </span>
    </p>
   </div>
   <div class='ocr_carea' id='block_1_2' title="bbox 1222 394 2030 443">
    <p class='ocr_par' dir='ltr' id='par_1_2' title="bbox 1222 394 2030 443">
     <span class='ocr_line' id='line_1_2' title="bbox 1222 394 2030 443; baseline 0.001 -1"><span class='ocrx_word' id='word_1_2' title='bbox 1222 396 1436 443; x_wconf 62' lang='lat' dir='ltr'>⁸0⁹1*AE</span> <span class='ocrx_word' id='word_1_3' title='bbox 1489 394 1891 442; x_wconf 77' lang='lat' dir='ltr'>VAntoRUM</span> <span class='ocrx_word' id='word_1_4' title='bbox 1951 395 2030 443; x_wconf 77' lang='grc' dir='ltr'>ΙΝ</span> 
     </span>
    </p>
   </div>
   <div class='ocr_carea' id='block_1_3' title="bbox 516 537 2729 602">
    <p class='ocr_par' dir='ltr' id='par_1_3' title="bbox 516 537 2729 602">
     <span class='ocr_line' id='line_1_3' title="bbox 516 537 2729 602; baseline 0 -14"><span class='ocrx_word' id='word_1_5' title='bbox 516 537 1585 601; x_wconf 79' lang='lat' dir='ltr'>ferrentseruntur,parunicircumspecte;</span> <span class='ocrx_word' id='word_1_6' title='bbox 1651 538 1757 600; x_wconf 87' lang='lat' dir='ltr'>jor,</span> <span class='ocrx_word' id='word_1_7' title='bbox 1784 552 1964 589; x_wconf 83' lang='lat' dir='ltr'>xxxv.</span> <span class='ocrx_word' id='word_1_8' title='bbox 1998 542 2075 587; x_wconf 83' lang='lat'>12.</span> <span class='ocrx_word' id='word_1_9' title='bbox 2102 537 2253 598; x_wconf 80' lang='lat' dir='ltr'>dixit,</span> <span class='ocrx_word' id='word_1_10' title='bbox 2289 542 2304 567; x_wconf 75' lang='lat'>⁸</span> <span class='ocrx_word' id='word_1_11' title='bbox 2334 538 2464 588; x_wconf 65' lang='lat' dir='ltr'>Haec</span> <span class='ocrx_word' id='word_1_12' title='bbox 2499 553 2596 602; x_wconf 85' lang='lat' dir='ltr'>per</span> <span class='ocrx_word' id='word_1_13' title='bbox 2624 554 2729 589; x_wconf 85' lang='lat' dir='ltr'>ma·</span> 
     </span>
    </p>
   </div>
   <div class='ocr_carea' id='block_1_4' title="bbox 509 613 1599 4371">
    <p class='ocr_par' dir='ltr' id='par_1_4' title="bbox 519 613 1587 830">
     <span class='ocr_line' id='line_1_4' title="bbox 522 613 1586 678; baseline 0.001 -15"><span class='ocrx_word' id='word_1_14' title='bbox 522 628 622 663; x_wconf 84' lang='lat' dir='ltr'>uon</span> <span class='ocrx_word' id='word_1_15' title='bbox 662 616 817 669; x_wconf 86' lang='lat' dir='ltr'>enim,</span> <span class='ocrx_word' id='word_1_16' title='bbox 853 629 967 678; x_wconf 83' lang='lat' dir='ltr'>quae</span> <span class='ocrx_word' id='word_1_17' title='bbox 1003 613 1212 678; x_wconf 85' lang='lat' dir='ltr'>propria</span> <span class='ocrx_word' id='word_1_18' title='bbox 1250 616 1586 677; x_wconf 84' lang='lat' dir='ltr'>singulorum,</span> 
     </span>
     <span class='ocr_line' id='line_1_5' title="bbox 519 691 1587 755; baseline 0 -15"><span class='ocrx_word' id='word_1_19' title='bbox 519 691 723 740; x_wconf 81' lang='lat' dir='ltr'>cultura</span> <span class='ocrx_word' id='word_1_20' title='bbox 743 698 943 739; x_wconf 88' lang='lat' dir='ltr'>tantum</span> <span class='ocrx_word' id='word_1_21' title='bbox 962 705 1023 740; x_wconf 86' lang='lat' dir='ltr'>ac</span> <span class='ocrx_word' id='word_1_22' title='bbox 1041 699 1176 751; x_wconf 87' lang='lat' dir='ltr'>satu,</span> <span class='ocrx_word' id='word_1_23' title='bbox 1196 691 1286 739; x_wconf 90' lang='lat' dir='ltr'>sed</span> <span class='ocrx_word' id='word_1_24' title='bbox 1307 693 1442 740; x_wconf 88' lang='lat' dir='ltr'>ultro</span> <span class='ocrx_word' id='word_1_25' title='bbox 1461 707 1587 755; x_wconf 88' lang='lat' dir='ltr'>quo-</span> 
     </span>
     <span class='ocr_line' id='line_1_6' title="bbox 523 766 1430 830; baseline 0 -16"><span class='ocrx_word' id='word_1_26' title='bbox 523 779 623 830; x_wconf 80' lang='lat' dir='ltr'>que</span> <span class='ocrx_word' id='word_1_27' title='bbox 647 772 699 815; x_wconf 96' lang='lat' dir='ltr'>et</span> <span class='ocrx_word' id='word_1_28' title='bbox 723 774 908 829; x_wconf 87' lang='lat' dir='ltr'>sponte</span> <span class='ocrx_word' id='word_1_29' title='bbox 934 776 1233 815; x_wconf 88' lang='lat' dir='ltr'>nascuntur.</span> <span class='ocrx_word' id='word_1_30' title='bbox 1269 766 1430 815; x_wconf 69' lang='lat' dir='ltr'>Livia.</span> 
     </span>
    </p>

    <p class='ocr_par' dir='ltr' id='par_1_5' title="bbox 509 844 1599 4371">
     <span class='ocr_line' id='line_1_7' title="bbox 589 844 1587 908; baseline 0.003 -15"><span class='ocrx_word' id='word_1_31' title='bbox 589 845 712 899; x_wconf 81' lang='lat' dir='ltr'>Quae</span> <span class='ocrx_word' id='word_1_32' title='bbox 743 844 914 908; x_wconf 76' lang='lat' dir='ltr'>ubique</span> <span class='ocrx_word' id='word_1_33' title='bbox 932 846 1184 907; x_wconf 77' lang='lat' dir='ltr'>seruntur,</span> <span class='ocrx_word' id='word_1_34' title='bbox 1216 861 1411 908; x_wconf 70' lang='lat' dir='ltr'>queque</span> <span class='ocrx_word' id='word_1_35' title='bbox 1447 860 1587 908; x_wconf 76' lang='lat' dir='ltr'>expe-</span> 
     </span>
     <span class='ocr_line' id='line_1_8' title="bbox 517 922 1586 986; baseline -0.002 -13"><span class='ocrx_word' id='word_1_36' title='bbox 517 922 710 985; x_wconf 72' lang='lat' dir='ltr'>tuntur]</span> <span class='ocrx_word' id='word_1_37' title='bbox 751 922 902 972; x_wconf 82' lang='lat' dir='ltr'>Hanc</span> <span class='ocrx_word' id='word_1_38' title='bbox 925 922 1201 971; x_wconf 88' lang='lat' dir='ltr'>lectionem</span> <span class='ocrx_word' id='word_1_39' title='bbox 1229 925 1423 986; x_wconf 86' lang='lat' dir='ltr'>primus</span> <span class='ocrx_word' id='word_1_40' title='bbox 1444 924 1586 971; x_wconf 85' lang='lat' dir='ltr'>evul-</span> 
     </span>
     <span class='ocr_line' id='line_1_9' title="bbox 520 999 1586 1064; baseline 0.002 -17"><span class='ocrx_word' id='word_1_41' title='bbox 520 999 662 1061; x_wconf 87' lang='lat' dir='ltr'>gavit</span> <span class='ocrx_word' id='word_1_42' title='bbox 688 1000 991 1059; x_wconf 82' lang='lat' dir='ltr'>Catanaeus;</span> <span class='ocrx_word' id='word_1_43' title='bbox 1030 1014 1179 1063; x_wconf 85' lang='lat' dir='ltr'>quam</span> <span class='ocrx_word' id='word_1_44' title='bbox 1203 999 1450 1062; x_wconf 73' lang='lat' dir='ltr'>deinceps</span> <span class='ocrx_word' id='word_1_45' title='bbox 1473 1002 1586 1064; x_wconf 91' lang='lat' dir='ltr'>plu·</span> 
     </span>
     <span class='ocr_line' id='line_1_10' title="bbox 521 1076 1588 1126; baseline 0.003 -3"><span class='ocrx_word' id='word_1_46' title='bbox 521 1076 633 1124; x_wconf 89' lang='lat' dir='ltr'>rimi</span> <span class='ocrx_word' id='word_1_47' title='bbox 659 1076 885 1125; x_wconf 75' lang='lat' dir='ltr'>editores</span> <span class='ocrx_word' id='word_1_48' title='bbox 911 1076 1257 1126; x_wconf 85' lang='lat' dir='ltr'>retinuerunt.</span> <span class='ocrx_word' id='word_1_49' title='bbox 1325 1076 1465 1126; x_wconf 78' lang='lat' dir='ltr'>Ante</span> <span class='ocrx_word' id='word_1_50' title='bbox 1491 1078 1588 1126; x_wconf 85' lang='lat' dir='ltr'>Ca-</span> 
     </span>
     <span class='ocr_line' id='line_1_11' title="bbox 519 1154 1585 1215; baseline 0.002 -13"><span class='ocrx_word' id='word_1_51' title='bbox 519 1160 768 1215; x_wconf 84' lang='lat' dir='ltr'>tanaeum,</span> <span class='ocrx_word' id='word_1_52' title='bbox 814 1154 1133 1203; x_wconf 86' lang='lat' dir='ltr'>Puteolanus</span> <span class='ocrx_word' id='word_1_53' title='bbox 1191 1160 1245 1202; x_wconf 89' lang='lat' dir='ltr'>et</span> <span class='ocrx_word' id='word_1_54' title='bbox 1295 1154 1585 1204; x_wconf 87' lang='lat' dir='ltr'>Beroaldus</span> 
     </span>
     <span class='ocr_line' id='line_1_12' title="bbox 519 1228 1585 1293; baseline 0 -14"><span class='ocrx_word' id='word_1_55' title='bbox 519 1230 740 1279; x_wconf 86' lang='lat' dir='ltr'>omisere</span> <span class='ocrx_word' id='word_1_56' title='bbox 765 1228 1062 1278; x_wconf 73' lang='lat' dir='ltr'>adverbium</span> <span class='ocrx_word' id='word_1_57' title='bbox 1086 1229 1273 1290; x_wconf 80' lang='lat' dir='ltr'>ubique,</span> <span class='ocrx_word' id='word_1_58' title='bbox 1289 1240 1341 1278; x_wconf 88' lang='lat' dir='ltr'>et</span> <span class='ocrx_word' id='word_1_59' title='bbox 1365 1244 1585 1293; x_wconf 81' lang='lat' dir='ltr'>sequen-</span> 
     </span>
     <span class='ocr_line' id='line_1_13' title="bbox 517 1305 1589 1369; baseline 0.003 -15"><span class='ocrx_word' id='word_1_60' title='bbox 517 1305 591 1354; x_wconf 83' lang='lat' dir='ltr'>tia</span> <span class='ocrx_word' id='word_1_61' title='bbox 612 1305 773 1354; x_wconf 82' lang='lat' dir='ltr'>verba</span> <span class='ocrx_word' id='word_1_62' title='bbox 792 1305 927 1354; x_wconf 89' lang='lat' dir='ltr'>male</span> <span class='ocrx_word' id='word_1_63' title='bbox 944 1307 1182 1355; x_wconf 84' lang='lat' dir='ltr'>ordinata</span> <span class='ocrx_word' id='word_1_64' title='bbox 1202 1307 1276 1356; x_wconf 88' lang='lat' dir='ltr'>sic</span> <span class='ocrx_word' id='word_1_65' title='bbox 1297 1306 1589 1369; x_wconf 79' lang='lat' dir='ltr'>prodidere,</span> 
     </span>
     <span class='ocr_line' id='line_1_14' title="bbox 517 1381 1586 1446; baseline 0.005 -18"><span class='ocrx_word' id='word_1_66' title='bbox 517 1386 590 1443; x_wconf 74' lang='lat' dir='ltr'>ut,</span> <span class='ocrx_word' id='word_1_67' title='bbox 601 1381 955 1443; x_wconf 77' lang='lat' dir='ltr'>quoeseruntur,</span> <span class='ocrx_word' id='word_1_68' title='bbox 966 1397 1162 1445; x_wconf 69' lang='lat' dir='ltr'>queque</span> <span class='ocrx_word' id='word_1_69' title='bbox 1173 1389 1478 1446; x_wconf 76' lang='lat' dir='ltr'>expetuntur,</span> <span class='ocrx_word' id='word_1_70' title='bbox 1488 1401 1586 1434; x_wconf 86' lang='lat' dir='ltr'>om-</span> 
     </span>
     <span class='ocr_line' id='line_1_15' title="bbox 517 1460 1588 1523; baseline 0.002 -16"><span class='ocrx_word' id='word_1_71' title='bbox 517 1473 602 1507; x_wconf 76' lang='lat' dir='ltr'>nes</span> <span class='ocrx_word' id='word_1_72' title='bbox 632 1465 802 1519; x_wconf 77' lang='lat' dir='ltr'>gentes</span> <span class='ocrx_word' id='word_1_73' title='bbox 832 1463 879 1508; x_wconf 76' lang='lat' dir='ltr'>el</span> <span class='ocrx_word' id='word_1_74' title='bbox 913 1460 1119 1520; x_wconf 80' lang='lat' dir='ltr'>discant,</span> <span class='ocrx_word' id='word_1_75' title='bbox 1146 1460 1347 1509; x_wconf 78' lang='lat' dir='ltr'>inuicem</span> <span class='ocrx_word' id='word_1_76' title='bbox 1379 1460 1588 1523; x_wconf 78' lang='lat' dir='ltr'>capiant.</span> 
     </span>
     <span class='ocr_line' id='line_1_16' title="bbox 517 1533 1585 1600; baseline 0.001 -16"><span class='ocrx_word' id='word_1_77' title='bbox 517 1533 592 1584; x_wconf 79' lang='lat' dir='ltr'>At</span> <span class='ocrx_word' id='word_1_78' title='bbox 615 1549 792 1583; x_wconf 87' lang='lat' dir='ltr'>omnes</span> <span class='ocrx_word' id='word_1_79' title='bbox 818 1536 1045 1590; x_wconf 88' lang='lat' dir='ltr'>omnino,</span> <span class='ocrx_word' id='word_1_80' title='bbox 1067 1550 1196 1600; x_wconf 89' lang='lat' dir='ltr'>quos</span> <span class='ocrx_word' id='word_1_81' title='bbox 1221 1537 1473 1596; x_wconf 88' lang='lat' dir='ltr'>consului,</span> <span class='ocrx_word' id='word_1_82' title='bbox 1496 1551 1585 1585; x_wconf 87' lang='lat' dir='ltr'>eo-</span> 
     </span>
     <span class='ocr_line' id='line_1_17' title="bbox 519 1610 1589 1675; baseline 0.002 -16"><span class='ocrx_word' id='word_1_83' title='bbox 519 1610 664 1659; x_wconf 80' lang='lat' dir='ltr'>dices</span> <span class='ocrx_word' id='word_1_84' title='bbox 697 1612 825 1660; x_wconf 87' lang='lat' dir='ltr'>Mss.</span> <span class='ocrx_word' id='word_1_85' title='bbox 849 1619 1042 1675; x_wconf 84' lang='lat' dir='ltr'>praeter</span> <span class='ocrx_word' id='word_1_86' title='bbox 1075 1612 1373 1660; x_wconf 80' lang='lat' dir='ltr'>adverbium</span> <span class='ocrx_word' id='word_1_87' title='bbox 1398 1612 1589 1675; x_wconf 76' lang='lat' dir='ltr'>ubique,</span> 
     </span>
     <span class='ocr_line' id='line_1_18' title="bbox 518 1688 1588 1745; baseline 0.001 -9"><span class='ocrx_word' id='word_1_88' title='bbox 518 1688 755 1737; x_wconf 81' lang='lat' dir='ltr'>similiter</span> <span class='ocrx_word' id='word_1_89' title='bbox 782 1689 1040 1745; x_wconf 86' lang='lat' dir='ltr'>omissum,</span> <span class='ocrx_word' id='word_1_90' title='bbox 1066 1689 1312 1737; x_wconf 79' lang='lat' dir='ltr'>exhibent</span> <span class='ocrx_word' id='word_1_91' title='bbox 1348 1688 1505 1737; x_wconf 84' lang='lat' dir='ltr'>verba</span> <span class='ocrx_word' id='word_1_92' title='bbox 1535 1704 1588 1737; x_wconf 90' lang='lat' dir='ltr'>a·</span> 
     </span>
     <span class='ocr_line' id='line_1_19' title="bbox 519 1764 1587 1828; baseline 0.001 -15"><span class='ocrx_word' id='word_1_93' title='bbox 519 1765 719 1828; x_wconf 79' lang='lat' dir='ltr'>gentis,</span> <span class='ocrx_word' id='word_1_94' title='bbox 756 1769 830 1824; x_wconf 78' lang='lat' dir='ltr'>nt,</span> <span class='ocrx_word' id='word_1_95' title='bbox 864 1780 968 1826; x_wconf 81' lang='lat' dir='ltr'>quoe</span> <span class='ocrx_word' id='word_1_96' title='bbox 995 1764 1184 1823; x_wconf 79' lang='lat' dir='ltr'>serunt,</span> <span class='ocrx_word' id='word_1_97' title='bbox 1221 1780 1414 1828; x_wconf 67' lang='lat' dir='ltr'>quasque</span> <span class='ocrx_word' id='word_1_98' title='bbox 1445 1780 1587 1827; x_wconf 77' lang='lat' dir='ltr'>expe·</span> 
     </span>
     <span class='ocr_line' id='line_1_20' title="bbox 518 1839 1589 1905; baseline 0.002 -15"><span class='ocrx_word' id='word_1_99' title='bbox 518 1847 644 1890; x_wconf 73' lang='lat' dir='ltr'>tuat.</span> <span class='ocrx_word' id='word_1_100' title='bbox 709 1839 807 1896; x_wconf 83' lang='lat' dir='ltr'>Ac,</span> <span class='ocrx_word' id='word_1_101' title='bbox 831 1841 1060 1905; x_wconf 83' lang='lat' dir='ltr'>quamvis</span> <span class='ocrx_word' id='word_1_102' title='bbox 1090 1841 1292 1904; x_wconf 82' lang='lat' dir='ltr'>plurimi</span> <span class='ocrx_word' id='word_1_103' title='bbox 1330 1850 1589 1904; x_wconf 69' lang='lat' dir='ltr'>praeterea</span> 
     </span>
     <span class='ocr_line' id='line_1_21' title="bbox 519 1916 1588 1981; baseline 0.006 -17"><span class='ocrx_word' id='word_1_104' title='bbox 519 1931 615 1981; x_wconf 88' lang='lat' dir='ltr'>pro</span> <span class='ocrx_word' id='word_1_105' title='bbox 638 1932 794 1965; x_wconf 80' lang='lat' dir='ltr'>omnes</span> <span class='ocrx_word' id='word_1_106' title='bbox 826 1916 1050 1966; x_wconf 84' lang='lat' dir='ltr'>babeant</span> <span class='ocrx_word' id='word_1_107' title='bbox 1075 1934 1200 1981; x_wconf 79' lang='lat' dir='ltr'>opes,</span> <span class='ocrx_word' id='word_1_108' title='bbox 1225 1925 1276 1967; x_wconf 88' lang='lat' dir='ltr'>et</span> <span class='ocrx_word' id='word_1_109' title='bbox 1303 1921 1588 1980; x_wconf 82' lang='lat' dir='ltr'>posteriora</span> 
     </span>
     <span class='ocr_line' id='line_1_22' title="bbox 518 1993 1589 2058; baseline 0.003 -16"><span class='ocrx_word' id='word_1_110' title='bbox 518 2008 722 2058; x_wconf 87' lang='lat' dir='ltr'>quoque</span> <span class='ocrx_word' id='word_1_111' title='bbox 751 1993 905 2042; x_wconf 91' lang='lat' dir='ltr'>verba</span> <span class='ocrx_word' id='word_1_112' title='bbox 925 1994 1102 2042; x_wconf 88' lang='lat' dir='ltr'>itidem</span> <span class='ocrx_word' id='word_1_113' title='bbox 1130 2010 1400 2058; x_wconf 77' lang='lat' dir='ltr'>perperam</span> <span class='ocrx_word' id='word_1_114' title='bbox 1422 2004 1589 2046; x_wconf 89' lang='lat' dir='ltr'>trans-</span> 
     </span>
     <span class='ocr_line' id='line_1_23' title="bbox 519 2071 1588 2137; baseline 0.003 -18"><span class='ocrx_word' id='word_1_115' title='bbox 519 2079 731 2135; x_wconf 78' lang='lat' dir='ltr'>ponant,</span> <span class='ocrx_word' id='word_1_116' title='bbox 756 2071 979 2120; x_wconf 88' lang='lat' dir='ltr'>melioris</span> <span class='ocrx_word' id='word_1_117' title='bbox 1013 2080 1185 2120; x_wconf 88' lang='lat' dir='ltr'>tamen</span> <span class='ocrx_word' id='word_1_118' title='bbox 1222 2072 1460 2121; x_wconf 87' lang='lat' dir='ltr'>lectionis</span> <span class='ocrx_word' id='word_1_119' title='bbox 1497 2090 1588 2137; x_wconf 88' lang='lat' dir='ltr'>ag·</span> 
     </span>
     <span class='ocr_line' id='line_1_24' title="bbox 518 2148 1589 2212; baseline 0.002 -14"><span class='ocrx_word' id='word_1_120' title='bbox 518 2148 795 2198; x_wconf 83' lang='lat' dir='ltr'>noscendae</span> <span class='ocrx_word' id='word_1_121' title='bbox 827 2148 1046 2212; x_wconf 81' lang='lat' dir='ltr'>vestigia</span> <span class='ocrx_word' id='word_1_122' title='bbox 1080 2149 1238 2197; x_wconf 82' lang='lat' dir='ltr'>nihilo</span> <span class='ocrx_word' id='word_1_123' title='bbox 1262 2150 1425 2198; x_wconf 87' lang='lat' dir='ltr'>minus</span> <span class='ocrx_word' id='word_1_124' title='bbox 1452 2166 1589 2200; x_wconf 86' lang='lat' dir='ltr'>com-</span> 
     </span>
     <span class='ocr_line' id='line_1_25' title="bbox 519 2225 1589 2276; baseline 0.001 -1"><span class='ocrx_word' id='word_1_125' title='bbox 519 2231 830 2275; x_wconf 79' lang='lat' dir='ltr'>monstrant.</span> <span class='ocrx_word' id='word_1_126' title='bbox 899 2225 985 2274; x_wconf 89' lang='lat' dir='ltr'>Sic</span> <span class='ocrx_word' id='word_1_127' title='bbox 1023 2225 1180 2273; x_wconf 87' lang='lat' dir='ltr'>etiam</span> <span class='ocrx_word' id='word_1_128' title='bbox 1215 2227 1265 2273; x_wconf 92' lang='lat' dir='ltr'>in</span> <span class='ocrx_word' id='word_1_129' title='bbox 1301 2227 1432 2275; x_wconf 91' lang='lat' dir='ltr'>libro</span> <span class='ocrx_word' id='word_1_130' title='bbox 1457 2228 1589 2276; x_wconf 83' lang='lat' dir='ltr'>Vos·</span> 
     </span>
     <span class='ocr_line' id='line_1_26' title="bbox 521 2301 1590 2358; baseline 0.001 -7"><span class='ocrx_word' id='word_1_131' title='bbox 521 2302 684 2358; x_wconf 87' lang='lat' dir='ltr'>siano,</span> <span class='ocrx_word' id='word_1_132' title='bbox 709 2316 773 2350; x_wconf 81' lang='lat' dir='ltr'>ex</span> <span class='ocrx_word' id='word_1_133' title='bbox 805 2301 985 2351; x_wconf 89' lang='lat' dir='ltr'>codice</span> <span class='ocrx_word' id='word_1_134' title='bbox 1011 2302 1154 2351; x_wconf 87' lang='lat' dir='ltr'>Elsb.</span> <span class='ocrx_word' id='word_1_135' title='bbox 1179 2302 1292 2352; x_wconf 74' lang='lat' dir='ltr'>baec</span> <span class='ocrx_word' id='word_1_136' title='bbox 1318 2303 1477 2352; x_wconf 86' lang='lat' dir='ltr'>lectio</span> <span class='ocrx_word' id='word_1_137' title='bbox 1501 2319 1590 2352; x_wconf 90' lang='lat' dir='ltr'>an·</span> 
     </span>
     <span class='ocr_line' id='line_1_27' title="bbox 526 2382 1592 2446; baseline 0.003 -16"><span class='ocrx_word' id='word_1_138' title='bbox 526 2390 703 2430; x_wconf 86' lang='lat' dir='ltr'>notata</span> <span class='ocrx_word' id='word_1_139' title='bbox 724 2390 820 2437; x_wconf 89' lang='lat' dir='ltr'>est,</span> <span class='ocrx_word' id='word_1_140' title='bbox 839 2397 956 2445; x_wconf 81' lang='lat' dir='ltr'>quae</span> <span class='ocrx_word' id='word_1_141' title='bbox 978 2382 1185 2445; x_wconf 86' lang='lat' dir='ltr'>quidem</span> <span class='ocrx_word' id='word_1_142' title='bbox 1206 2398 1301 2431; x_wconf 90' lang='lat' dir='ltr'>nec</span> <span class='ocrx_word' id='word_1_143' title='bbox 1322 2383 1430 2446; x_wconf 88' lang='lat' dir='ltr'>ipsa</span> <span class='ocrx_word' id='word_1_144' title='bbox 1448 2399 1592 2433; x_wconf 90' lang='lat' dir='ltr'>men·</span> 
     </span>
     <span class='ocr_line' id='line_1_28' title="bbox 521 2459 1592 2524; baseline 0.003 -17"><span class='ocrx_word' id='word_1_145' title='bbox 521 2459 603 2508; x_wconf 88' lang='lat' dir='ltr'>dis</span> <span class='ocrx_word' id='word_1_146' title='bbox 641 2466 805 2522; x_wconf 86' lang='lat' dir='ltr'>caret,</span> <span class='ocrx_word' id='word_1_147' title='bbox 832 2465 904 2518; x_wconf 79' lang='lat' dir='ltr'>ut,</span> <span class='ocrx_word' id='word_1_148' title='bbox 933 2476 1035 2522; x_wconf 76' lang='lat' dir='ltr'>quoe</span> <span class='ocrx_word' id='word_1_149' title='bbox 1060 2460 1251 2520; x_wconf 81' lang='lat' dir='ltr'>serunt,</span> <span class='ocrx_word' id='word_1_150' title='bbox 1280 2477 1474 2524; x_wconf 78' lang='lat' dir='ltr'>quaeque</span> <span class='ocrx_word' id='word_1_151' title='bbox 1506 2476 1592 2511; x_wconf 79' lang='lat' dir='ltr'>ex·</span> 
     </span>
     <span class='ocr_line' id='line_1_29' title="bbox 518 2536 1592 2598; baseline 0.003 -15"><span class='ocrx_word' id='word_1_152' title='bbox 518 2539 704 2598; x_wconf 74' lang='lat' dir='ltr'>petunt,</span> <span class='ocrx_word' id='word_1_153' title='bbox 728 2551 836 2596; x_wconf 77' lang='lat' dir='ltr'>opes</span> <span class='ocrx_word' id='word_1_154' title='bbox 867 2542 1034 2596; x_wconf 80' lang='lat' dir='ltr'>gentes</span> <span class='ocrx_word' id='word_1_155' title='bbox 1066 2536 1250 2584; x_wconf 70' lang='lat' dir='ltr'>discunt</span> <span class='ocrx_word' id='word_1_156' title='bbox 1285 2537 1484 2586; x_wconf 78' lang='lat' dir='ltr'>invicem</span> <span class='ocrx_word' id='word_1_157' title='bbox 1511 2553 1592 2586; x_wconf 79' lang='lat' dir='ltr'>ca·</span> 
     </span>
     <span class='ocr_line' id='line_1_30' title="bbox 519 2612 1591 2674; baseline 0.004 -16"><span class='ocrx_word' id='word_1_158' title='bbox 519 2612 674 2673; x_wconf 75' lang='lat' dir='ltr'>piant.</span> <span class='ocrx_word' id='word_1_159' title='bbox 755 2612 1058 2674; x_wconf 88' lang='lat' dir='ltr'>Cujusmodi</span> <span class='ocrx_word' id='word_1_160' title='bbox 1107 2614 1380 2661; x_wconf 87' lang='lat' dir='ltr'>lectionem</span> <span class='ocrx_word' id='word_1_161' title='bbox 1432 2614 1591 2662; x_wconf 88' lang='lat' dir='ltr'>etiam</span> 
     </span>
     <span class='ocr_line' id='line_1_31' title="bbox 521 2686 1594 2750; baseline 0.003 -14"><span class='ocrx_word' id='word_1_162' title='bbox 521 2686 809 2750; x_wconf 84' lang='lat' dir='ltr'>Grypliius,</span> <span class='ocrx_word' id='word_1_163' title='bbox 854 2687 1166 2750; x_wconf 78' lang='lat' dir='ltr'>Stephanus,</span> <span class='ocrx_word' id='word_1_164' title='bbox 1224 2696 1277 2736; x_wconf 89' lang='lat' dir='ltr'>et</span> <span class='ocrx_word' id='word_1_165' title='bbox 1333 2689 1594 2739; x_wconf 87' lang='lat' dir='ltr'>Livineius</span> 
     </span>
     <span class='ocr_line' id='line_1_32' title="bbox 526 2763 1592 2826; baseline 0.005 -17"><span class='ocrx_word' id='word_1_166' title='bbox 526 2763 578 2811; x_wconf 88' lang='lat' dir='ltr'>in</span> <span class='ocrx_word' id='word_1_167' title='bbox 619 2767 850 2826; x_wconf 80' lang='lat' dir='ltr'>margine</span> <span class='ocrx_word' id='word_1_168' title='bbox 886 2765 1170 2812; x_wconf 80' lang='lat' dir='ltr'>editionum</span> <span class='ocrx_word' id='word_1_169' title='bbox 1205 2780 1407 2813; x_wconf 88' lang='lat' dir='ltr'>suarum</span> <span class='ocrx_word' id='word_1_170' title='bbox 1443 2774 1592 2815; x_wconf 88' lang='lat' dir='ltr'>nota-</span> 
     </span>
     <span class='ocr_line' id='line_1_33' title="bbox 523 2839 1593 2905; baseline 0.005 -19"><span class='ocrx_word' id='word_1_171' title='bbox 523 2847 662 2888; x_wconf 86' lang='lat' dir='ltr'>runt.</span> <span class='ocrx_word' id='word_1_172' title='bbox 730 2839 928 2889; x_wconf 83' lang='lat' dir='ltr'>Adliaec</span> <span class='ocrx_word' id='word_1_173' title='bbox 964 2840 1227 2889; x_wconf 82' lang='lat' dir='ltr'>Livineius</span> <span class='ocrx_word' id='word_1_174' title='bbox 1261 2856 1463 2905; x_wconf 81' lang='lat' dir='ltr'>quoque</span> <span class='ocrx_word' id='word_1_175' title='bbox 1490 2852 1593 2891; x_wconf 86' lang='lat' dir='ltr'>tes·</span> 
     </span>
     <span class='ocr_line' id='line_1_34' title="bbox 524 2917 1593 2981; baseline 0.002 -16"><span class='ocrx_word' id='word_1_176' title='bbox 524 2924 684 2973; x_wconf 85' lang='lat' dir='ltr'>tatur,</span> <span class='ocrx_word' id='word_1_177' title='bbox 728 2923 988 2966; x_wconf 87' lang='lat' dir='ltr'>vetustum</span> <span class='ocrx_word' id='word_1_178' title='bbox 1035 2917 1289 2973; x_wconf 86' lang='lat' dir='ltr'>codicem,</span> <span class='ocrx_word' id='word_1_179' title='bbox 1329 2933 1430 2981; x_wconf 92' lang='lat' dir='ltr'>quo</span> <span class='ocrx_word' id='word_1_180' title='bbox 1474 2933 1593 2967; x_wconf 87' lang='lat' dir='ltr'>usus</span> 
     </span>
     <span class='ocr_line' id='line_1_35' title="bbox 523 2993 1592 3058; baseline -0.001 -14"><span class='ocrx_word' id='word_1_181' title='bbox 523 3003 623 3051; x_wconf 86' lang='lat' dir='ltr'>est,</span> <span class='ocrx_word' id='word_1_182' title='bbox 656 2993 793 3044; x_wconf 85' lang='lat' dir='ltr'>haud</span> <span class='ocrx_word' id='word_1_183' title='bbox 830 3008 978 3044; x_wconf 88' lang='lat' dir='ltr'>secus</span> <span class='ocrx_word' id='word_1_184' title='bbox 1011 3008 1071 3043; x_wconf 88' lang='lat' dir='ltr'>ac</span> <span class='ocrx_word' id='word_1_185' title='bbox 1105 2995 1403 3058; x_wconf 81' lang='lat' dir='ltr'>cuspiniani</span> <span class='ocrx_word' id='word_1_186' title='bbox 1439 2995 1592 3043; x_wconf 87' lang='lat' dir='ltr'>editi·</span> 
     </span>
     <span class='ocr_line' id='line_1_36' title="bbox 523 3071 1594 3136; baseline -0.001 -14"><span class='ocrx_word' id='word_1_187' title='bbox 523 3087 694 3134; x_wconf 86' lang='lat' dir='ltr'>onem,</span> <span class='ocrx_word' id='word_1_188' title='bbox 734 3080 1113 3135; x_wconf 56' lang='lat' dir='ltr'>repraesentare</span> <span class='ocrx_word' id='word_1_189' title='bbox 1142 3071 1313 3131; x_wconf 81' lang='lat' dir='ltr'>serunt</span> <span class='ocrx_word' id='word_1_190' title='bbox 1360 3078 1414 3121; x_wconf 88' lang='lat' dir='ltr'>et</span> <span class='ocrx_word' id='word_1_191' title='bbox 1454 3088 1594 3136; x_wconf 78' lang='lat' dir='ltr'>expe·</span> 
     </span>
     <span class='ocr_line' id='line_1_37' title="bbox 524 3149 1594 3212; baseline -0.001 -15"><span class='ocrx_word' id='word_1_192' title='bbox 524 3154 652 3197; x_wconf 75' lang='lat' dir='ltr'>tunt.</span> <span class='ocrx_word' id='word_1_193' title='bbox 719 3150 887 3199; x_wconf 89' lang='lat' dir='ltr'>Nemo</span> <span class='ocrx_word' id='word_1_194' title='bbox 921 3164 1020 3197; x_wconf 89' lang='lat' dir='ltr'>non</span> <span class='ocrx_word' id='word_1_195' title='bbox 1058 3149 1322 3211; x_wconf 86' lang='lat' dir='ltr'>iutelligit,</span> <span class='ocrx_word' id='word_1_196' title='bbox 1347 3163 1446 3197; x_wconf 88' lang='lat' dir='ltr'>non</span> <span class='ocrx_word' id='word_1_197' title='bbox 1469 3164 1594 3212; x_wconf 82' lang='lat' dir='ltr'>opes,</span> 
     </span>
     <span class='ocr_line' id='line_1_38' title="bbox 523 3221 1593 3286; baseline 0.002 -13"><span class='ocrx_word' id='word_1_198' title='bbox 523 3221 615 3274; x_wconf 78' lang='lat' dir='ltr'>sed</span> <span class='ocrx_word' id='word_1_199' title='bbox 653 3240 828 3285; x_wconf 81' lang='lat' dir='ltr'>omnes,</span> <span class='ocrx_word' id='word_1_200' title='bbox 861 3226 1018 3274; x_wconf 80' lang='lat' dir='ltr'>scribi</span> <span class='ocrx_word' id='word_1_201' title='bbox 1058 3225 1282 3286; x_wconf 88' lang='lat' dir='ltr'>debere;</span> <span class='ocrx_word' id='word_1_202' title='bbox 1328 3226 1422 3274; x_wconf 90' lang='lat' dir='ltr'>nisi</span> <span class='ocrx_word' id='word_1_203' title='bbox 1458 3226 1593 3276; x_wconf 86' lang='lat' dir='ltr'>forte</span> 
     </span>
     <span class='ocr_line' id='line_1_39' title="bbox 523 3302 1597 3368; baseline 0.002 -17"><span class='ocrx_word' id='word_1_204' title='bbox 523 3303 576 3351; x_wconf 89' lang='lat' dir='ltr'>in</span> <span class='ocrx_word' id='word_1_205' title='bbox 619 3302 1053 3351; x_wconf 77' lang='lat' dir='ltr'>antecedentibus</span> <span class='ocrx_word' id='word_1_206' title='bbox 1101 3317 1322 3367; x_wconf 90' lang='lat' dir='ltr'>reponas</span> <span class='ocrx_word' id='word_1_207' title='bbox 1367 3310 1442 3365; x_wconf 80' lang='lat' dir='ltr'>ut,</span> <span class='ocrx_word' id='word_1_208' title='bbox 1480 3319 1597 3368; x_wconf 79' lang='lat' dir='ltr'>quas</span> 
     </span>
     <span class='ocr_line' id='line_1_40' title="bbox 509 3378 1597 3447; baseline 0.005 -19"><span class='ocrx_word' id='word_1_209' title='bbox 509 3378 699 3439; x_wconf 77' lang='lat' dir='ltr'>seruat.</span> <span class='ocrx_word' id='word_1_210' title='bbox 721 3395 925 3444; x_wconf 83' lang='lat' dir='ltr'>quasque</span> <span class='ocrx_word' id='word_1_211' title='bbox 946 3388 1192 3444; x_wconf 73' lang='lat' dir='ltr'>expetunt,</span> <span class='ocrx_word' id='word_1_212' title='bbox 1215 3399 1345 3447; x_wconf 82' lang='lat' dir='ltr'>opes.</span> <span class='ocrx_word' id='word_1_213' title='bbox 1410 3384 1509 3432; x_wconf 88' lang='lat' dir='ltr'>Sed</span> <span class='ocrx_word' id='word_1_214' title='bbox 1541 3390 1597 3433; x_wconf 88' lang='lat' dir='ltr'>et</span> 
     </span>
     <span class='ocr_line' id='line_1_41' title="bbox 524 3455 1594 3522; baseline 0.007 -19"><span class='ocrx_word' id='word_1_215' title='bbox 524 3455 577 3503; x_wconf 89' lang='lat' dir='ltr'>id</span> <span class='ocrx_word' id='word_1_216' title='bbox 612 3457 792 3522; x_wconf 84' lang='lat' dir='ltr'>liquet,</span> <span class='ocrx_word' id='word_1_217' title='bbox 813 3467 1189 3521; x_wconf 86' lang='lat' dir='ltr'>postremorum</span> <span class='ocrx_word' id='word_1_218' title='bbox 1214 3463 1484 3511; x_wconf 81' lang='lat' dir='ltr'>verborum</span> <span class='ocrx_word' id='word_1_219' title='bbox 1512 3477 1594 3511; x_wconf 92' lang='lat' dir='ltr'>or-</span> 
     </span>
     <span class='ocr_line' id='line_1_42' title="bbox 524 3534 1592 3600; baseline 0.005 -18"><span class='ocrx_word' id='word_1_220' title='bbox 524 3534 696 3583; x_wconf 85' lang='lat' dir='ltr'>dinem</span> <span class='ocrx_word' id='word_1_221' title='bbox 740 3537 1097 3599; x_wconf 86' lang='lat' dir='ltr'>perturbatum</span> <span class='ocrx_word' id='word_1_222' title='bbox 1142 3536 1296 3587; x_wconf 82' lang='lat' dir='ltr'>facile</span> <span class='ocrx_word' id='word_1_223' title='bbox 1340 3553 1490 3600; x_wconf 81' lang='lat' dir='ltr'>posse</span> <span class='ocrx_word' id='word_1_224' title='bbox 1541 3539 1592 3587; x_wconf 92' lang='lat' dir='ltr'>in</span> 
     </span>
     <span class='ocr_line' id='line_1_43' title="bbox 523 3610 1595 3679; baseline 0.005 -20"><span class='ocrx_word' id='word_1_225' title='bbox 523 3610 783 3674; x_wconf 85' lang='lat' dir='ltr'>integrum</span> <span class='ocrx_word' id='word_1_226' title='bbox 833 3614 1057 3662; x_wconf 78' lang='lat' dir='ltr'>restitui.</span> <span class='ocrx_word' id='word_1_227' title='bbox 1141 3614 1424 3663; x_wconf 87' lang='lat' dir='ltr'>Continere</span> <span class='ocrx_word' id='word_1_228' title='bbox 1469 3630 1595 3679; x_wconf 83' lang='lat' dir='ltr'>ergo</span> 
     </span>
     <span class='ocr_line' id='line_1_44' title="bbox 526 3690 1595 3756; baseline 0.004 -19"><span class='ocrx_word' id='word_1_229' title='bbox 526 3704 608 3737; x_wconf 90' lang='lat' dir='ltr'>me</span> <span class='ocrx_word' id='word_1_230' title='bbox 646 3690 728 3737; x_wconf 86' lang='lat' dir='ltr'>vix</span> <span class='ocrx_word' id='word_1_231' title='bbox 766 3691 933 3752; x_wconf 78' lang='lat' dir='ltr'>potui,</span> <span class='ocrx_word' id='word_1_232' title='bbox 959 3691 1101 3754; x_wconf 87' lang='lat' dir='ltr'>quin,</span> <span class='ocrx_word' id='word_1_233' title='bbox 1134 3700 1236 3740; x_wconf 87' lang='lat' dir='ltr'>tam</span> <span class='ocrx_word' id='word_1_234' title='bbox 1272 3693 1595 3756; x_wconf 85' lang='lat' dir='ltr'>pertinacem</span> 
     </span>
     <span class='ocr_line' id='line_1_45' title="bbox 525 3765 1596 3835; baseline 0.003 -20"><span class='ocrx_word' id='word_1_235' title='bbox 525 3765 761 3835; x_wconf 84' lang='lat' dir='ltr'>codicum</span> <span class='ocrx_word' id='word_1_236' title='bbox 787 3766 915 3814; x_wconf 73' lang='lat' dir='ltr'>Mus.</span> <span class='ocrx_word' id='word_1_237' title='bbox 938 3782 1242 3816; x_wconf 84' lang='lat' dir='ltr'>consensum</span> <span class='ocrx_word' id='word_1_238' title='bbox 1267 3777 1495 3829; x_wconf 84' lang='lat' dir='ltr'>secutus,</span> <span class='ocrx_word' id='word_1_239' title='bbox 1516 3782 1596 3817; x_wconf 88' lang='lat' dir='ltr'>re-</span> 
     </span>
     <span class='ocr_line' id='line_1_46' title="bbox 527 3845 1597 3911; baseline 0.006 -18"><span class='ocrx_word' id='word_1_240' title='bbox 527 3848 786 3907; x_wconf 79' lang='lat' dir='ltr'>posuerim</span> <span class='ocrx_word' id='word_1_241' title='bbox 818 3845 947 3895; x_wconf 82' lang='lat' dir='ltr'>banc</span> <span class='ocrx_word' id='word_1_242' title='bbox 981 3847 1278 3904; x_wconf 86' lang='lat' dir='ltr'>lectionem,</span> <span class='ocrx_word' id='word_1_243' title='bbox 1302 3853 1374 3904; x_wconf 78' lang='lat' dir='ltr'>ul,</span> <span class='ocrx_word' id='word_1_244' title='bbox 1395 3864 1500 3911; x_wconf 79' lang='lat' dir='ltr'>quoe</span> <span class='ocrx_word' id='word_1_245' title='bbox 1516 3849 1597 3908; x_wconf 83' lang='lat' dir='ltr'>se·</span> 
     </span>
     <span class='ocr_line' id='line_1_47' title="bbox 523 3927 1597 3990; baseline 0.006 -21"><span class='ocrx_word' id='word_1_246' title='bbox 523 3927 661 3976; x_wconf 77' lang='lat' dir='ltr'>runt,</span> <span class='ocrx_word' id='word_1_247' title='bbox 698 3937 890 3984; x_wconf 78' lang='lat' dir='ltr'>qaoeque</span> <span class='ocrx_word' id='word_1_248' title='bbox 930 3929 1175 3986; x_wconf 71' lang='lat' dir='ltr'>expetunt,</span> <span class='ocrx_word' id='word_1_249' title='bbox 1216 3940 1373 3973; x_wconf 77' lang='lat' dir='ltr'>omnes</span> <span class='ocrx_word' id='word_1_250' title='bbox 1408 3930 1597 3990; x_wconf 76' lang='lat' dir='ltr'>gentes,</span> 
     </span>
     <span class='ocr_line' id='line_1_48' title="bbox 523 3998 1596 4064; baseline 0.005 -18"><span class='ocrx_word' id='word_1_251' title='bbox 523 3998 726 4048; x_wconf 70' lang='lat' dir='ltr'>invicem</span> <span class='ocrx_word' id='word_1_252' title='bbox 755 4000 968 4062; x_wconf 74' lang='lat' dir='ltr'>capiant,</span> <span class='ocrx_word' id='word_1_253' title='bbox 996 4006 1041 4049; x_wconf 81' lang='lat' dir='ltr'>et</span> <span class='ocrx_word' id='word_1_254' title='bbox 1075 4001 1278 4058; x_wconf 80' lang='lat' dir='ltr'>discant,</span> <span class='ocrx_word' id='word_1_255' title='bbox 1302 4009 1491 4064; x_wconf 76' lang='lat' dir='ltr'>quanto,</span> <span class='ocrx_word' id='word_1_256' title='bbox 1513 4006 1596 4062; x_wconf 68' lang='grc'><strong>8)·0.</strong></span> 
     </span>
     <span class='ocr_line' id='line_1_49' title="bbox 522 4075 1598 4137; baseline 0.004 -12"><span class='ocrx_word' id='word_1_257' title='bbox 522 4075 612 4125; x_wconf 84' lang='lat' dir='ltr'>Sic</span> <span class='ocrx_word' id='word_1_258' title='bbox 658 4077 869 4124; x_wconf 82' lang='lat' dir='ltr'>verbum</span> <span class='ocrx_word' id='word_1_259' title='bbox 919 4091 1074 4137; x_wconf 81' lang='lat' dir='ltr'>agens</span> <span class='ocrx_word' id='word_1_260' title='bbox 1117 4078 1290 4135; x_wconf 79' lang='lat' dir='ltr'>serunt</span> <span class='ocrx_word' id='word_1_261' title='bbox 1344 4081 1598 4130; x_wconf 87' lang='lat' dir='ltr'>retineret</span> 
     </span>
     <span class='ocr_line' id='line_1_50' title="bbox 526 4153 1596 4220; baseline 0.003 -19"><span class='ocrx_word' id='word_1_262' title='bbox 526 4153 791 4216; x_wconf 87' lang='lat' dir='ltr'>propriam</span> <span class='ocrx_word' id='word_1_263' title='bbox 818 4155 1099 4209; x_wconf 87' lang='lat' dir='ltr'>notionem,</span> <span class='ocrx_word' id='word_1_264' title='bbox 1121 4167 1236 4217; x_wconf 78' lang='lat' dir='ltr'>quae</span> <span class='ocrx_word' id='word_1_265' title='bbox 1261 4169 1451 4218; x_wconf 88' lang='lat' dir='ltr'>nempe</span> <span class='ocrx_word' id='word_1_266' title='bbox 1474 4170 1596 4220; x_wconf 87' lang='lat' dir='ltr'>gen-</span> 
     </span>
     <span class='ocr_line' id='line_1_51' title="bbox 527 4228 1599 4297; baseline 0.003 -19"><span class='ocrx_word' id='word_1_267' title='bbox 527 4238 607 4279; x_wconf 87' lang='lat' dir='ltr'>tes</span> <span class='ocrx_word' id='word_1_268' title='bbox 642 4245 704 4278; x_wconf 82' lang='lat' dir='ltr'>ex</span> <span class='ocrx_word' id='word_1_269' title='bbox 740 4231 845 4279; x_wconf 88' lang='lat' dir='ltr'>suis</span> <span class='ocrx_word' id='word_1_270' title='bbox 868 4229 1023 4280; x_wconf 86' lang='lat' dir='ltr'>terris</span> <span class='ocrx_word' id='word_1_271' title='bbox 1049 4228 1244 4293; x_wconf 81' lang='lat' dir='ltr'>ferunt,</span> <span class='ocrx_word' id='word_1_272' title='bbox 1270 4242 1599 4297; x_wconf 87' lang='lat' dir='ltr'>portantque,</span> 
     </span>
     <span class='ocr_line' id='line_1_52' title="bbox 526 4305 1599 4371; baseline 0.005 -16"><span class='ocrx_word' id='word_1_273' title='bbox 526 4305 581 4355; x_wconf 88' lang='lat' dir='ltr'>in</span> <span class='ocrx_word' id='word_1_274' title='bbox 603 4314 811 4357; x_wconf 80' lang='lat' dir='ltr'>exteras</span> <span class='ocrx_word' id='word_1_275' title='bbox 837 4307 1106 4371; x_wconf 52' lang='lat' dir='ltr'>regionem</span> <span class='ocrx_word' id='word_1_276' title='bbox 1141 4308 1216 4358; x_wconf 90' lang='lat' dir='ltr'>uti</span> <span class='ocrx_word' id='word_1_277' title='bbox 1249 4307 1448 4359; x_wconf 79' lang='lat' dir='ltr'>Plinius</span> <span class='ocrx_word' id='word_1_278' title='bbox 1482 4310 1599 4360; x_wconf 85' lang='lat' dir='ltr'>Ma·</span> 
     </span>
    </p>
   </div>
   <div class='ocr_carea' id='block_1_5' title="bbox 1661 613 2749 4373">
    <p class='ocr_par' dir='ltr' id='par_1_6' title="bbox 1661 613 2749 4373">
     <span class='ocr_line' id='line_1_53' title="bbox 1663 613 2731 680; baseline 0.002 -18"><span class='ocrx_word' id='word_1_279' title='bbox 1663 614 1738 662; x_wconf 90' lang='lat' dir='ltr'>ria</span> <span class='ocrx_word' id='word_1_280' title='bbox 1775 621 2046 680; x_wconf 87' lang='lat' dir='ltr'>terrasque</span> <span class='ocrx_word' id='word_1_281' title='bbox 2080 616 2215 663; x_wconf 87' lang='lat' dir='ltr'>ultro</span> <span class='ocrx_word' id='word_1_282' title='bbox 2245 613 2485 675; x_wconf 83' lang='lat' dir='ltr'>citroque</span> <span class='ocrx_word' id='word_1_283' title='bbox 2518 622 2731 677; x_wconf 86' lang='lat' dir='ltr'>portan-</span> 
     </span>
     <span class='ocr_line' id='line_1_54' title="bbox 1664 689 2732 754; baseline 0.002 -15"><span class='ocrx_word' id='word_1_284' title='bbox 1664 689 1787 751; x_wconf 84' lang='lat' dir='ltr'>tur,’</span> <span class='ocrx_word' id='word_1_285' title='bbox 1808 691 1841 740; x_wconf 91' lang='lat' dir='ltr'>i.</span> <span class='ocrx_word' id='word_1_286' title='bbox 1863 705 1911 740; x_wconf 90' lang='lat' dir='ltr'>e.</span> <span class='ocrx_word' id='word_1_287' title='bbox 1935 690 2191 740; x_wconf 79' lang='lat' dir='ltr'>feruntur.</span> <span class='ocrx_word' id='word_1_288' title='bbox 2240 692 2565 754; x_wconf 84' lang='lat' dir='ltr'>Quamquam</span> <span class='ocrx_word' id='word_1_289' title='bbox 2589 692 2732 741; x_wconf 79' lang='lat' dir='ltr'>forte</span> 
     </span>
     <span class='ocr_line' id='line_1_55' title="bbox 1662 770 2731 834; baseline -0.001 -14"><span class='ocrx_word' id='word_1_290' title='bbox 1662 772 1820 820; x_wconf 88' lang='lat' dir='ltr'>etiam</span> <span class='ocrx_word' id='word_1_291' title='bbox 1853 770 2099 834; x_wconf 86' lang='lat' dir='ltr'>giguendi</span> <span class='ocrx_word' id='word_1_292' title='bbox 2134 770 2279 819; x_wconf 90' lang='lat' dir='ltr'>notio</span> <span class='ocrx_word' id='word_1_293' title='bbox 2314 770 2396 819; x_wconf 89' lang='lat' dir='ltr'>bic</span> <span class='ocrx_word' id='word_1_294' title='bbox 2431 770 2601 818; x_wconf 90' lang='lat' dir='ltr'>locum</span> <span class='ocrx_word' id='word_1_295' title='bbox 2641 770 2731 819; x_wconf 86' lang='lat' dir='ltr'>ha-</span> 
     </span>
     <span class='ocr_line' id='line_1_56' title="bbox 1661 846 2733 913; baseline -0.001 -17"><span class='ocrx_word' id='word_1_296' title='bbox 1661 848 1787 897; x_wconf 90' lang='lat' dir='ltr'>bere</span> <span class='ocrx_word' id='word_1_297' title='bbox 1806 849 1999 913; x_wconf 84' lang='lat' dir='ltr'>possit;</span> <span class='ocrx_word' id='word_1_298' title='bbox 2032 862 2147 897; x_wconf 88' lang='lat' dir='ltr'>cnm</span> <span class='ocrx_word' id='word_1_299' title='bbox 2164 846 2301 911; x_wconf 89' lang='lat' dir='ltr'>apud</span> <span class='ocrx_word' id='word_1_300' title='bbox 2324 846 2548 896; x_wconf 84' lang='lat' dir='ltr'>Plinium</span> <span class='ocrx_word' id='word_1_301' title='bbox 2566 848 2733 909; x_wconf 84' lang='lat' dir='ltr'>Majo-</span> 
     </span>
     <span class='ocr_line' id='line_1_57' title="bbox 1663 923 2731 988; baseline -0.002 -14"><span class='ocrx_word' id='word_1_302' title='bbox 1663 938 1789 982; x_wconf 89' lang='lat' dir='ltr'>rem,</span> <span class='ocrx_word' id='word_1_303' title='bbox 1807 938 2029 974; x_wconf 80' lang='lat' dir='ltr'>xxxvii.</span> <span class='ocrx_word' id='word_1_304' title='bbox 2048 931 2097 974; x_wconf 85' lang='lat'>8.</span> <span class='ocrx_word' id='word_1_305' title='bbox 2111 925 2224 973; x_wconf 81' lang='lat' dir='ltr'>liaec</span> <span class='ocrx_word' id='word_1_306' title='bbox 2248 924 2508 988; x_wconf 80' lang='lat' dir='ltr'>legamus:</span> <span class='ocrx_word' id='word_1_307' title='bbox 2546 930 2560 952; x_wconf 80' lang='lat'>⁸</span> <span class='ocrx_word' id='word_1_308' title='bbox 2577 923 2731 972; x_wconf 85' lang='lat' dir='ltr'>Viret</span> 
     </span>
     <span class='ocr_line' id='line_1_58' title="bbox 1662 999 2732 1064; baseline -0.001 -14"><span class='ocrx_word' id='word_1_309' title='bbox 1662 1008 1718 1050; x_wconf 90' lang='lat' dir='ltr'>et</span> <span class='ocrx_word' id='word_1_310' title='bbox 1733 1015 1873 1063; x_wconf 80' lang='lat' dir='ltr'>saepe</span> <span class='ocrx_word' id='word_1_311' title='bbox 1891 1001 2177 1049; x_wconf 85' lang='lat' dir='ltr'>translucet</span> <span class='ocrx_word' id='word_1_312' title='bbox 2193 1001 2370 1064; x_wconf 82' lang='lat' dir='ltr'>iaspis.</span> <span class='ocrx_word' id='word_1_313' title='bbox 2386 1032 2399 1048; x_wconf 89' lang='lat'><strong>.</strong></span> <span class='ocrx_word' id='word_1_314' title='bbox 2416 1035 2429 1050; x_wconf 91' lang='lat'><strong>.</strong></span> <span class='ocrx_word' id='word_1_315' title='bbox 2447 1030 2462 1047; x_wconf 86' lang='grc'><strong>.</strong></span> <span class='ocrx_word' id='word_1_316' title='bbox 2477 999 2732 1049; x_wconf 69' lang='lat' dir='ltr'>Plurimae</span> 
     </span>
     <span class='ocr_line' id='line_1_59' title="bbox 1663 1074 2732 1140; baseline -0.002 -15"><span class='ocrx_word' id='word_1_317' title='bbox 1663 1075 1835 1126; x_wconf 75' lang='lat' dir='ltr'>ferunt</span> <span class='ocrx_word' id='word_1_318' title='bbox 1870 1091 1983 1127; x_wconf 90' lang='lat' dir='ltr'>eam</span> <span class='ocrx_word' id='word_1_319' title='bbox 2023 1083 2240 1140; x_wconf 80' lang='lat' dir='ltr'>gentes3</span> <span class='ocrx_word' id='word_1_320' title='bbox 2286 1074 2559 1140; x_wconf 79' lang='lat' dir='ltr'>smaragdo</span> <span class='ocrx_word' id='word_1_321' title='bbox 2590 1075 2732 1124; x_wconf 85' lang='lat' dir='ltr'>simi-</span> 
     </span>
     <span class='ocr_line' id='line_1_60' title="bbox 1662 1152 2733 1217; baseline 0 -16"><span class='ocrx_word' id='word_1_322' title='bbox 1662 1153 1764 1201; x_wconf 87' lang='lat' dir='ltr'>lem</span> <span class='ocrx_word' id='word_1_323' title='bbox 1796 1152 1947 1212; x_wconf 85' lang='lat' dir='ltr'>Indi;</span> <span class='ocrx_word' id='word_1_324' title='bbox 1988 1153 2190 1216; x_wconf 76' lang='lat' dir='ltr'>Cypros</span> <span class='ocrx_word' id='word_1_325' title='bbox 2218 1152 2419 1214; x_wconf 89' lang='lat' dir='ltr'>duram,</span> <span class='ocrx_word' id='word_1_326' title='bbox 2442 1154 2733 1217; x_wconf 81' lang='lat' dir='ltr'>glaucoque</span> 
     </span>
     <span class='ocr_line' id='line_1_61' title="bbox 1664 1227 2733 1292; baseline -0.001 -15"><span class='ocrx_word' id='word_1_327' title='bbox 1664 1229 1871 1292; x_wconf 85' lang='lat' dir='ltr'>pingui;</span> <span class='ocrx_word' id='word_1_328' title='bbox 1920 1229 2101 1278; x_wconf 79' lang='lat' dir='ltr'>Persae</span> <span class='ocrx_word' id='word_1_329' title='bbox 2143 1228 2235 1278; x_wconf 78' lang='lat' dir='ltr'>teri</span> <span class='ocrx_word' id='word_1_330' title='bbox 2275 1227 2528 1288; x_wconf 77' lang='lat' dir='ltr'>similem3</span> <span class='ocrx_word' id='word_1_331' title='bbox 2564 1243 2733 1277; x_wconf 83' lang='lat' dir='ltr'>coern·</span> 
     </span>
     <span class='ocr_line' id='line_1_62' title="bbox 1661 1304 2733 1368; baseline 0 -15"><span class='ocrx_word' id='word_1_332' title='bbox 1661 1307 1741 1355; x_wconf 90' lang='lat' dir='ltr'>lea</span> <span class='ocrx_word' id='word_1_333' title='bbox 1767 1308 1906 1355; x_wconf 88' lang='lat' dir='ltr'>circa</span> <span class='ocrx_word' id='word_1_334' title='bbox 1943 1305 2377 1355; x_wconf 83' lang='lat' dir='ltr'>Thermodontem</span> <span class='ocrx_word' id='word_1_335' title='bbox 2415 1319 2649 1368; x_wconf 71' lang='lat' dir='ltr'>amnem,</span> <span class='ocrx_word' id='word_1_336' title='bbox 2677 1304 2733 1353; x_wconf 82' lang='lat' dir='ltr'>in</span> 
     </span>
     <span class='ocr_line' id='line_1_63' title="bbox 1663 1381 2733 1447; baseline -0.001 -17"><span class='ocrx_word' id='word_1_337' title='bbox 1663 1383 1892 1447; x_wconf 78' lang='lat' dir='ltr'>Phrygia</span> <span class='ocrx_word' id='word_1_338' title='bbox 1925 1381 2226 1446; x_wconf 85' lang='lat' dir='ltr'>purpurea,’</span> <span class='ocrx_word' id='word_1_339' title='bbox 2245 1386 2344 1432; x_wconf 68' lang='lat' dir='ltr'>&amp;m</span> <span class='ocrx_word' id='word_1_340' title='bbox 2412 1381 2605 1431; x_wconf 83' lang='lat' dir='ltr'>Cetera</span> <span class='ocrx_word' id='word_1_341' title='bbox 2636 1395 2733 1445; x_wconf 89' lang='lat' dir='ltr'>per</span> 
     </span>
     <span class='ocr_line' id='line_1_64' title="bbox 1662 1460 2733 1523; baseline -0.002 -15"><span class='ocrx_word' id='word_1_342' title='bbox 1662 1475 1718 1509; x_wconf 89' lang='lat' dir='ltr'>se</span> <span class='ocrx_word' id='word_1_343' title='bbox 1743 1463 1895 1522; x_wconf 82' lang='lat' dir='ltr'>plana</span> <span class='ocrx_word' id='word_1_344' title='bbox 1915 1467 1968 1509; x_wconf 88' lang='lat' dir='ltr'>et</span> <span class='ocrx_word' id='word_1_345' title='bbox 1987 1460 2260 1523; x_wconf 76' lang='lat' dir='ltr'>perspicua</span> <span class='ocrx_word' id='word_1_346' title='bbox 2276 1467 2412 1511; x_wconf 81' lang='lat' dir='ltr'>sunt.</span> <span class='ocrx_word' id='word_1_347' title='bbox 2444 1461 2733 1511; x_wconf 82' lang='lat' dir='ltr'>Quantum-</span> 
     </span>
     <span class='ocr_line' id='line_1_65' title="bbox 1662 1534 2730 1601; baseline -0.001 -16"><span class='ocrx_word' id='word_1_348' title='bbox 1662 1551 1865 1601; x_wconf 87' lang='lat' dir='ltr'>cnnque</span> <span class='ocrx_word' id='word_1_349' title='bbox 1906 1551 2029 1586; x_wconf 87' lang='lat' dir='ltr'>vero</span> <span class='ocrx_word' id='word_1_350' title='bbox 2074 1536 2407 1600; x_wconf 86' lang='lat' dir='ltr'>pronissimus</span> <span class='ocrx_word' id='word_1_351' title='bbox 2443 1534 2628 1585; x_wconf 76' lang='lat' dir='ltr'>fuerim</span> <span class='ocrx_word' id='word_1_352' title='bbox 2665 1535 2730 1584; x_wconf 88' lang='lat' dir='ltr'>ad</span> 
     </span>
     <span class='ocr_line' id='line_1_66' title="bbox 1662 1611 2732 1675; baseline -0.001 -14"><span class='ocrx_word' id='word_1_353' title='bbox 1662 1614 1796 1662; x_wconf 83' lang='lat' dir='ltr'>lianc</span> <span class='ocrx_word' id='word_1_354' title='bbox 1812 1614 2089 1663; x_wconf 89' lang='lat' dir='ltr'>lectionem</span> <span class='ocrx_word' id='word_1_355' title='bbox 2108 1611 2480 1675; x_wconf 82' lang='lat' dir='ltr'>recipiendam,</span> <span class='ocrx_word' id='word_1_356' title='bbox 2495 1626 2592 1661; x_wconf 85' lang='lat' dir='ltr'>nec</span> <span class='ocrx_word' id='word_1_357' title='bbox 2609 1611 2732 1660; x_wconf 87' lang='lat' dir='ltr'>dnm</span> 
     </span>
     <span class='ocr_line' id='line_1_67' title="bbox 1665 1689 2732 1752; baseline 0 -14"><span class='ocrx_word' id='word_1_358' title='bbox 1665 1696 1837 1740; x_wconf 86' lang='lat' dir='ltr'>tamen</span> <span class='ocrx_word' id='word_1_359' title='bbox 1883 1690 2123 1738; x_wconf 88' lang='lat' dir='ltr'>deserere</span> <span class='ocrx_word' id='word_1_360' title='bbox 2171 1690 2285 1737; x_wconf 86' lang='lat' dir='ltr'>volo</span> <span class='ocrx_word' id='word_1_361' title='bbox 2331 1690 2612 1752; x_wconf 80' lang='lat' dir='ltr'>vulgatam,</span> <span class='ocrx_word' id='word_1_362' title='bbox 2648 1689 2732 1738; x_wconf 84' lang='lat' dir='ltr'>cui</span> 
     </span>
     <span class='ocr_line' id='line_1_68' title="bbox 1664 1766 2733 1830; baseline 0 -16"><span class='ocrx_word' id='word_1_363' title='bbox 1664 1781 1813 1830; x_wconf 69' lang='lat' dir='ltr'>mque</span> <span class='ocrx_word' id='word_1_364' title='bbox 1845 1767 1967 1815; x_wconf 83' lang='lat' dir='ltr'>satis</span> <span class='ocrx_word' id='word_1_365' title='bbox 1998 1766 2264 1815; x_wconf 85' lang='lat' dir='ltr'>commoda</span> <span class='ocrx_word' id='word_1_366' title='bbox 2297 1773 2498 1815; x_wconf 87' lang='lat' dir='ltr'>constat</span> <span class='ocrx_word' id='word_1_367' title='bbox 2522 1774 2733 1814; x_wconf 84' lang='lat' dir='ltr'>senten·</span> 
     </span>
     <span class='ocr_line' id='line_1_69' title="bbox 1666 1842 2732 1905; baseline 0 -15"><span class='ocrx_word' id='word_1_368' title='bbox 1666 1844 1757 1894; x_wconf 88' lang='lat' dir='ltr'>tia.</span> <span class='ocrx_word' id='word_1_369' title='bbox 1818 1843 1879 1891; x_wconf 89' lang='lat' dir='ltr'>Iu</span> <span class='ocrx_word' id='word_1_370' title='bbox 1903 1844 1998 1891; x_wconf 86' lang='lat' dir='ltr'>bac</span> <span class='ocrx_word' id='word_1_371' title='bbox 2023 1857 2164 1904; x_wconf 87' lang='lat' dir='ltr'>vero,</span> <span class='ocrx_word' id='word_1_372' title='bbox 2186 1849 2404 1905; x_wconf 89' lang='lat' dir='ltr'>propter</span> <span class='ocrx_word' id='word_1_373' title='bbox 2427 1842 2732 1891; x_wconf 79' lang='lat' dir='ltr'>adverbium</span> 
     </span>
     <span class='ocr_line' id='line_1_70' title="bbox 1663 1918 2731 1982; baseline 0.001 -15"><span class='ocrx_word' id='word_1_374' title='bbox 1663 1919 1849 1982; x_wconf 76' lang='lat' dir='ltr'>ubique,</span> <span class='ocrx_word' id='word_1_375' title='bbox 1875 1920 2085 1968; x_wconf 80' lang='lat' dir='ltr'>verbum</span> <span class='ocrx_word' id='word_1_376' title='bbox 2104 1920 2340 1979; x_wconf 73' lang='lat' dir='ltr'>serantur</span> <span class='ocrx_word' id='word_1_377' title='bbox 2362 1918 2615 1982; x_wconf 82' lang='lat' dir='ltr'>explicari</span> <span class='ocrx_word' id='word_1_378' title='bbox 2640 1919 2731 1968; x_wconf 83' lang='lat' dir='ltr'>de·</span> 
     </span>
     <span class='ocr_line' id='line_1_71' title="bbox 1663 1994 2733 2059; baseline -0.004 -14"><span class='ocrx_word' id='word_1_379' title='bbox 1663 1996 1752 2045; x_wconf 87' lang='lat' dir='ltr'>bet</span> <span class='ocrx_word' id='word_1_380' title='bbox 1778 2011 1868 2059; x_wconf 87' lang='lat' dir='ltr'>per</span> <span class='ocrx_word' id='word_1_381' title='bbox 1892 1996 1907 2022; x_wconf 85' lang='lat'>‘</span> <span class='ocrx_word' id='word_1_382' title='bbox 1929 1994 2247 2056; x_wconf 87' lang='lat' dir='ltr'>nascuntur‚&#39;</span> <span class='ocrx_word' id='word_1_383' title='bbox 2268 1996 2378 2043; x_wconf 88' lang='lat' dir='ltr'>sive</span> <span class='ocrx_word' id='word_1_384' title='bbox 2400 1996 2414 2021; x_wconf 92' lang='lat'>‘</span> <span class='ocrx_word' id='word_1_385' title='bbox 2440 1995 2733 2058; x_wconf 86' lang='lat' dir='ltr'>producun-</span> 
     </span>
     <span class='ocr_line' id='line_1_72' title="bbox 1666 2069 2735 2135; baseline 0 -15"><span class='ocrx_word' id='word_1_386' title='bbox 1666 2071 1784 2121; x_wconf 84' lang='lat' dir='ltr'>tur.&#39;</span> <span class='ocrx_word' id='word_1_387' title='bbox 1851 2072 1984 2123; x_wconf 79' lang='lat' dir='ltr'>Quae</span> <span class='ocrx_word' id='word_1_388' title='bbox 2015 2071 2324 2135; x_wconf 84' lang='lat' dir='ltr'>significatio</span> <span class='ocrx_word' id='word_1_389' title='bbox 2359 2071 2501 2120; x_wconf 82' lang='lat' dir='ltr'>verbi</span> <span class='ocrx_word' id='word_1_390' title='bbox 2526 2075 2540 2099; x_wconf 68' lang='lat'><strong>³</strong></span> <span class='ocrx_word' id='word_1_391' title='bbox 2562 2069 2735 2120; x_wconf 86' lang='lat' dir='ltr'>ferre&#39;</span> 
     </span>
     <span class='ocr_line' id='line_1_73' title="bbox 1665 2148 2736 2199; baseline -0.001 -3"><span class='ocrx_word' id='word_1_392' title='bbox 1665 2157 1744 2199; x_wconf 88' lang='lat' dir='ltr'>est</span> <span class='ocrx_word' id='word_1_393' title='bbox 1780 2150 2060 2198; x_wconf 84' lang='lat' dir='ltr'>notissima.</span> <span class='ocrx_word' id='word_1_394' title='bbox 2128 2150 2220 2198; x_wconf 88' lang='lat' dir='ltr'>Sic</span> <span class='ocrx_word' id='word_1_395' title='bbox 2255 2148 2388 2195; x_wconf 83' lang='lat' dir='ltr'>enim</span> <span class='ocrx_word' id='word_1_396' title='bbox 2424 2148 2499 2196; x_wconf 85' lang='lat' dir='ltr'>ait</span> <span class='ocrx_word' id='word_1_397' title='bbox 2534 2148 2736 2196; x_wconf 88' lang='lat' dir='ltr'>Plinius</span> 
     </span>
     <span class='ocr_line' id='line_1_74' title="bbox 1666 2224 2736 2288; baseline -0.002 -14"><span class='ocrx_word' id='word_1_398' title='bbox 1666 2227 1857 2288; x_wconf 86' lang='lat' dir='ltr'>Major,</span> <span class='ocrx_word' id='word_1_399' title='bbox 1891 2239 1944 2274; x_wconf 82' lang='lat' dir='ltr'>v.</span> <span class='ocrx_word' id='word_1_400' title='bbox 1973 2229 2022 2274; x_wconf 75' lang='lat'>2.</span> <span class='ocrx_word' id='word_1_401' title='bbox 2053 2226 2069 2252; x_wconf 81' lang='lat'>⁸</span> <span class='ocrx_word' id='word_1_402' title='bbox 2097 2224 2224 2287; x_wconf 86' lang='lat' dir='ltr'>Ipsa</span> <span class='ocrx_word' id='word_1_403' title='bbox 2258 2224 2520 2287; x_wconf 81' lang='lat' dir='ltr'>provincia</span> <span class='ocrx_word' id='word_1_404' title='bbox 2554 2224 2736 2287; x_wconf 79' lang='lat' dir='ltr'>Tingi·</span> 
     </span>
     <span class='ocr_line' id='line_1_75' title="bbox 1668 2300 2735 2365; baseline 0.001 -15"><span class='ocrx_word' id='word_1_405' title='bbox 1668 2303 1808 2350; x_wconf 88' lang='lat' dir='ltr'>tania</span> <span class='ocrx_word' id='word_1_406' title='bbox 1852 2301 1955 2351; x_wconf 80' lang='lat' dir='ltr'>sert</span> <span class='ocrx_word' id='word_1_407' title='bbox 1996 2300 2342 2365; x_wconf 63' lang='lat' dir='ltr'>elephantos!</span> <span class='ocrx_word' id='word_1_408' title='bbox 2425 2302 2494 2351; x_wconf 86' lang='lat' dir='ltr'>Et</span> <span class='ocrx_word' id='word_1_409' title='bbox 2537 2315 2614 2350; x_wconf 78' lang='lat' dir='ltr'>vr.</span> <span class='ocrx_word' id='word_1_410' title='bbox 2653 2306 2735 2351; x_wconf 76' lang='lat'>20.</span> 
     </span>
     <span class='ocr_line' id='line_1_76' title="bbox 1668 2376 2737 2442; baseline 0.002 -15"><span class='ocrx_word' id='word_1_411' title='bbox 1668 2378 1682 2404; x_wconf 89' lang='lat'>‘</span> <span class='ocrx_word' id='word_1_412' title='bbox 1706 2378 1877 2427; x_wconf 86' lang='lat' dir='ltr'>Insula</span> <span class='ocrx_word' id='word_1_413' title='bbox 1902 2378 1970 2427; x_wconf 89' lang='lat' dir='ltr'>ibi</span> <span class='ocrx_word' id='word_1_414' title='bbox 1996 2378 2162 2442; x_wconf 70' lang='lat' dir='ltr'>Cytis,</span> <span class='ocrx_word' id='word_1_415' title='bbox 2189 2376 2450 2441; x_wconf 82' lang='lat' dir='ltr'>topazium</span> <span class='ocrx_word' id='word_1_416' title='bbox 2475 2377 2651 2427; x_wconf 80' lang='lat' dir='ltr'>ferens</span> <span class='ocrx_word' id='word_1_417' title='bbox 2682 2388 2737 2429; x_wconf 81' lang='lat' dir='ltr'>et</span> 
     </span>
     <span class='ocr_line' id='line_1_77' title="bbox 1667 2455 2736 2521; baseline 0 -15"><span class='ocrx_word' id='word_1_418' title='bbox 1667 2456 1816 2521; x_wconf 64' lang='lat' dir='ltr'>ipsa!</span> <span class='ocrx_word' id='word_1_419' title='bbox 1886 2458 1952 2506; x_wconf 86' lang='lat' dir='ltr'>Et</span> <span class='ocrx_word' id='word_1_420' title='bbox 1983 2455 2206 2506; x_wconf 84' lang='lat' dir='ltr'>fortasse</span> <span class='ocrx_word' id='word_1_421' title='bbox 2243 2457 2439 2507; x_wconf 81' lang='lat' dir='ltr'>Plinius</span> <span class='ocrx_word' id='word_1_422' title='bbox 2465 2457 2591 2506; x_wconf 87' lang='lat' dir='ltr'>illud</span> <span class='ocrx_word' id='word_1_423' title='bbox 2617 2458 2736 2506; x_wconf 69' lang='lat' dir='ltr'>Vir·</span> 
     </span>
     <span class='ocr_line' id='line_1_78' title="bbox 1668 2533 2736 2597; baseline -0.001 -14"><span class='ocrx_word' id='word_1_424' title='bbox 1668 2536 1756 2597; x_wconf 87' lang='lat' dir='ltr'>gil.</span> <span class='ocrx_word' id='word_1_425' title='bbox 1783 2535 1994 2584; x_wconf 86' lang='lat' dir='ltr'>Ecl.1v.</span> <span class='ocrx_word' id='word_1_426' title='bbox 2018 2539 2099 2584; x_wconf 73' lang='lat'>89.</span> <span class='ocrx_word' id='word_1_427' title='bbox 2130 2535 2180 2583; x_wconf 88' lang='lat' dir='ltr'>in</span> <span class='ocrx_word' id='word_1_428' title='bbox 2216 2534 2384 2583; x_wconf 70' lang='lat' dir='ltr'>antimo</span> <span class='ocrx_word' id='word_1_429' title='bbox 2417 2533 2610 2583; x_wconf 85' lang='lat' dir='ltr'>habere</span> <span class='ocrx_word' id='word_1_430' title='bbox 2646 2548 2736 2597; x_wconf 83' lang='lat' dir='ltr'>po-</span> 
     </span>
     <span class='ocr_line' id='line_1_79' title="bbox 1670 2610 2740 2674; baseline -0.002 -13"><span class='ocrx_word' id='word_1_431' title='bbox 1670 2614 1805 2661; x_wconf 87' lang='lat' dir='ltr'>tuit:</span> <span class='ocrx_word' id='word_1_432' title='bbox 1863 2620 1877 2641; x_wconf 77' lang='lat'><strong><em>⁴</em></strong></span> <span class='ocrx_word' id='word_1_433' title='bbox 1905 2613 2018 2661; x_wconf 90' lang='lat' dir='ltr'>Nec</span> <span class='ocrx_word' id='word_1_434' title='bbox 2061 2611 2265 2659; x_wconf 88' lang='lat' dir='ltr'>nautica</span> <span class='ocrx_word' id='word_1_435' title='bbox 2312 2611 2463 2674; x_wconf 89' lang='lat' dir='ltr'>pinus</span> <span class='ocrx_word' id='word_1_436' title='bbox 2504 2610 2740 2660; x_wconf 83' lang='lat' dir='ltr'>Mutabit</span> 
     </span>
     <span class='ocr_line' id='line_1_80' title="bbox 1670 2687 2741 2739; baseline -0.001 -1"><span class='ocrx_word' id='word_1_437' title='bbox 1670 2704 1902 2739; x_wconf 81' lang='lat' dir='ltr'>merces:</span> <span class='ocrx_word' id='word_1_438' title='bbox 1946 2688 2108 2737; x_wconf 84' lang='lat' dir='ltr'>omnis</span> <span class='ocrx_word' id='word_1_439' title='bbox 2149 2687 2289 2735; x_wconf 80' lang='lat' dir='ltr'>feret</span> <span class='ocrx_word' id='word_1_440' title='bbox 2331 2688 2502 2735; x_wconf 84' lang='lat' dir='ltr'>omnia</span> <span class='ocrx_word' id='word_1_441' title='bbox 2540 2687 2741 2737; x_wconf 61' lang='lat' dir='ltr'>tellus!</span> 
     </span>
     <span class='ocr_line' id='line_1_81' title="bbox 1669 2764 2737 2831; baseline -0.004 -14"><span class='ocrx_word' id='word_1_442' title='bbox 1669 2768 1922 2831; x_wconf 85' lang='lat' dir='ltr'>Equidem</span> <span class='ocrx_word' id='word_1_443' title='bbox 1963 2780 2063 2814; x_wconf 89' lang='lat' dir='ltr'>nou</span> <span class='ocrx_word' id='word_1_444' title='bbox 2089 2771 2165 2812; x_wconf 90' lang='lat' dir='ltr'>est</span> <span class='ocrx_word' id='word_1_445' title='bbox 2193 2764 2258 2812; x_wconf 86' lang='lat' dir='ltr'>de</span> <span class='ocrx_word' id='word_1_446' title='bbox 2283 2764 2461 2823; x_wconf 83' lang='lat' dir='ltr'>nihilo,</span> <span class='ocrx_word' id='word_1_447' title='bbox 2482 2764 2619 2828; x_wconf 87' lang='lat' dir='ltr'>quod</span> <span class='ocrx_word' id='word_1_448' title='bbox 2644 2766 2737 2813; x_wconf 89' lang='lat' dir='ltr'>ob-</span> 
     </span>
     <span class='ocr_line' id='line_1_82' title="bbox 1668 2841 2740 2898; baseline -0.003 -6"><span class='ocrx_word' id='word_1_449' title='bbox 1668 2845 1894 2892; x_wconf 81' lang='lat' dir='ltr'>servavit</span> <span class='ocrx_word' id='word_1_450' title='bbox 1920 2842 2248 2896; x_wconf 83' lang='lat' dir='ltr'>Arntzenius,</span> <span class='ocrx_word' id='word_1_451' title='bbox 2272 2841 2576 2890; x_wconf 83' lang='lat' dir='ltr'>insolentius</span> <span class='ocrx_word' id='word_1_452' title='bbox 2606 2855 2740 2898; x_wconf 78' lang='lat' dir='ltr'>esse,</span> 
     </span>
     <span class='ocr_line' id='line_1_83' title="bbox 1670 2918 2740 2979; baseline -0.003 -10"><span class='ocrx_word' id='word_1_453' title='bbox 1670 2922 1744 2969; x_wconf 90' lang='lat' dir='ltr'>ita</span> <span class='ocrx_word' id='word_1_454' title='bbox 1776 2920 1871 2968; x_wconf 84' lang='lat' dir='ltr'>hoc</span> <span class='ocrx_word' id='word_1_455' title='bbox 1913 2920 2125 2967; x_wconf 87' lang='lat' dir='ltr'>verbum</span> <span class='ocrx_word' id='word_1_456' title='bbox 2165 2918 2369 2979; x_wconf 77' lang='lat' dir='ltr'>passivo</span> <span class='ocrx_word' id='word_1_457' title='bbox 2403 2932 2553 2966; x_wconf 85' lang='lat' dir='ltr'>sensu</span> <span class='ocrx_word' id='word_1_458' title='bbox 2590 2918 2740 2967; x_wconf 82' lang='lat' dir='ltr'>adbi-</span> 
     </span>
     <span class='ocr_line' id='line_1_84' title="bbox 1668 2995 2738 3060; baseline -0.002 -14"><span class='ocrx_word' id='word_1_459' title='bbox 1668 2997 1800 3060; x_wconf 88' lang='lat' dir='ltr'>beri,</span> <span class='ocrx_word' id='word_1_460' title='bbox 1836 3011 1996 3060; x_wconf 79' lang='lat' dir='ltr'>seqne</span> <span class='ocrx_word' id='word_1_461' title='bbox 2037 3009 2138 3043; x_wconf 88' lang='lat' dir='ltr'>non</span> <span class='ocrx_word' id='word_1_462' title='bbox 2176 2995 2485 3059; x_wconf 88' lang='lat' dir='ltr'>meminisse,</span> <span class='ocrx_word' id='word_1_463' title='bbox 2523 2995 2575 3043; x_wconf 87' lang='lat' dir='ltr'>id</span> <span class='ocrx_word' id='word_1_464' title='bbox 2614 2996 2738 3044; x_wconf 83' lang='lat' dir='ltr'>alibi</span> 
     </span>
     <span class='ocr_line' id='line_1_85' title="bbox 1666 3072 2742 3136; baseline -0.001 -13"><span class='ocrx_word' id='word_1_465' title='bbox 1666 3075 1856 3136; x_wconf 80' lang='lat' dir='ltr'>legere.</span> <span class='ocrx_word' id='word_1_466' title='bbox 1922 3076 2055 3122; x_wconf 85' lang='lat' dir='ltr'>Sane</span> <span class='ocrx_word' id='word_1_467' title='bbox 2080 3072 2235 3128; x_wconf 85' lang='lat' dir='ltr'>enim,</span> <span class='ocrx_word' id='word_1_468' title='bbox 2260 3087 2356 3121; x_wconf 83' lang='lat' dir='ltr'>nec</span> <span class='ocrx_word' id='word_1_469' title='bbox 2378 3086 2476 3136; x_wconf 76' lang='lat' dir='ltr'>ego</span> <span class='ocrx_word' id='word_1_470' title='bbox 2498 3074 2742 3136; x_wconf 68' lang='lat' dir='ltr'>memini,</span> 
     </span>
     <span class='ocr_line' id='line_1_86' title="bbox 1670 3149 2741 3214; baseline -0.001 -14"><span class='ocrx_word' id='word_1_471' title='bbox 1670 3167 1764 3200; x_wconf 87' lang='lat' dir='ltr'>nec</span> <span class='ocrx_word' id='word_1_472' title='bbox 1796 3152 1938 3210; x_wconf 92' lang='lat' dir='ltr'>dum,</span> <span class='ocrx_word' id='word_1_473' title='bbox 1961 3151 2189 3214; x_wconf 77' lang='lat' dir='ltr'>qtiamvis</span> <span class='ocrx_word' id='word_1_474' title='bbox 2213 3149 2347 3199; x_wconf 86' lang='lat' dir='ltr'>hand</span> <span class='ocrx_word' id='word_1_475' title='bbox 2374 3150 2640 3212; x_wconf 80' lang='lat' dir='ltr'>ignaviter</span> <span class='ocrx_word' id='word_1_476' title='bbox 2663 3151 2741 3199; x_wconf 87' lang='lat' dir='ltr'>in-</span> 
     </span>
     <span class='ocr_line' id='line_1_87' title="bbox 1669 3225 2740 3291; baseline 0.002 -16"><span class='ocrx_word' id='word_1_477' title='bbox 1669 3227 1983 3291; x_wconf 86' lang='lat' dir='ltr'>quisiverim,</span> <span class='ocrx_word' id='word_1_478' title='bbox 2002 3227 2050 3275; x_wconf 87' lang='lat' dir='ltr'>in</span> <span class='ocrx_word' id='word_1_479' title='bbox 2075 3225 2363 3288; x_wconf 80' lang='lat' dir='ltr'>hujusmodi</span> <span class='ocrx_word' id='word_1_480' title='bbox 2386 3226 2542 3275; x_wconf 88' lang='lat' dir='ltr'>incidi</span> <span class='ocrx_word' id='word_1_481' title='bbox 2565 3242 2740 3277; x_wconf 81' lang='lat' dir='ltr'>exem·</span> 
     </span>
     <span class='ocr_line' id='line_1_88' title="bbox 1671 3303 2741 3369; baseline 0.005 -18"><span class='ocrx_word' id='word_1_482' title='bbox 1671 3305 1776 3369; x_wconf 86' lang='lat' dir='ltr'>pla,</span> <span class='ocrx_word' id='word_1_483' title='bbox 1813 3304 1909 3351; x_wconf 88' lang='lat' dir='ltr'>nisi</span> <span class='ocrx_word' id='word_1_484' title='bbox 1951 3318 2105 3352; x_wconf 88' lang='lat' dir='ltr'>unum</span> <span class='ocrx_word' id='word_1_485' title='bbox 2141 3303 2270 3352; x_wconf 89' lang='lat' dir='ltr'>illud</span> <span class='ocrx_word' id='word_1_486' title='bbox 2302 3303 2507 3366; x_wconf 79' lang='lat' dir='ltr'>Virgilii</span> <span class='ocrx_word' id='word_1_487' title='bbox 2543 3304 2741 3367; x_wconf 70' lang='lat' dir='ltr'>Georg-</span> 
     </span>
     <span class='ocr_line' id='line_1_89' title="bbox 1670 3377 2741 3432; baseline 0.001 -3"><span class='ocrx_word' id='word_1_488' title='bbox 1670 3394 1735 3430; x_wconf 84' lang='lat' dir='ltr'>n.</span> <span class='ocrx_word' id='word_1_489' title='bbox 1778 3385 1889 3430; x_wconf 81' lang='lat'><strong>178.</strong></span> <span class='ocrx_word' id='word_1_490' title='bbox 1934 3387 1947 3408; x_wconf 90' lang='lat'>‘</span> <span class='ocrx_word' id='word_1_491' title='bbox 1973 3381 2105 3432; x_wconf 77' lang='lat' dir='ltr'>Quae</span> <span class='ocrx_word' id='word_1_492' title='bbox 2148 3379 2207 3428; x_wconf 79' lang='lat' dir='ltr'>sit</span> <span class='ocrx_word' id='word_1_493' title='bbox 2243 3377 2399 3428; x_wconf 88' lang='lat' dir='ltr'>rebus</span> <span class='ocrx_word' id='word_1_494' title='bbox 2435 3386 2620 3429; x_wconf 82' lang='lat' dir='ltr'>natura</span> <span class='ocrx_word' id='word_1_495' title='bbox 2659 3380 2741 3430; x_wconf 78' lang='lat' dir='ltr'>se-</span> 
     </span>
     <span class='ocr_line' id='line_1_90' title="bbox 1673 3455 2740 3522; baseline 0 -16"><span class='ocrx_word' id='word_1_496' title='bbox 1673 3457 1894 3507; x_wconf 87' lang='lat' dir='ltr'>rendis:&#39;</span> <span class='ocrx_word' id='word_1_497' title='bbox 1940 3455 2217 3505; x_wconf 84' lang='lat' dir='ltr'>manifesta</span> <span class='ocrx_word' id='word_1_498' title='bbox 2252 3464 2421 3506; x_wconf 87' lang='lat' dir='ltr'>tamen</span> <span class='ocrx_word' id='word_1_499' title='bbox 2460 3457 2612 3506; x_wconf 84' lang='lat' dir='ltr'>simul</span> <span class='ocrx_word' id='word_1_500' title='bbox 2647 3473 2740 3522; x_wconf 85' lang='lat' dir='ltr'>ap·</span> 
     </span>
     <span class='ocr_line' id='line_1_91' title="bbox 1673 3532 2741 3599; baseline 0.001 -15"><span class='ocrx_word' id='word_1_501' title='bbox 1673 3544 1821 3599; x_wconf 85' lang='lat' dir='ltr'>paret</span> <span class='ocrx_word' id='word_1_502' title='bbox 1845 3532 2095 3596; x_wconf 73' lang='grc' dir='ltr'><strong>ὰναλογία.</strong></span> <span class='ocrx_word' id='word_1_503' title='bbox 2152 3534 2500 3586; x_wconf 80' lang='lat' dir='ltr'>Quamobrem</span> <span class='ocrx_word' id='word_1_504' title='bbox 2520 3548 2619 3584; x_wconf 87' lang='lat' dir='ltr'>nee</span> <span class='ocrx_word' id='word_1_505' title='bbox 2645 3550 2741 3598; x_wconf 85' lang='lat' dir='ltr'>pro</span> 
     </span>
     <span class='ocr_line' id='line_1_92' title="bbox 1671 3613 2744 3675; baseline 0.002 -14"><span class='ocrx_word' id='word_1_506' title='bbox 1671 3614 1833 3662; x_wconf 85' lang='lat' dir='ltr'>verbo</span> <span class='ocrx_word' id='word_1_507' title='bbox 1854 3614 2087 3671; x_wconf 68' lang='lat' dir='ltr'>scrantur</span> <span class='ocrx_word' id='word_1_508' title='bbox 2117 3613 2362 3675; x_wconf 86' lang='lat' dir='ltr'>amplecti</span> <span class='ocrx_word' id='word_1_509' title='bbox 2396 3613 2549 3662; x_wconf 88' lang='lat' dir='ltr'>velim</span> <span class='ocrx_word' id='word_1_510' title='bbox 2573 3627 2744 3664; x_wconf 67' lang='lat' dir='ltr'>serua·</span> 
     </span>
     <span class='ocr_line' id='line_1_93' title="bbox 1670 3688 2744 3753; baseline 0.001 -15"><span class='ocrx_word' id='word_1_511' title='bbox 1670 3697 1768 3746; x_wconf 81' lang='lat' dir='ltr'>tur,</span> <span class='ocrx_word' id='word_1_512' title='bbox 1792 3690 2021 3753; x_wconf 85' lang='lat' dir='ltr'>quamvis</span> <span class='ocrx_word' id='word_1_513' title='bbox 2053 3689 2150 3737; x_wconf 84' lang='lat' dir='ltr'>hoc</span> <span class='ocrx_word' id='word_1_514' title='bbox 2184 3688 2435 3750; x_wconf 82' lang='lat' dir='ltr'>placuerit</span> <span class='ocrx_word' id='word_1_515' title='bbox 2461 3689 2664 3753; x_wconf 81' lang='lat' dir='ltr'>Lipsio,</span> <span class='ocrx_word' id='word_1_516' title='bbox 2686 3695 2744 3740; x_wconf 73' lang='lat' dir='ltr'>et</span> 
     </span>
     <span class='ocr_line' id='line_1_94' title="bbox 1672 3763 2745 3830; baseline -0.001 -14"><span class='ocrx_word' id='word_1_517' title='bbox 1672 3782 1735 3816; x_wconf 85' lang='lat' dir='ltr'>ex</span> <span class='ocrx_word' id='word_1_518' title='bbox 1769 3767 1917 3830; x_wconf 80' lang='lat' dir='ltr'>liujus</span> <span class='ocrx_word' id='word_1_519' title='bbox 1955 3766 2264 3828; x_wconf 85' lang='lat' dir='ltr'>conjectura</span> <span class='ocrx_word' id='word_1_520' title='bbox 2298 3763 2351 3812; x_wconf 85' lang='lat' dir='ltr'>id</span> <span class='ocrx_word' id='word_1_521' title='bbox 2384 3763 2494 3827; x_wconf 79' lang='lat' dir='ltr'>jam</span> <span class='ocrx_word' id='word_1_522' title='bbox 2530 3765 2584 3814; x_wconf 88' lang='lat' dir='ltr'>in</span> <span class='ocrx_word' id='word_1_523' title='bbox 2619 3778 2745 3815; x_wconf 79' lang='lat' dir='ltr'>con·</span> 
     </span>
     <span class='ocr_line' id='line_1_95' title="bbox 1672 3841 2746 3894; baseline -0.003 0"><span class='ocrx_word' id='word_1_524' title='bbox 1672 3851 1870 3894; x_wconf 84' lang='lat' dir='ltr'>textum</span> <span class='ocrx_word' id='word_1_525' title='bbox 1898 3843 2147 3894; x_wconf 88' lang='lat' dir='ltr'>orationis</span> <span class='ocrx_word' id='word_1_526' title='bbox 2181 3841 2483 3891; x_wconf 83' lang='lat' dir='ltr'>admiserint</span> <span class='ocrx_word' id='word_1_527' title='bbox 2506 3842 2746 3891; x_wconf 79' lang='lat' dir='ltr'>Boxbor-</span> 
     </span>
     <span class='ocr_line' id='line_1_96' title="bbox 1670 3916 2744 3985; baseline -0.004 -13"><span class='ocrx_word' id='word_1_528' title='bbox 1670 3924 1805 3985; x_wconf 88' lang='lat' dir='ltr'>nius,</span> <span class='ocrx_word' id='word_1_529' title='bbox 1826 3921 2058 3983; x_wconf 84' lang='lat' dir='ltr'>Hearne,</span> <span class='ocrx_word' id='word_1_530' title='bbox 2080 3925 2136 3969; x_wconf 88' lang='lat' dir='ltr'>et</span> <span class='ocrx_word' id='word_1_531' title='bbox 2159 3916 2428 3968; x_wconf 84' lang='lat' dir='ltr'>Cellsrlns.</span> <span class='ocrx_word' id='word_1_532' title='bbox 2498 3917 2744 3984; x_wconf 82' lang='lat' dir='ltr'>Denique</span> 
     </span>
     <span class='ocr_line' id='line_1_97' title="bbox 1670 3995 2747 4063; baseline -0.001 -15"><span class='ocrx_word' id='word_1_533' title='bbox 1670 4007 1685 4029; x_wconf 78' lang='lat'><strong><em>⁴</em></strong></span> <span class='ocrx_word' id='word_1_534' title='bbox 1710 3998 1920 4063; x_wconf 86' lang='lat' dir='ltr'>expeti’</span> <span class='ocrx_word' id='word_1_535' title='bbox 1955 3998 2224 4059; x_wconf 85' lang='lat' dir='ltr'>dicuntur,</span> <span class='ocrx_word' id='word_1_536' title='bbox 2249 4010 2366 4060; x_wconf 66' lang='lat' dir='ltr'>quie</span> <span class='ocrx_word' id='word_1_537' title='bbox 2406 3995 2747 4047; x_wconf 76' lang='lat' dir='ltr'>veliementer</span> 
     </span>
     <span class='ocr_line' id='line_1_98' title="bbox 1670 4074 2746 4138; baseline -0.001 -12"><span class='ocrx_word' id='word_1_538' title='bbox 1670 4077 2056 4137; x_wconf 81' lang='lat' dir='ltr'>desiderantur,</span> <span class='ocrx_word' id='word_1_539' title='bbox 2106 4074 2331 4138; x_wconf 90' lang='lat' dir='ltr'>ideoque</span> <span class='ocrx_word' id='word_1_540' title='bbox 2393 4087 2534 4138; x_wconf 75' lang='lat' dir='ltr'>saepe</span> <span class='ocrx_word' id='word_1_541' title='bbox 2580 4075 2746 4125; x_wconf 82' lang='lat' dir='ltr'>etiam</span> 
     </span>
     <span class='ocr_line' id='line_1_99' title="bbox 1672 4148 2749 4218; baseline -0.006 -15"><span class='ocrx_word' id='word_1_542' title='bbox 1672 4168 1892 4218; x_wconf 80' lang='lat' dir='ltr'>peregre</span> <span class='ocrx_word' id='word_1_543' title='bbox 1912 4158 2187 4216; x_wconf 71' lang='lat' dir='ltr'>petunturg</span> <span class='ocrx_word' id='word_1_544' title='bbox 2215 4156 2275 4198; x_wconf 81' lang='lat' dir='ltr'>ut</span> <span class='ocrx_word' id='word_1_545' title='bbox 2297 4148 2486 4199; x_wconf 83' lang='lat' dir='ltr'>Horat.</span> <span class='ocrx_word' id='word_1_546' title='bbox 2512 4150 2749 4213; x_wconf 50' lang='lat' dir='ltr'>Epistaer.</span> 
     </span>
     <span class='ocr_line' id='line_1_100' title="bbox 1674 4225 2748 4292; baseline -0.009 -12"><span class='ocrx_word' id='word_1_547' title='bbox 1674 4235 1753 4280; x_wconf 89' lang='lat' dir='ltr'>ll.</span> <span class='ocrx_word' id='word_1_548' title='bbox 1774 4234 1856 4278; x_wconf 81' lang='grc'>29.</span> <span class='ocrx_word' id='word_1_549' title='bbox 1894 4228 1988 4292; x_wconf 82' lang='lat' dir='ltr'>ait,</span> <span class='ocrx_word' id='word_1_550' title='bbox 2021 4234 2036 4256; x_wconf 84' lang='lat'>⁸</span> <span class='ocrx_word' id='word_1_551' title='bbox 2059 4225 2299 4277; x_wconf 82' lang='lat' dir='ltr'>Navibus</span> <span class='ocrx_word' id='word_1_552' title='bbox 2330 4229 2488 4291; x_wconf 85' lang='lat' dir='ltr'>atque</span> <span class='ocrx_word' id='word_1_553' title='bbox 2516 4225 2748 4278; x_wconf 75' lang='lat' dir='ltr'>Quadri.</span> 
     </span>
     <span class='ocr_line' id='line_1_101' title="bbox 1671 4301 2748 4373; baseline -0.001 -17"><span class='ocrx_word' id='word_1_554' title='bbox 1671 4307 1749 4373; x_wconf 76' lang='lat' dir='ltr'>gis</span> <span class='ocrx_word' id='word_1_555' title='bbox 1782 4305 2004 4371; x_wconf 82' lang='lat' dir='ltr'>petimus</span> <span class='ocrx_word' id='word_1_556' title='bbox 2038 4303 2175 4355; x_wconf 85' lang='lat' dir='ltr'>bene</span> <span class='ocrx_word' id='word_1_557' title='bbox 2206 4301 2403 4354; x_wconf 85' lang='lat' dir='ltr'>vivere.</span> <span class='ocrx_word' id='word_1_558' title='bbox 2469 4302 2625 4354; x_wconf 81' lang='lat' dir='ltr'>Quod</span> <span class='ocrx_word' id='word_1_559' title='bbox 2654 4317 2748 4369; x_wconf 82' lang='lat' dir='ltr'>pe-</span> 
     </span>
    </p>
   </div>
  </div>
 </body>
</html>
