3060 4902
758 345 821 390 c.
867 344 1109 392 patrm
1156 343 1482 394 suenum
1533 345 1807 396 Panno.
1883 347 1935 398 1.
1977 331 2086 399 78.

325 484 706 550 Salisburgensi
762 494 818 537 et
867 502 983 540 meo
1034 488 1230 540 codice.
1314 490 1378 540 ln

326 562 627 621 Parisiensi,
663 564 804 613 locus
833 565 917 616 bie
951 567 1024 615 ita
1045 566 1377 629 exprimitur:

329 640 517 703 Quippe
529 641 873 701 etiamsortuaa
886 644 1128 692 videbatur·
1141 646 1384 706 indignus,

322 717 372 763 si
391 722 541 779 posset
574 718 770 768 honores
797 720 928 782 dure,
964 735 1075 782 quos
1099 736 1265 782 gerere
1289 735 1379 769 non

318 798 519 856 posset:
552 810 667 857 quae
704 796 862 845 lectio
891 812 993 845 nou
1029 798 1204 860 inepta
1241 797 1381 847 vide-

331 878 439 925 tur,
461 870 504 918 si
533 871 828 934 cumprimis
855 886 947 936 pro
970 886 1088 921 casu
1112 873 1383 923 accusandi

327 962 460 1010 quos,
483 959 771 999 resumatur
793 964 941 999 casus
966 952 1261 1001 nominandi
1282 954 1385 1016 qui.

331 1023 450 1072 Nec
491 1022 609 1072 dum
660 1032 833 1074 tamen
886 1027 1224 1076 necessarium
1269 1042 1383 1078 esse

330 1108 481 1163 puto,
515 1109 575 1152 ut
608 1101 765 1151 lectio
802 1103 1009 1166 vulgata
1044 1105 1158 1154 loco
1180 1121 1273 1155 sno
1296 1121 1383 1156 ex-

332 1179 590 1230 turbetur.
620 1180 864 1231 Selinous-2.

396 1257 631 1307 Facturus
642 1260 849 1307 eonsules
859 1259 1044 1323 docear]
1060 1261 1384 1325 Magnopere

332 1333 488 1383 velim
523 1333 714 1397 legere,
748 1336 985 1386 Facturus
1017 1339 1241 1393 emtsules,
1275 1352 1386 1386 con·

329 1410 455 1460 eules
475 1424 574 1459 esse
597 1411 759 1459 doceat
772 1427 792 1468 ,·
825 1412 944 1476 qnia
976 1428 1098 1463 vero
1123 1414 1240 1463 huic
1266 1428 1386 1463 con·

320 1487 550 1551 jectum
572 1488 740 1535 nullus
764 1487 956 1538 addicit
978 1489 1126 1553 liber,
1146 1489 1271 1538 satis
1287 1496 1386 1546 est,

331 1576 513 1612 vocem
528 1576 640 1611 eam
656 1569 828 1612 mente
845 1572 1103 1627 repetere.
1131 1564 1147 1591 ‘
1162 1563 1391 1615 Docere'

330 1653 458 1689 vero
495 1638 665 1703 potuit
685 1638 939 1702 Trajanus
973 1641 1228 1703 exemplo,
1265 1654 1387 1690 con·

331 1716 480 1774 siliis,
499 1715 823 1779 monitisque,
842 1716 961 1779 quid
979 1725 1134 1774 esset,
1152 1718 1388 1768 consules

331 1806 450 1842 esse
469 1799 525 1841 et
547 1806 719 1854 agere.
753 1792 902 1841 Idem.

398 1868 606 1931 Doceat]
641 1870 890 1932 Exemplo
922 1884 1033 1932 suo,
1067 1871 1298 1920 eonsules
1333 1886 1388 1921 a·

334 1960 477 2011 gere.
508 1946 646 2009 Lips.

399 2022 768 2087 Accepturisque
787 2021 1122 2084 amplissimum
1142 2023 1386 2089 honorent]

331 2097 677 2149 Intolerabile
700 2108 929 2148 erratum
962 2098 1158 2162 aliquot
1183 2098 1387 2150 codices

331 2177 467 2225 Μαι.
501 2173 896 2237 contaminavit,
929 2173 1048 2224 dum
1074 2175 1125 2224 in
1148 2176 1391 2225 vatican.

331 2253 569 2315 Venetis,
617 2251 1011 2315 Salisburgensi,
1079 2251 1388 2315 Guelphico,

333 2328 616 2393 Patavino‚
668 2342 801 2391 meo,
845 2336 900 2378 et
944 2328 1077 2378 libro
1118 2326 1390 2385 vossiano,

331 2405 461 2457 item
485 2413 542 2457 et
566 2406 615 2456 in
637 2405 842 2456 excusis
867 2404 1096 2456 Catanaei
1130 2413 1186 2455 et
1218 2404 1392 2455 Philo·

331 2485 467 2535 musi
491 2484 864 2547 deceptumque
886 2484 1091 2545 legitur.
1147 2482 1392 2547 Aliquan-

335 2570 448 2611 tum
483 2561 801 2611 tolerabilius
845 2558 1081 2610 librarius
1120 2559 1175 2608 iu
1211 2558 1392 2609 codice

331 2637 614 2688 Parisiensi
686 2637 913 2700 reposuit
985 2637 1353 2700 Accepturum
1371 2650 1391 2695 ,·

334 2714 479 2779 qnod
521 2722 579 2765 et
633 2715 685 2763 iu
741 2713 1050 2763 editionibus
1095 2713 1394 2776 Puteolani,

333 2791 604 2854 Beroaldi,
649 2791 790 2849 Aldi,
834 2791 1152 2855 Cuspiniani,
1196 2792 1393 2854 Juntae,

335 2871 596 2931 Rhenaui,
620 2868 912 2932 Cratandri,
937 2870 998 2918 R.
1020 2868 1292 2930 Stephani,
1313 2868 1394 2918 Si·

336 2945 541 3009 eliardi,
564 2945 736 3004 Navii,
756 2944 1009 2993 occurrit:
1034 2943 1394 3008 etenim,quod

336 3022 648 3073 Arntzenius
691 3022 980 3082 annotavit,
1029 3020 1258 3071 nonnulli
1303 3019 1393 3069 ob-

337 3106 630 3155 servarunt,
674 3105 876 3147 veteres
924 3095 1198 3161 aliquando
1240 3097 1394 3146 etiam

337 3190 516 3226 casum
549 3181 787 3238 quartum
822 3187 1053 3236 persouae
1084 3187 1199 3222 cum
1235 3172 1395 3223 verbe

339 3254 356 3280 ‘
381 3251 598 3302 suadere
615 3249 629 3270 '
652 3256 706 3300 et
729 3256 744 3278 ‘
770 3247 1114 3312 persuadere'
1128 3249 1397 3312 junxisse3

338 3344 392 3379 v.
430 3343 478 3392 g.
516 3333 532 3356 ⁴
558 3327 672 3393 quis
715 3333 766 3375 te
813 3324 1124 3390 persuasit?
1181 3325 1298 3377 Qua
1330 3325 1396 3374 de

339 3411 605 3454 structura
626 3402 816 3468 quippe
840 3402 947 3464 egit
978 3402 1302 3450 Burmannus
1330 3400 1396 3450 ad

338 3481 555 3532 Phaedr.
579 3494 619 3529 1.
645 3484 723 3528 1⁶.
754 3487 807 3528 et
835 3478 900 3528 ad
930 3479 1144 3528 Petron.
1178 3493 1292 3541 cap.
1314 3483 1397 3528 46.

341 3558 451 3608 Sed
476 3557 699 3607 Plinium
735 3565 839 3606 tam
874 3558 1128 3617 insolitam
1157 3556 1398 3621 loquendi

339 3632 597 3683 rationem
653 3638 903 3681 sectatum
961 3646 1091 3689 esse,
1146 3646 1240 3694 ego
1298 3646 1396 3680 uon

338 3708 540 3768 credo;
572 3725 685 3759 cum
712 3708 942 3772 inprimis
972 3708 1398 3772 animadvertam,

343 3800 462 3837 eum
487 3787 611 3835 alibi
634 3791 935 3834 constanter
957 3784 1197 3833 usitatam
1221 3784 1398 3833 borum

343 3862 619 3914 verborum
641 3869 950 3910 structuram
970 3873 1083 3908 cum
1103 3875 1223 3909 casu
1243 3860 1399 3911 tertio

341 3939 595 3991 retinere.
635 3938 909 3988 Catanoeus
930 3935 1137 4000 quidem
1160 3937 1209 3985 in
1236 3939 1400 4001 prima

344 4015 577 4067 editione
609 4014 763 4064 etiam
790 4012 1088 4076 prodiderat
1107 4019 1398 4077 accepturas·

343 4106 475 4158 qne,-
523 4099 579 4139 at
622 4089 674 4139 iu
717 4088 1025 4138 editionibus
1068 4091 1400 4153 sequentibus

348 4168 601 4220 veriorem
616 4165 1270 4229 lectionem,aeeepturisque
1286 4180 1402 4231 pro-

344 4244 641 4311 mulgavit3
693 4254 847 4308 quam
898 4240 1055 4294 etism
1097 4242 1399 4313 exhibuere,

2381 330 2513 399 969

1458 489 1719 556 Gryphins
1755 494 1901 541 1542.
1956 490 2386 555 H.>Stephanus,
2428 484 2514 543 Li·

1459 567 1675 628 vineius‚
1709 570 1890 617 ceteri.
1956 567 2108 620 Quod
2140 568 2390 632 reliquum
2414 576 2515 626 est,

1457 641 1658 691 Plinius
1681 656 1776 705 per
1797 643 2135 706 amplissimum
2168 644 2387 693 honorem
2422 645 2517 694 de·

1456 721 1629 783 signat
1652 721 1991 770 consulatum.
2059 721 2172 770 Etsi
2195 720 2333 769 enim
2356 720 2535 773 etiam‘

1457 797 1586 845 ordo
1608 798 1897 846 senatorius
1920 796 2218 860 frequenter
2244 806 2515 849 vocaretur

1456 871 1619 921 ‘ordo
1652 874 1989 936 amplissimus
2005 872 2040 935 ς’
2076 873 2219 938 (ride
2254 875 2390 925 Pliu.
2413 876 2516 939 Ep.

1461 962 1517 998 x.
1550 952 1699 1000 Sao.
1728 958 1782 1000 et
1820 948 1926 1015 21.)
1967 959 2137 1000 tamen
2181 957 2234 1001 et
2277 953 2514 1003 consules

1461 1026 1775 1076 vocabantur
1795 1027 2110 1089 amplissimi,
2142 1036 2194 1077 et
2217 1029 2514 1079 consulatus

1461 1103 1725 1164 praecipue
1741 1103 2031 1167 appellatus
2047 1109 2130 1152 est
2146 1105 2162 1131 ⁴
2183 1102 2515 1167 magistratus

1461 1177 1837 1240 amplissimus.'
1890 1179 2109 1228 Sueten.
2133 1179 2269 1242 Aug.
2290 1194 2408 1243 cap.
2428 1185 2517 1231 26.

1463 1253 1723 1302 ‘Tertium
1746 1254 2003 1305 decimum
2029 1257 2349 1306 consulatum
2373 1256 2517 1307 bien·

1461 1329 1548 1378 nio
1567 1338 1687 1392 post
1705 1332 1843 1382 ultro
1869 1334 2047 1396 petiit:
2075 1341 2131 1382 nt
2148 1333 2327 1383 Caium
2347 1341 2399 1383 et
2415 1334 2516 1383 Lu·

1461 1406 1780 1471 cium,filios,
1803 1411 2116 1473 amplissimo
2140 1410 2390 1473 praeditns
2412 1426 2516 1461 ma-

1464 1483 1703 1547 gistratu,
1724 1500 1816 1535 suo
1842 1502 2094 1552 quemque
2111 1487 2351 1538 tirocinio
2361 1488 2517 1540 duce-

1463 1565 1546 1609 ret
1567 1559 1619 1609 in
1644 1557 1847 1611 forum.'
1874 1563 2117 1613 Schmun.

1530 1636 1668 1693 Quod
1688 1640 1889 1689 datum
1906 1641 1993 1705 sit]
2025 1642 2170 1690 Bene
2195 1650 2442 1707 recteque
2460 1657 2517 1694 se

1462 1712 1625 1764 habet
1658 1714 1768 1764 ltaec
1804 1716 1977 1774 lectio,
2014 1718 2065 1766 in
2100 1719 2336 1769 omnibus
2372 1720 2518 1770 libris

1465 1792 1665 1842 excusis
1698 1794 1961 1858 evulgata,
1992 1794 2091 1844 etsi
2124 1796 2261 1845 euim
2295 1811 2389 1859 pro
2423 1796 2520 1847 bae

1463 1871 1668 1936 legatur
1708 1873 1760 1921 in
1804 1874 2072 1924 codicibus
2110 1875 2238 1924 Mas.
2283 1875 2523 1926 Vatican-

1466 1947 1708 2009 Venetis,
1726 1949 2022 2006 Parisiensi,
2040 1950 2521 2017 Guelpherbytano,

1465 2023 1741 2088 Patavino,
1762 2032 1816 2076 et
1839 2027 1970 2076 libro
1990 2029 2263 2091 vossiano,
2295 2032 2417 2092 quod
2436 2031 2522 2079 du-

1464 2097 1569 2157 Im,-
1612 2099 1723 2149 basc
1768 2109 1938 2151 tamen
1979 2105 2196 2153 variatio
2239 2115 2379 2155 stare
2417 2121 2521 2156 nou

1467 2183 1661 2238 potest.
1728 2177 1800 2227 At
1832 2178 1881 2227 in
1907 2179 2286 2243 Salisburgensi
2321 2181 2523 2242 codice,

1465 2259 1522 2301 et
1545 2266 1679 2315 meo,
1713 2260 1857 2303 recte
1888 2254 2139 2319 scriptum
2162 2263 2261 2315 est,
2291 2260 2412 2321 quod
2430 2259 2522 2307 da·

1465 2333 1605 2378 turus
1628 2329 1711 2377 sit.
1743 2328 1913 2380 Idem.

1538 2402 1675 2460 Quod
1709 2404 1909 2456 daturus
1945 2404 2038 2471 sit]
2103 2406 2242 2463 Quod
2280 2407 2411 2459 dabie
2454 2408 2521 2459 V.

1466 2478 1630 2530 Livia.
2512 2511 2517 2516 ·

1533 2555 1621 2605 Sic
1641 2556 1730 2620 fit,
1757 2562 1812 2607 sit
1843 2557 1945 2621 illi]
1978 2558 2083 2621 Sie,
2106 2564 2160 2609 stt
2182 2559 2258 2610 illi
2281 2561 2447 2612 Liviu-
2468 2561 2525 2613 in

1468 2640 1651 2694 textu3
1685 2635 1778 2684 sed
1805 2636 1855 2684 in
1882 2638 2135 2700 margine,
2168 2638 2256 2688 Sic
2262 2639 2352 2704 fit,
2372 2645 2429 2691 ut
2448 2641 2527 2689 ius

1467 2710 1537 2760 V.
1561 2712 1620 2762 C.
1642 2711 1709 2761 G.
1735 2713 1798 2762 R.
1828 2712 1986 2769 forte,
2007 2713 2119 2778 fiet.
2165 2715 2332 2765 Recte
2355 2716 2525 2766 Liviu-

1469 2786 1653 2837 inserit
1675 2789 1789 2852 fiet.
1841 2789 1979 2840 Ritt.

1534 2864 1623 2914 Sic
1629 2864 1726 2929 fle]
1768 2866 1963 2916 Navius
1983 2873 2039 2916 et
2058 2866 2321 2917 Livineius
2341 2868 2527 2917 omise-

1470 2948 1592 2989 runt
1626 2941 1838 2990 verbum
1863 2941 1970 3004 ju,-
2019 2956 2311 3006 quanquam
2349 2943 2432 2993 hic
2470 2944 2524 2994 in

1469 3014 1700 3079 margine
1724 3019 2005 3073 annotarit,
2029 3032 2085 3065 se
2117 3017 2243 3069 illud
2270 3019 2526 3069 invenisse

1470 3091 1522 3141 in
1561 3100 1739 3141 vetere
1775 3106 1865 3142 suo
1904 3092 2113 3153 codice;
2150 3095 2271 3143 item
2309 3095 2360 3144 in
2398 3096 2529 3146 Cns-

1473 3170 1689 3234 piuiani,
1725 3169 1965 3234 Grypbii,
2003 3177 2057 3221 et
2095 3171 2348 3229 Rhenani,
2382 3172 2529 3224 libris

1470 3246 1763 3310 impressis;
1798 3261 1854 3294 se
1878 3253 2048 3296 tamen
2075 3249 2224 3298 malle
2253 3250 2426 3313 legere
2456 3249 2529 3300 sie

1456 3322 1569 3388 fiee.
1639 3322 1750 3371 Etsi
1776 3337 1895 3371 vero
1916 3322 1991 3372 sic
2026 3324 2205 3389 utique
2237 3327 2440 3391 legatur
2472 3327 2528 3378 in

1472 3399 1653 3450 codice
1709 3399 2028 3461 Parisiensi3
2096 3403 2300 3452 retineo
2355 3408 2530 3455 tamen

1469 3478 1748 3527 lectionem
1792 3477 2072 3540 vulgatam,
2116 3493 2229 3541 qnae
2284 3481 2530 3545 omnium,

1472 3568 1600 3619 ques
1617 3553 1837 3615 inspexi,
1849 3562 2141 3603 ceterorum
2157 3555 2393 3608 codicum
2404 3559 2531 3616 Mss-

1469 3628 1724 3693 suffragiis
1737 3631 2125 3694 comprobatur.
2143 3635 2342 3685 Plinius
2356 3652 2531 3701 snpra,

1474 3718 1572 3756 ιιι.
1591 3710 1639 3755 1.
1660 3709 1675 3735 ‘
1695 3706 1784 3757 Sic
1809 3705 1886 3764 fit,
1914 3713 1971 3756 ut
1994 3708 2094 3758 Dei
2117 3724 2368 3761 summum
2393 3713 2530 3763 inter

1472 3783 1703 3834 homines
1738 3782 2000 3846 fastigium
2036 3786 2284 3836 servent?
2329 3800 2455 3839 ην.
2485 3792 2531 3838 1.

1472 3865 1488 3888 ⁴
1512 3861 1602 3911 Sic
1621 3859 1700 3919 tit,
1718 3868 1775 3911 ut
1797 3861 1894 3912 tibi
1920 3863 2033 3926 plus
2050 3862 2268 3927 (licere)
2284 3866 2532 3917 velimus.'

1474 3936 1579 3987 Sed
1608 3944 1665 3988 et
1694 3952 1808 3987 cum
1833 3937 2025 3994 futuro,
2062 3951 2162 3988 xx.
2188 3944 2239 3987 6.
2273 3939 2393 3990 ‘lta
2421 3939 2535 4006 fiet,

1473 4023 1534 4065 ut
1570 4027 1672 4064 non
1709 4014 1964 4077 absumat,
2000 4013 2140 4078 quod
2188 4012 2383 4078 pudeat
2422 4017 2531 4067 edi·

1474 4088 1633 4142 cere!
1667 4090 1906 4139 Schmun.

1543 4167 1937 4217 Canaxxvtrr.
1966 4164 2328 4229 Uesuuina]
2350 4166 2533 4220 Codex

1473 4243 1783 4308 Patavium,
1822 4248 1879 4296 et
1926 4242 2059 4297 liber
2099 4243 2404 4311 Vossianus,
2443 4245 2535 4299 ha·
