3060 4902
469 392 643 459 1096

1076 481 1088 490 ι
1161 408 1381 457 NOTAE
1434 404 1840 457 VARIORUM
1892 406 1977 456 IN

469 551 485 578 ⁴
514 550 791 615 Praecipue
832 550 972 601 circa
1013 550 1177 614 partis
1212 550 1364 615 hujus
1404 565 1535 615 prae·
1603 548 1964 613 per-tribuerunt
2005 547 2217 599 Vossius
2259 547 2312 598 in
2352 547 2535 599 codice
2573 549 2683 599 Ms.
2717 560 2734 573 ·

472 637 627 691 cepta
660 628 983 678 elaboravit!
1018 628 1167 678 Idem
1194 629 1423 677 Prooem.
1447 626 1537 677 lib.

479 719 557 753 νι.
606 706 620 730 ‘
657 705 833 767 Ipsum
879 703 1022 753 illum
1067 705 1305 754 alienatae
1348 705 1537 753 mentis

473 794 703 829 errorem
744 780 886 832 circs
929 781 1067 830 solas
1107 781 1284 830 literas
1320 778 1538 830 habuit)

472 857 692 907 Sueton.
724 855 855 917 Aug.
890 871 937 907 c.
959 861 1042 906 64.
1073 859 1088 885 ⁸
1110 858 1264 908 Circa
1298 859 1540 906 caerimo·

474 932 589 982 nias
612 935 840 982 correxit
864 932 1139 997 qiiaedum!
1187 934 1293 983 Pro
1316 934 1332 962 ‘
1357 949 1482 995 erga
1502 932 1540 982 ε’

473 1009 643 1059 Tacit.
674 1009 861 1059 Annal.
894 1023 974 1060 xi.
1012 1015 1088 1059 15.
1120 1009 1136 1037 ‘
1165 1010 1229 1059 Id
1264 1024 1400 1059 nunc
1423 1024 1539 1073 seg·

473 1086 591 1136 nius
616 1086 694 1148 fit,
721 1086 926 1149 publica
947 1087 1089 1136 circu
1112 1087 1269 1135 bonas
1294 1096 1436 1136 artes
1461 1100 1542 1135 so-

477 1162 692 1214 cordia.’
726 1165 942 1213 Sueton.
966 1164 1081 1211 Tib.
1097 1178 1211 1227 cap.
1229 1168 1310 1214 69.
1340 1167 1353 1193 ‘
1382 1165 1543 1214 Circa

478 1243 618 1290 Deos
634 1248 690 1289 et
708 1240 978 1301 religiones
992 1240 1370 1303 negligentior!
1405 1241 1544 1290 Plin.

478 1316 650 1378 Epist.
676 1329 753 1365 vr.
779 1319 858 1365 21.
897 1319 911 1343 ‘
936 1316 1090 1364 Circa
1125 1331 1206 1365 me
1231 1324 1429 1366 tantum
1455 1316 1543 1365 be-

478 1392 739 1455 nignitate
801 1392 960 1441 uimia
1024 1390 1229 1440 modum
1282 1391 1543 1441 excessit.³

481 1469 746 1534 Quinctil..
773 1469 1010 1517 Declam.
1047 1482 1087 1517 ι.
1121 1472 1167 1517 7.
1202 1467 1217 1495 ‘
1243 1467 1381 1520 Quid
1407 1469 1543 1517 enim

480 1545 622 1594 circa
643 1555 693 1593 te
715 1545 935 1607 pecunia
954 1544 1180 1609 potest?
1212 1544 1406 1595 Justin.
1426 1558 1546 1595 xW.

482 1624 529 1669 1.
564 1620 579 1647 ‘
604 1621 765 1670 Simul
796 1630 869 1677 ut,
908 1620 1162 1684 quomodo
1193 1622 1334 1670 circa
1357 1635 1412 1670 se
1436 1620 1546 1669 sni-

480 1697 610 1746 mnti
631 1706 823 1757 essent,
838 1697 1243 1756 cognoscerent!
1274 1697 1514 1747 Schmun-z·

549 1776 596 1821 Ε
615 1774 788 1823 studiis
808 1773 1006 1835 nostris]
1039 1773 1102 1822 Id
1127 1782 1227 1837 est,
1259 1788 1353 1836 pro
1386 1773 1548 1824 studi·

484 1863 631 1898 orum
654 1859 943 1899 nostrorum
975 1848 1115 1898 fama
1138 1857 1193 1898 et
1217 1850 1549 1900 celebritate.

484 1928 629 1989 Lege
659 1927 790 1976 Plin.
817 1927 984 1988 Epist.
1010 1940 1071 1976 ιι.
1094 1931 1174 1975 11.
1205 1926 1370 1975 Lirin.

552 2005 599 2051 E
611 2002 808 2064 studiis]
835 2003 1174 2067 Eloquentiae,
1196 2011 1251 2053 et
1269 2001 1556 2053 forensium·

484 2093 778 2130 causarum.
809 2079 948 2143 Lips.

553 2156 976 2220 Antiquissimum]
1010 2155 1316 2214 Maximum,
1339 2157 1552 2207 nobilis-

489 2237 692 2298 simum,
726 2235 948 2299 antiquis
975 2235 1161 2298 simile,
1200 2235 1368 2299 inquit
1399 2237 1553 2284 Cata-

489 2328 653 2362 naeus.
686 2313 903 2361 Patarol.

559 2389 896 2438 Testimonium
934 2388 1263 2454 perhibuistis]
1330 2387 1394 2436 In
1438 2401 1554 2436 meo

489 2468 670 2518 codice
728 2480 822 2529 pro
885 2467 1210 2528 perhibuistis,
1279 2480 1553 2529 perperam

489 2544 741 2606 scriptum
783 2551 866 2591 est
904 2541 1231 2605 prohibuistis.
1300 2543 1362 2591 In
1403 2543 1555 2592 unico

491 2619 627 2667 libro
650 2618 899 2666 vossiano
931 2633 1026 2680 pro
1051 2619 1210 2667 verbo
1236 2620 1442 2680 vulgato
1467 2633 1555 2666 an-

491 2704 727 2745 notatum
765 2704 844 2744 est
877 2695 1236 2758 pertribuistis,-
1270 2694 1405 2760 quod
1446 2710 1557 2744 ver-

492 2773 612 2820 bum
632 2772 867 2833 arripuit,
886 2772 1184 2834 primusque
1206 2773 1430 2821 omnium
1448 2770 1558 2820 edi-

493 2848 576 2895 dit
622 2846 980 2906 Arntzenius3
1036 2849 1156 2909 quia
1201 2848 1341 2896 Plin.
1386 2849 1558 2911 Epist.

497 2938 557 2975 x.
583 2928 661 2971 18.
695 2924 923 2985 scripsit,
957 2925 972 2950 ‘
1000 2924 1118 2975 Qua
1156 2925 1416 2987 privatim,
1456 2941 1559 2988 qna

495 2999 723 3063 publice,
750 3000 1102 3048 testimonium
1129 2999 1561 3063 pertribuerunt.’

494 3076 617 3125 Hoc
640 3077 774 3124 enim
798 3077 1008 3125 verbum
1036 3076 1243 3124 Cortins
1268 3090 1332 3125 ex
1358 3077 1481 3126 Aldi
1506 3083 1563 3127 et

495 3153 720 3216 Gryphii
746 3151 1060 3201 editionibus
1085 3153 1153 3200 ibi
1174 3153 1421 3217 prodidit,
1444 3169 1561 3203 cum

495 3230 622 3277 alios
680 3229 831 3291 vulgo
883 3228 1149 3291 legeretur
1200 3228 1558 3289 retribuerunt,
1549 3246 1562 3260 ·

496 3307 737 3372 quoniam
784 3305 943 3355 verba
990 3305 1098 3367 ills,
1141 3305 1157 3333 ‘
1199 3307 1564 3369 pertribuerel

496 3390 513 3412 ³
550 3382 865 3449 perrogare,'
912 3384 927 3411 ⁸
955 3383 1246 3447 peragere,'
1291 3393 1305 3415 ·
1334 3392 1564 3447 pertrac-

498 3459 652 3520 tare‚’
686 3473 802 3508 curn
829 3459 1202 3522 praepositione
1236 3458 1252 3486 ‘
1278 3473 1371 3522 per
1388 3458 1402 3479 ’
1424 3473 1565 3508 com-

495 3537 688 3601 posita,
744 3534 1137 3584 universitatem
1182 3535 1456 3599 quandam,
1509 3544 1565 3586 et

495 3611 635 3677 quod
668 3610 862 3661 factum
897 3612 966 3660 sit
991 3611 1057 3660 ab
1080 3612 1339 3673 omnibus,
1381 3619 1567 3662 notare

411 3734 433 3745 ,
499 3690 719 3739 solesut.
789 3688 1109 3752 Neutiqusm
1146 3699 1428 3739 contemno
1452 3704 1566 3738 ver·

499 3766 622 3816 bum
657 3763 1046 3827 perhibuerunt,-
1082 3779 1431 3829 agnoscoque,
1465 3766 1569 3815 ista

389 3847 403 3856 '
502 3842 605 3892 duo
641 3842 802 3891 verba
834 3839 988 3890 facile
1026 3841 1162 3890 inter
1196 3856 1253 3890 se
1286 3855 1317 3889 a
1342 3842 1568 3909 librariis

500 3918 802 3983 permisceri
848 3918 1109 3982 potuisse3
1144 3919 1234 3968 sed
1277 3934 1443 3983 neque
1492 3923 1568 3970 ul-

501 3997 604 4045 lsm
629 3994 995 4045 necessitatem
1030 3994 1199 4057 video,
1219 4008 1313 4044 cur
1339 3996 1566 4060 rejiciam

502 4072 786 4136 vulgatum,
825 4081 881 4121 et
914 4071 978 4120 sb
1009 4071 1246 4120 omnibus
1281 4072 1472 4122 ceteris
1507 4073 1569 4122 li-

504 4146 613 4195 bris
635 4146 987 4196 confirmatum
1018 4148 1318 4211 lectionem,
1348 4149 1571 4211 perhibu-

500 4227 657 4278 erunt,
679 4237 793 4273 cum
810 4224 1047 4289 inprimis
1063 4224 1271 4275 dubium
1290 4225 1377 4291 sit,
1395 4233 1569 4277 utrum

1610 626 1889 688 invenerit,
1929 638 1992 674 an
2016 639 2081 674 ex
2106 625 2315 688 ingenio
2341 626 2686 690 adscripserit

1612 701 1744 751 libro
1769 717 1882 752 suo.
1951 703 2158 751 Etenim
2189 716 2252 750 ne
2276 703 2444 752 codes
2469 704 2684 767 quidem

1614 778 1902 829 Potavinus
1926 779 1976 827 iu
1999 779 2100 827 hoc
2125 778 2281 826 verbo
2303 778 2503 828 recedit
2522 795 2552 826 s
2573 780 2687 828 vul·

1616 860 1737 917 gata
1760 855 2010 917 lectione,
2034 869 2148 904 curn
2175 855 2303 904 alins
2329 856 2539 905 Vossius
2569 857 2688 920 plu·

1616 930 1767 978 rimas
1786 930 2042 980 lectiones
2067 945 2186 980 suss
2210 933 2472 981 variantes
2495 946 2564 980 ex
2585 932 2687 981 boc

1617 1005 1800 1056 codice
1847 1007 2106 1056 Patavino
2162 1009 2377 1072 petiisse
2423 1008 2687 1059 videatur.

1618 1081 1767 1132 Sicut
1806 1096 1927 1131 vero
1966 1083 2085 1132 boni
2124 1092 2365 1134 auctores
2411 1086 2537 1134 alins
2578 1086 2688 1136 fre·

1616 1167 1840 1222 quenter
1863 1158 2063 1218 dicunt,
2099 1160 2255 1208 alicui
2291 1160 2309 1187 ‘
2334 1161 2686 1209 testimoninm

1617 1233 1763 1298 dare,
1803 1234 2043 1295 reddere,
2083 1236 2335 1293 tribuere,
2380 1236 2635 1302 impertiri
2653 1237 2690 1299 ;’

1618 1310 1694 1360 its
1717 1312 1876 1360 etiam
1899 1311 2099 1367 dicunt,
2132 1314 2148 1341 ⁸
2173 1313 2529 1363 testimonium
2569 1329 2691 1379 per·

1619 1387 1842 1449 hibere;'
1882 1403 1929 1439 v.
1955 1404 2007 1452 g.
2043 1389 2212 1438 Varro
2237 1390 2301 1438 R.
2327 1390 2393 1439 R.
2415 1404 2482 1440 ιι.
2502 1396 2553 1440 5.
2587 1393 2691 1441 Co·

1621 1464 1832 1514 lumells
1855 1478 1947 1515 111.
1969 1469 2019 1514 9.
2055 1464 2254 1514 Plinius
2276 1466 2454 1529 Major
2477 1480 2582 1515 vn.
2605 1460 2691 1515 8'0.

1623 1548 1676 1588 et
1698 1543 1781 1589 38.
1849 1541 2117 1601 Ceterum,
2144 1540 2282 1589 inter
2306 1543 2428 1605 slis,
2453 1542 2561 1592 tale
2585 1549 2692 1592 tes·

1623 1616 1886 1666 timonium
1945 1617 2139 1679 Plinio,
2189 1618 2396 1668 nomine
2455 1627 2693 1682 senatus,

1624 1691 1885 1755 perhibuit
1910 1693 2166 1742 Cornutus
2186 1693 2466 1742 Tertullus.
2535 1696 2694 1747 Quod

1624 1768 1737 1831 ipse
1782 1768 1988 1817 Plinius
2032 1776 2231 1825 narrat,
2277 1769 2453 1833 Epist.
2492 1782 2560 1820 ιι.
2606 1775 2692 1821 11.

1625 1845 1640 1871 ‘
1668 1845 1928 1896 Cornutus
1976 1847 2261 1909 Tertullus,
2303 1862 2413 1897 eos.
2453 1848 2695 1932 designa-

1627 1929 1731 1981 tus,
1754 1921 1832 1971 vir
1854 1924 2116 1986 egregius,
2149 1931 2202 1973 et
2238 1938 2334 1988 pro
2359 1925 2581 1975 veritate
2604 1926 2696 1975 fir·

1625 1999 1879 2049 missimus
1905 2032 1918 2046 .
1936 2034 1949 2049 .
1974 2001 2027 2048 iu
2052 1999 2154 2049 fine
2187 2002 2467 2051 sententie
2483 2002 2698 2067 adjecit,

1628 2074 1765 2140 quod
1801 2089 1898 2139 ego
1930 2086 1986 2126 et
2015 2076 2226 2126 Tacitus
2265 2079 2504 2142 injuncta
2537 2081 2696 2129 advo·

1628 2152 1837 2203 catione
1876 2153 2155 2217 diligenter
2180 2153 2497 2221 fortiterque
2528 2155 2695 2207 functi

1628 2242 1871 2285 essemus,
1914 2230 2152 2279 arbitrari
2189 2241 2445 2291 senatum,
2486 2234 2562 2283 ita
2604 2248 2699 2283 nos

1628 2304 1834 2370 fecisse,
1857 2316 1913 2357 ut
1935 2309 2147 2371 dignum
2177 2310 2437 2360 mandetis
2462 2311 2697 2376 partibus

1630 2384 1831 2435 fuerit.'
1865 2386 2108 2436 Scissum-z.

1701 2464 2061 2528 Testimonium]
2110 2465 2281 2516 Quale
2319 2467 2537 2516 Tertulli
2571 2483 2699 2517 con·

1633 2541 1756 2590 sulis
1788 2542 1840 2588 in
1866 2542 2018 2589 Marii
2050 2543 2403 2605 occursatione,
2443 2544 2608 2605 Epist.
2636 2558 2701 2593 ιι.

1632 2623 1681 2665 9.
1712 2618 1727 2645 ⁴
1754 2617 2023 2666 Secundus
2046 2627 2101 2665 et
2122 2619 2333 2667 Tacitus
2355 2620 2588 2681 injuncte
2608 2621 2700 2667 sd·

1633 2695 1907 2744 vocatione
1926 2695 2205 2757 diligenter
2226 2703 2283 2743 et
2302 2694 2510 2745 fortiter
2530 2694 2704 2747 functi

1634 2769 1791 2826 sunt.'
1814 2774 1913 2818 ὅτε.
1945 2770 2097 2819 Bm.

1702 2847 2083 2896 Destinutionem
2124 2848 2418 2911 consulatus]
2475 2850 2704 2900 Destina-

1634 2923 1827 2984 tionem‚
1869 2939 1984 2986 quae
2022 2923 2074 2971 in
2112 2925 2275 2980 curis,
2320 2935 2580 2987 pru-sente
2619 2941 2703 2975 se-

1637 3005 1783 3059 natu,
1816 2998 1994 3060 fiebat,
2031 2998 2194 3048 videri
2232 3003 2574 3052 antecessisse
2610 3003 2704 3054 de·

1636 3075 2002 3138 signationem,
2041 3083 2098 3123 et
2131 3075 2560 3139 declar-tionem,
2586 3093 2707 3142 qua

1639 3151 1990 3216 peragebatur
2030 3150 2081 3199 in
2122 3166 2308 3213 campo
2349 3152 2563 3215 Martio,
2594 3158 2705 3220 jorn

1637 3242 1794 3291 supra
1817 3227 1991 3276 monui
2011 3226 2075 3275 sd
2097 3240 2319 3277 txxvn.
2345 3232 2392 3277 1.
2409 3245 2707 3294 quanquam

1637 3305 1721 3353 liic
1742 3304 1894 3353 etism
1921 3318 2015 3366 pro
2031 3303 2391 3367 designatione
2415 3307 2537 3368 poni
2564 3307 2711 3356 vide·

1639 3388 1775 3430 stur.
1829 3380 2062 3443 Sequens
2086 3380 2317 3443 verbnm,
2338 3383 2711 3444 «immisistis,

1637 3457 1691 3507 in
1708 3471 1823 3505 meo
1840 3456 2021 3506 codice
2032 3455 2280 3518 scriptum
2296 3465 2374 3507 est
2389 3458 2717 3520 probavistis,-

1641 3534 1695 3582 in
1732 3533 1988 3582 Vaticano
2026 3540 2082 3581 et
2118 3533 2587 3599 Gnelpherbytano
2620 3553 2712 3602 sp-

1633 3611 1891 3673 probostis·
1922 3609 2182 3659 Schwart-

1711 3686 1845 3735 Tune
1880 3683 2141 3747 verissime]
2193 3685 2324 3735 Tune
2361 3686 2512 3739 obest
2549 3690 2602 3739 in
2639 3690 2713 3741 V.

1645 3760 1892 3809 Livineii.
1920 3763 2072 3810 male.
2108 3762 2349 3812 Rittersis.

1713 3839 1835 3886 Cum
1854 3838 2054 3900 adeptus
2075 3837 2172 3901 est]
2209 3839 2253 3889 1.
2272 3854 2321 3889 e.
2357 3841 2486 3891 eum
2504 3856 2718 3894 assecu-

1643 3920 1728 3962 tus
1752 3921 1851 3975 est,
1883 3920 1939 3962 et
1961 3914 2099 3976 gerit
2120 3913 2381 3965 honorem.
2449 3916 2716 3983 Adaginm

1645 3988 1912 4045 Graecum,
1965 3987 2117 4050 Ἀρχὴ
2156 3988 2244 4038 τὸν
2297 3989 2442 4054 ἄνδρα
2480 3993 2714 4060 δείκνυσι,

1641 4065 1957 4126 magistratus
1975 4064 2157 4115 indicat
2177 4066 2350 4130 υἰνιιιιι,
2372 4070 2457 4118 stit
2477 4072 2719 4140 PittacO,

1644 4142 1733 4192 ulii
1770 4141 1969 4196 Soloui,
2005 4142 2090 4190 slii
2113 4141 2292 4192 Bianti
2319 4144 2586 4210 tribuunt3
2621 4164 2723 4201 eu-

1636 4221 1728 4285 jus
1765 4232 1946 4268 seusus
1990 4226 2089 4276 est,
2135 4219 2189 4268 iu
2230 4221 2335 4270 vitu
2374 4223 2581 4286 privata
2629 4230 2720 4279 vix
