3060 4902
733 346 799 395 c.
852 342 1095 394 enum
1149 341 1479 392 saeuum
1535 342 1812 393 ranno.
1887 346 1935 394 1.
1979 331 2087 395 76.

315 491 504 551 utpote
540 485 771 552 iniquam
804 493 860 538 et
889 487 1089 551 legibus
1113 485 1387 537 dissonam.

320 562 545 611 Putat-ol.

383 639 641 703 Fortasse]
690 639 952 704 syllabam
998 639 1281 700 retraham,
1316 639 1388 689 At

301 712 542 772 sortasse.
577 714 726 776 Lips-

389 789 615 839 Fortasse
636 788 917 852 imperator]
953 789 1075 838 Non
1100 788 1269 852 video,
1293 805 1388 839 cnr

316 865 529 927 Lipsius
558 866 824 915 retrahere
861 865 1081 915 voluerit
1119 866 1389 928 syllabam,

310 953 373 994 nt
394 944 570 1007 fieret,
592 945 886 1003 Atsortnsse
905 944 1072 1007 imper.
1145 945 1239 994 Cui
1264 960 1387 994 con·

305 1023 542 1085 jecturae
578 1035 675 1070 nec
710 1021 845 1069 ullus
888 1018 1204 1083 suffragatur
1237 1021 1386 1070 liber.

316 1099 389 1147 Et
410 1097 608 1147 librarii
632 1097 877 1147 mendum
901 1106 1002 1157 est,
1026 1099 1114 1162 qui
1140 1112 1235 1159 pro
1257 1112 1386 1146 voce

312 1173 589 1236 imperator,
616 1174 667 1222 in
705 1172 887 1222 codice
907 1172 1140 1236 Guelplt.
1166 1173 1388 1237 rescrip-

315 1249 384 1299 sit
408 1250 677 1312 imperium.
704 1251 964 1299 Schwarz.

379 1326 464 1375 Aa
505 1327 825 1376 reverentiam
864 1326 966 1386 eius
999 1326 1385 1392 componebatur]

315 1400 364 1450 1.
399 1415 450 1451 e.
490 1402 730 1465 quamdiu
774 1403 1060 1465 imperator
1106 1402 1380 1465 (Domitia-

312 1479 441 1541 nus)
485 1480 687 1528 senatui
729 1479 1014 1539 intererat3
1052 1477 1190 1528 forte
1225 1479 1299 1529 ita
1333 1494 1389 1529 se

314 1553 568 1619 fingebat,
585 1557 660 1606 ita
683 1554 939 1605 formabat
969 1556 1310 1620 parabatque,
1328 1564 1388 1606 ut

315 1638 557 1679 senatum
599 1630 826 1679 revereri
873 1631 1153 1680 videretur.
1211 1633 1385 1680 Minus

317 1715 443 1770 apte
468 1709 744 1757 Catanaens
770 1708 852 1756 liic
877 1707 1124 1768 cogitavit
1149 1708 1214 1757 de
1237 1708 1388 1757 lecti·

316 1797 397 1837 cs.
418 1797 522 1846 qua
547 1783 877 1833 Domitianus
902 1783 1107 1833 delatus
1133 1785 1202 1833 sit
1225 1784 1276 1832 in
1308 1799 1385 1833 se·

314 1867 516 1907 natum.
549 1857 565 1883 ‘
585 1858 836 1921 Componi
866 1873 949 1907 res
969 1858 985 1879 ’
1019 1859 1228 1922 proprie
1263 1860 1387 1909 dici·

319 1941 422 1990 tur,
455 1948 569 1997 qun
595 1935 932 1997 construitur,
955 1942 1010 1984 et
1035 1936 1086 1983 in
1112 1935 1385 1985 decentem

317 2008 552 2058 ordinem
573 2011 841 2073 redigitur.
897 2012 1142 2075 Elegauti
1163 2012 1387 2061 formula

318 2085 512 2137 dicitur
536 2086 599 2135 de
627 2088 709 2151 iis,
741 2089 829 2152 qui
853 2089 949 2152 ipsi
975 2102 1031 2136 se
1056 2087 1119 2136 ad
1146 2090 1386 2138 simulan-

318 2160 439 2210 dum
464 2162 682 2226 aliquid,
718 2169 809 2212 sut
839 2163 1286 2221 dissimulandum,
1311 2165 1388 2212 in·

317 2243 547 2292 struunt,
574 2251 634 2286 sc
660 2246 983 2299 comparant.
1050 2240 1136 2287 Sic
1159 2239 1294 2289 Plin.
1319 2241 1385 2288 E·

316 2313 442 2376 pist.
469 2326 529 2362 ιι.
551 2317 636 2363 20.
659 2313 723 2363 de
747 2314 968 2378 Regulo,
992 2314 1054 2363 ad
1075 2317 1385 2376 gravitatem

316 2398 373 2439 et
413 2388 789 2440 dubitationem
837 2391 1176 2440 simulandam
1214 2406 1268 2440 se
1302 2406 1390 2455 pa-

317 2480 488 2528 rante,
535 2479 550 2500 ⁸
575 2472 855 2535 Componit
905 2472 1123 2528 vultum,
1162 2470 1390 2520 intendit

317 2549 512 2610 oculos,
548 2556 722 2606 movet
758 2546 944 2608 labra,'
980 2551 1079 2596 ἀς.
1149 2546 1296 2595 Idem
1322 2548 1390 2595 E-

318 2623 443 2687 pist.
477 2636 568 2673 111.
590 2627 671 2671 16.
691 2623 758 2672 de
784 2623 998 2683 Fannia,
1034 2623 1390 2671 dissimulante

319 2701 608 2762 tristitiam,
632 2703 646 2728 ‘
664 2700 733 2750 Se
757 2700 919 2750 dolori
946 2699 1140 2761 dabat3
1178 2702 1394 2762 satiata,

316 2775 472 2826 siccis
510 2776 694 2832 oculis,
735 2776 1026 2839 composito
1065 2777 1228 2837 vultu,
1253 2775 1392 2824 redi·

319 2849 449 2900 bat?
500 2850 674 2901 Tacit.
703 2849 896 2900 Annal.
930 2864 1055 2899 xm.
1083 2854 1168 2900 2⁰.
1206 2851 1392 2899 ‘Paris

315 2925 505 2975 histrio
550 2931 674 2976 tnnc
720 2927 1042 2990 compositus
1088 2927 1151 2975 ad
1199 2927 1390 2975 moesti·

319 2998 485 3050 tiam!
551 2999 845 3065 Aliquando
893 3008 1066 3050 temen
1106 3001 1301 3051 dicitur
1336 3010 1391 3052 et

319 3075 386 3125 de
413 3076 495 3139 iis,
528 3076 618 3142 qni
655 3077 788 3125 citra
825 3077 1100 3125 simulandi
1133 3084 1224 3126 aut
1246 3077 1391 3126 dissi·

319 3153 550 3204 mulsndi
578 3153 828 3214 animum,
861 3154 940 3201 vel
967 3154 1159 3217 studio,
1194 3155 1276 3202 vel
1306 3168 1392 3202 na-

323 3234 459 3284 tura,
501 3226 568 3276 ad
621 3226 817 3291 aliquid
866 3235 1134 3290 parantur,
1182 3234 1238 3277 et
1280 3228 1392 3290 apti

318 3312 460 3353 sunt.
524 3304 781 3356 Quinctil.
823 3304 1001 3354 Instit.
1039 3305 1195 3354 Orat.
1239 3319 1305 3354 ιι.
1342 3310 1391 3356 8.

317 3381 472 3429 ‘Erit
503 3381 632 3430 alius
678 3378 905 3429 historiae
942 3380 1107 3444 magis
1158 3381 1394 3439 idonens,

321 3459 455 3508 alius
479 3458 621 3508 utilis
657 3455 827 3507 studio
848 3457 1004 3520 juris,
1030 3458 1161 3507 alius
1185 3472 1394 3522 compo·

321 3534 452 3584 situs
483 3534 546 3583 ad
592 3533 835 3584 carmen!
903 3535 1152 3584 Germani
1196 3536 1397 3597 dicunt,

321 3614 400 3662 Er
430 3613 497 3662 ist
529 3614 676 3662 dnm
704 3612 970 3675 nusgelegt.
1025 3614 1138 3663 Cic.
1174 3614 1328 3663 Verr.
1358 3628 1399 3662 ι.

323 3692 405 3739 11.
437 3691 453 3717 ⁸
476 3687 770 3746 Perficiam.
790 3697 846 3738 nt
862 3704 1015 3739 nemo
1034 3704 1134 3754 unq
1145 3704 1258 3739 uam
1275 3697 1396 3753 post

320 3763 587 3814 hominnm
630 3766 931 3815 memoriam
979 3767 1231 3827 paratior,
1270 3765 1397 3829 vigi-

319 3839 535 3895 lantior.
557 3840 897 3904 compositior
931 3841 995 3890 ad
1022 3841 1280 3906 judicium
1309 3855 1396 3890 ve·

323 3915 460 3965 nisse
486 3915 758 3967 videatur.'
795 3917 947 3968 Idem.

386 3991 452 4042 Se
482 3994 742 4057 recipiebat
773 3995 823 4043 in
858 3994 1142 4057 principem]
1178 3993 1224 4043 1.
1247 4007 1295 4042 e.
1320 3992 1398 4041 di-

324 4068 483 4118 missa
521 4068 669 4118 brevi
725 4070 996 4119 modestiae
1052 4070 1399 4125 simulatione.

324 4143 534 4195 redibat
572 4144 639 4193 ed
679 4146 1038 4195 anctoritatem
1076 4153 1129 4195 et
1167 4151 1400 4209 potesta·

326 4228 431 4272 tem
457 4222 825 4288 principalem,
849 4224 945 4280 ita,
967 4230 1026 4273 ut
1049 4223 1174 4274 nillil
1195 4237 1261 4273 ex
1277 4237 1399 4274 con·

2394 330 2529 398 969

1467 486 1582 536 silio
1604 501 1665 537 ac
1692 502 1941 538 consensu
1977 495 2206 545 senatus,
2241 490 2412 539 omnia
2434 506 2526 542 suo

1469 577 1564 625 pro
1583 562 2035 628 arbitriossageret.
2068 566 2155 614 Sic
2172 564 2410 628 dicimus,
2426 568 2528 617 ‘re-

1465 638 1645 701 cipere
1682 652 1736 687 se
1771 639 1834 687 ad
1862 638 2102 702 frugem,'
2135 648 2192 690 et
2218 641 2423 691 ‘redire
2458 640 2526 692 ad

1463 713 1706 776 frugem!
1740 724 1754 746 ⁸
1768 716 2023 779 Princeps
2040 715 2054 736 '
2081 732 2202 766 vero
2219 717 2303 768 hic
2320 735 2528 779 murv-

1461 794 1609 850 μικῶς
1646 793 1854 854 ponitur
1883 806 1977 855 pro
2006 793 2281 856 principali
2307 795 2529 844 auctori·

1464 874 1577 915 tste
1622 876 1674 915 et
1711 874 1994 930 potestate,
2030 868 2104 918 ntl
2140 868 2276 932 apud
2315 870 2531 918 Sueton-

1462 942 1586 990 Tib.
1621 957 1740 1007 cap.
1773 948 1856 993 33.
1890 944 2200 993 ‘Paullatim
2241 946 2526 1009 principem

1463 1020 1715 1080 exseruit,
1754 1021 2144 1085 praestititque?
2208 1021 2408 1071 Plinius
2445 1037 2530 1071 su-

1464 1111 1581 1160 pra,
1603 1112 1662 1147 ιι.
1689 1101 1737 1148 8.
1764 1106 1777 1128 ·
1801 1100 2072 1162 Agnoscit.
2108 1100 2390 1164 sentitque,
2414 1101 2531 1163 sibi,

1462 1187 1564 1221 non
1607 1174 1849 1237 principi,
1885 1176 2029 1225 dici?
2093 1178 2163 1226 Et
2197 1191 2315 1226 mox
2348 1177 2397 1226 in
2430 1178 2529 1228 hoc

1463 1249 1655 1312 capite.
1698 1257 1711 1278 ⁸
1732 1251 1875 1299 Nihil
1910 1250 2043 1301 infra
2071 1266 2126 1301 se
2162 1253 2405 1314 putabat,
2428 1253 2528 1302 nisi

1463 1325 1600 1389 quod
1624 1324 1759 1373 infra
1781 1329 2042 1377 consulem
2067 1326 2243 1387 esset,'
2266 1330 2299 1377 i.
2325 1342 2373 1376 e.
2395 1327 2530 1378 infra

1463 1400 1688 1450 consulis
1705 1402 2029 1465 dignitatem.
2064 1404 2127 1453 In
2144 1404 2407 1454 codicibus
2421 1406 2529 1454 Va-

1463 1477 1647 1526 ticanis
1692 1482 1843 1528 3461.
1883 1487 1938 1529 et
1985 1484 2130 1529 1776.
2160 1481 2412 1544 seriptum
2446 1488 2529 1531 est

1463 1551 1526 1600 In
1570 1552 1903 1615 imperatorem
1948 1556 2250 1619 principem:
2293 1556 2385 1605 sed
2429 1571 2528 1605 vox

1461 1627 1816 1691 imperatorem,
1857 1645 2013 1695 quam
2054 1646 2117 1679 ex
2162 1632 2330 1693 glossa
2364 1633 2530 1693 irrep-

1463 1703 1591 1753 sisse
1616 1714 1762 1766 puto.
1781 1712 1927 1755 recte
1952 1705 2104 1757 abest
2128 1722 2158 1755 a
2178 1707 2366 1758 ceteris
2385 1708 2529 1757 libris

1462 1780 1718 1827 omnibus.
1755 1781 1907 1830 Idem.

1530 1856 1814 1905 Consului-in
1835 1858 1988 1922 qfficin
2014 1857 2230 1919 abigere]
2279 1859 2326 1907 1.
2350 1873 2397 1908 e.
2421 1873 2530 1908 om·

1463 1945 1554 1979 nes
1579 1940 1754 1995 partes
1786 1934 2013 1983 muneris
2038 1943 2091 1983 et
2115 1933 2270 1984 officii
2294 1938 2531 1985 consula·

1463 2008 1534 2055 ris
1561 2009 1740 2057 missas
1766 2008 1958 2066 facere,
1982 2018 2035 2060 et
2061 2012 2205 2075 quasi
2232 2026 2297 2060 ex
2320 2010 2531 2062 fastidio

1462 2084 1707 2146 rejicere.
1787 2086 1894 2135 Pro
1937 2087 2096 2136 verbo
2139 2088 2350 2153 abigere,
2394 2090 2531 2138 Livi·

1462 2161 1611 2209 neins
1652 2162 1834 2210 maluit
1877 2162 2051 2226 legere
2095 2163 2331 2223 uitiis-eru
2374 2173 2531 2226 prout

1463 2237 1664 2286 Plinius
1690 2252 1866 2298 supra,
1900 2252 2030 2287 LxV.
2054 2240 2102 2286 3.
2135 2239 2287 2298 dixit,
2310 2240 2326 2267 ‘
2351 2254 2530 2288 consu-

1468 2313 1630 2362 latum
1678 2312 1910 2377 abjicere
1950 2328 2046 2378 per
2093 2313 2359 2363 edictum-⁸
2423 2316 2529 2364 Sed

1463 2388 1585 2439 huie
1617 2389 1888 2438 mutationi
1914 2389 2082 2438 nullus
2105 2388 2233 2438 liber
2257 2387 2418 2448 favet,
2455 2399 2531 2439 at·

1466 2481 1566 2530 que
1624 2474 1903 2532 utrumque
1961 2467 2192 2522 verbum,
2242 2466 2433 2528 abigere
2477 2474 2533 2516 et

1462 2532 1687 2606 an'icere,
1723 2557 1829 2591 rem
1865 2542 2082 2592 eandem
2116 2550 2291 2604 potest
2314 2552 2531 2604 notare;

1465 2619 1602 2684 quod
1630 2626 1775 2669 recte
1807 2618 2177 2669 animadvertit
2203 2619 2536 2668 Arntzenius.

1465 2694 1675 2755 Abigere
1710 2700 1791 2743 est
1825 2695 1968 2759 quasi
2012 2709 2107 2757 per
2141 2695 2262 2756 vim,
2287 2703 2376 2744 sut
2411 2711 2535 2745 con-

1468 2778 1706 2831 temtum,
1742 2785 1822 2820 res
1849 2783 2162 2834 personasve
2189 2771 2340 2820 nobis
2366 2773 2535 2835 ingra-

1468 2855 1548 2898 tas
1571 2863 1631 2898 ac
1653 2849 1898 2897 molestas
1922 2849 2197 2911 repellere.
2255 2851 2338 2899 Sic
2355 2850 2534 2900 dicun·

1468 2931 1554 2973 tur
1595 2925 1820 2974 ‘muscas
1863 2924 2041 2987 sbigi‚’
2089 2925 2299 2974 Phaedr.
2336 2939 2411 2975 w.
2451 2931 2534 2976 23.

1466 2999 1669 3048 Plinius
1686 3014 1861 3062 snpra,
1879 3012 1991 3048 xm.
2013 3004 2058 3048 1.
2075 3000 2224 3060 dixit,
2243 3002 2257 3027 ‘
2277 3000 2535 3049 delatores

1467 3075 1742 3137 abegisse-⁹
1793 3075 1982 3125 Horat.
2028 3075 2201 3137 Epist.
2242 3088 2281 3123 1.
2336 3079 2413 3123 15.
2458 3080 2539 3124 19.

1467 3152 1661 3200 Vinum
1696 3153 1711 3180 ⁸
1732 3166 2038 3215 generosum
2075 3158 2130 3201 et
2163 3153 2280 3200 lene
2313 3153 2537 3216 requiro,

1470 3226 1624 3278 Quod
1650 3242 1801 3276 curas
1827 3225 2046 3289 abigat.'
2080 3227 2231 3276 Idm.

1539 3302 1822 3350 Consului-in
1849 3300 2024 3367 officio]
2077 3302 2208 3352 Quae
2235 3303 2538 3365 complexus

1470 3377 1712 3428 Ovid.ad
1731 3379 1881 3427 Sext.
1925 3378 2270 3441 Pompeium:
2297 3379 2435 3427 ‘Aut
2457 3394 2537 3427 re-

1469 3463 1561 3518 get
1593 3456 1680 3504 ille
1712 3469 1847 3517 suos,
1872 3455 2093 3504 dicendo
2120 3455 2263 3519 jura,
2287 3455 2541 3520 Quirites,

1471 3532 1822 3595 Conspicuam
1845 3532 2002 3594 signis
2036 3547 2152 3581 cum
2179 3544 2380 3596 premet
2403 3535 2538 3583 altus

1471 3609 1600 3658 ebur
1630 3626 1641 3655 :
1686 3610 1795 3660 Aut
1846 3611 2022 3674 populi
2070 3610 2267 3660 reditus
2317 3613 2539 3674 positam

1469 3693 1748 3747 componet
1780 3684 1843 3734 ad
1869 3687 2089 3747 hastam,
2121 3686 2190 3735 Et
2214 3687 2372 3734 minui
2399 3701 2538 3746 mag·

1470 3777 1551 3811 nae
1571 3777 1672 3812 non
1691 3765 1827 3813 sinet
1850 3765 1990 3813 urbis
2007 3778 2127 3828 opes
2147 3780 2162 3824 ;
2186 3763 2290 3812 Ant
2309 3773 2364 3812 ut
2385 3770 2541 3812 erunt

1473 3848 1651 3904 patres
1672 3841 1721 3891 in
1741 3841 1885 3891 Jnlia
1907 3843 2102 3905 templa
2121 3841 2307 3902 vocati,
2330 3840 2406 3886 De
2432 3847 2541 3886 tan·

1475 3924 1528 3965 to
1549 3917 1717 3980 dignis
1742 3918 1955 3966 consule
1980 3917 2132 3965 rebus
2155 3923 2303 3976 aget:
2333 3914 2438 3962 Aut
2465 3914 2543 3962 fe·

1473 3999 1558 4041 ret
1586 3992 1822 4055 Augusto
1840 3993 2041 4041 solitam
2062 3997 2281 4053 natoque
2305 3989 2541 4043 salutem,

1475 4068 1662 4130 Deque
1698 4080 1877 4129 purum
1915 4073 2036 4114 noto
2070 4064 2304 4113 consulet
2337 4061 2544 4113 officio!

1476 4144 1637 4192 Bm.

1541 4216 1780 4282 Abieere]
1814 4219 1993 4281 Forte,
2025 4215 2239 4277 abjicere.
2278 4216 2442 4267 Livin.
