3060 4902
460 383 590 449 534

464 541 610 590 rum.'
655 542 803 590 Idem.

531 618 597 666 Te
631 618 794 679 ivnmo]
830 615 1008 666 Codex
1037 616 1446 678 Salisburgensis
1471 624 1525 666 et

461 694 597 743 liber
623 694 905 741 Vossianus
934 694 1124 742 habent
1146 700 1192 742 te
1214 709 1319 741 uuo.
1371 693 1525 742 Codi-

463 784 551 819 ces
575 770 835 826 Vaticani,
873 770 1197 832 Guelplierb.
1232 778 1284 818 et
1312 771 1445 818 alter
1468 771 1526 819 li·

465 847 557 899 ber
581 846 738 896 Gudii
761 847 953 895 habent
978 852 1025 896 le
1048 848 1096 894 iu
1120 863 1228 896 uno.
1293 849 1395 897 Sed
1417 850 1527 898 liaec

463 937 564 973 non
605 932 747 985 sunt,
792 924 889 973 nisi
940 925 1126 973 menda
1169 925 1490 974 librariorum
1513 942 1526 985 3

463 1000 602 1049 unde
637 1001 843 1065 quidam
880 1002 1020 1048 inani
1057 1010 1241 1050 conatu
1281 1001 1527 1063 effingere

467 1077 739 1126 voluerunt
764 1084 810 1126 te
843 1078 895 1125 in
919 1079 1031 1140 imo,
1057 1086 1142 1127 aut
1174 1085 1221 1126 te
1257 1080 1305 1126 in
1333 1080 1528 1144 infimo,-

464 1155 608 1217 quasi
636 1161 649 1183 ‘
671 1155 720 1203 in
747 1154 938 1217 plano.'
973 1157 1299 1218 Corruptelae
1318 1157 1528 1205 occasio

463 1230 616 1279 facile
643 1239 809 1293 patet.
849 1233 977 1280 Cum
999 1233 1133 1281 enim
1162 1233 1245 1280 alii
1266 1232 1424 1294 immo,
1443 1234 1527 1281 atii

464 1306 559 1355 imo
583 1309 905 1369 scripserint,
943 1322 1107 1372 neque
1139 1310 1257 1357 olim
1285 1318 1526 1372 punctum

465 1383 804 1445 imposuerint
829 1383 993 1432 literae
1019 1384 1066 1432 i.-
1091 1384 1210 1433 hinc
1236 1386 1441 1448 quidam
1462 1400 1529 1434 ex

465 1460 607 1507 immo
640 1459 992 1522 procuderant
1015 1461 1064 1507 in
1091 1476 1211 1516 uno,-
1236 1476 1298 1508 ex
1322 1461 1416 1509 imo
1441 1477 1533 1511 au·

466 1542 568 1584 tem
594 1552 702 1584 uno.
751 1537 1058 1585 Parisiensis
1084 1537 1268 1595 codex,
1292 1545 1346 1586 et
1372 1552 1546 1601 meus,-

464 1613 693 1676 itemque
717 1627 911 1674 ornnes,
939 1628 1063 1676 quos
1091 1614 1212 1674 vidi,
1238 1615 1349 1661 libri
1375 1630 1530 1663 excu-

461 1690 525 1749 si,
570 1698 754 1752 aperte
793 1697 1041 1752 recteque
1079 1690 1304 1751 produnt
1341 1696 1388 1738 te
1420 1692 1533 1754 imo,

466 1765 547 1813 vel
573 1771 619 1813 te
642 1766 800 1813 immo.
842 1765 1008 1814 Idem.

536 1841 601 1890 Te
624 1843 761 1890 immo
782 1841 1010 1903 maxime]
1046 1842 1218 1890 Probe
1250 1843 1408 1905 immo,
1430 1859 1527 1894 nec

466 1919 733 1969 moverim.
771 1919 874 1967 Sed
894 1920 1086 1967 amicus
1104 1928 1297 1982 noster,
1315 1922 1393 1969 vir
1410 1922 1528 1970 doc·

468 2005 568 2050 tus.
591 1997 755 2045 inimo
778 1997 1050 2059 probabat,
1078 1997 1127 2044 id
1156 2006 1256 2061 est,
1283 2000 1330 2046 in
1357 2001 1529 2062 plano,

466 2080 524 2121 ut
545 2069 676 2119 infra
700 2073 913 2134 Plinius,
939 2074 954 2100 ⁸
973 2073 1198 2121 devexus
1215 2074 1263 2122 in
1284 2077 1535 2137 planum.’

466 2147 617 2198 Quod
655 2146 722 2195 ἑνὶ
757 2148 891 2210 λόγῳ
925 2164 1022 2197 non
1058 2157 1138 2198 est
1173 2150 1237 2200 de
1274 2162 1447 2203 mente
1478 2163 1532 2205 et

464 2224 726 2271 sententia
750 2226 866 2273 loci.
901 2225 1060 2275 Licin.

533 2299 789 2363 Λάκαι-ει]
826 2299 1124 2353 Adsisteret
1146 2304 1195 2352 in
1223 2306 1530 2371 propinquo.

471 2375 606 2423 Nam
651 2376 905 2426 describit
947 2380 1134 2443 cupide
1191 2389 1245 2431 et
1300 2384 1532 2446 improbe

467 2462 833 2513 occursantes3
873 2457 960 2518 qui
1002 2461 1278 2522 propinqui
1315 2462 1530 2520 gradum

468 2536 595 2577 tuuc
612 2527 904 2592 firmabant,
932 2542 983 2582 et
1021 2537 1277 2600 utrimque
1310 2540 1533 2603 principi

469 2603 826 2656 imminebant.
863 2608 993 2670 Lips.

535 2681 788 2743 Adstaret]
825 2685 1013 2733 Mirum
1040 2694 1138 2748 est,
1157 2689 1410 2751 quomodo
1440 2706 1528 2754 po·

470 2756 641 2819 pulus,
697 2757 906 2807 videndi
959 2763 1342 2826 cupidissimus,
1395 2774 1408 2795 ‘
1441 2768 1521 2815 ad·

471 2834 642 2882 stare'
688 2839 954 2898 potuerit;
1002 2855 1115 2888 cum
1166 2843 1335 2905 potius
1382 2845 1529 2894 simul

468 2924 836 2973 progressurus
875 2914 1128 2978 videatur,
1157 2933 1218 2967 eo
1253 2918 1530 2969 incedente

468 2994 525 3036 et
562 2990 951 3054 progrediente,
976 2994 1120 3058 cujus
1155 2997 1406 3058 adspectu
1433 3012 1529 3045 non

469 3073 679 3127 poterat
716 3069 916 3118 satiari.
989 3072 1093 3119 Sed
1126 3082 1178 3121 et
1209 3074 1433 3122 in-otens
1460 3074 1529 3123 lo·

471 3144 664 3204 quendi
704 3148 834 3195 ratio
872 3156 969 3209 est,
1007 3151 1089 3198 ‘te
1125 3151 1394 3211 adstaret,’
1438 3167 1532 3214 pro

468 3224 482 3245 ⁴
513 3218 604 3266 tibi
633 3219 900 3271 adstaret.'
936 3225 1123 3273 Parum
1149 3228 1319 3290 itaque
1346 3227 1533 3290 abfuit,

471 3294 593 3356 quin
638 3310 730 3359 pro
768 3297 926 3346 verbo
970 3306 1169 3364 astaret,
1203 3306 1300 3353 lioc
1334 3305 1383 3354 in
1421 3307 1534 3354 loco

473 3371 825 3433 reponendum
860 3379 1078 3426 curarim
1104 3386 1286 3430 msam
1313 3383 1391 3430 vel
1427 3399 1534 3431 arc·

473 3451 616 3496 taret.
682 3449 833 3499 Unde
854 3451 965 3501 liaec
987 3454 1140 3503 Plinii
1160 3459 1422 3506 sententia
1444 3472 1533 3506 ex-

473 3523 687 3574 isteret:
736 3528 949 3578 Gratius
994 3528 1114 3589 fuit,
1140 3566 1153 3582 .
1180 3566 1192 3579 .
1218 3568 1230 3581 .
1256 3534 1390 3596 quod
1431 3534 1533 3583 fre-

473 3601 811 3663 quentissima
848 3611 1231 3657 occursantium
1267 3610 1435 3667 turba,
1469 3627 1534 3660 ex

472 3677 627 3726 nimia
653 3681 925 3742 spectandi
951 3684 1022 3731 tui
1043 3684 1428 3750 honorandique
1446 3703 1536 3736 cu-

474 3754 719 3818 piditate,
757 3772 855 3805 non
892 3760 1053 3807 solum
1089 3775 1144 3808 se
1176 3762 1417 3820 invicem,
1441 3766 1533 3814 sed

472 3837 527 3877 et
569 3837 619 3879 te
663 3832 1009 3890 incedentem,
1036 3836 1191 3886 immo
1227 3847 1278 3887 te
1314 3842 1534 3892 maxime

468 3913 698 3969 arctaret,
719 3911 827 3959 sive
853 3912 915 3959 ad
939 3905 1137 3963 arc'tum
1156 3924 1533 3983 angustumque

472 3985 734 4034 tramitem
763 3988 1044 4051 redigeret.
1073 3991 1160 4040 Sic
1177 4001 1321 4041 certe
1346 3995 1534 4045 usitata

473 4062 748 4111 verborum
791 4072 1052 4114 structura
1096 4082 1159 4114 ex
1205 4069 1341 4116 omni
1385 4079 1535 4132 parte

472 4137 573 4187 sibi
614 4147 838 4190 constat.
905 4143 992 4191 Sic
1024 4145 1182 4192 etiam
1213 4147 1389 4208 populi
1436 4149 1535 4197 Ro-

473 4215 611 4263 mani
634 4216 818 4280 ingens
843 4217 968 4268 illud
989 4221 1286 4284 excipiendi
1310 4231 1366 4272 et
1387 4240 1534 4287 spec·

474 4291 616 4340 tandi
646 4293 969 4358 imperatoris
1005 4300 1229 4349 studium
1263 4304 1425 4353 multo
1463 4305 1535 4353 vi-

1156 398 1374 446 NOTAE
1425 395 1833 444 VARIORUM
1888 395 1968 444 m

1606 538 1774 588 vidius
1825 536 2300 601 significantiusque
2340 536 2672 600 exprimitur.

1605 614 1875 663 Praeterea
1922 629 2042 662 vero
2087 628 2183 662 nec
2227 614 2401 661 nimiae
2436 614 2672 663 audaciae

1605 691 1749 752 argui
1794 700 1951 754 queat
1998 690 2109 739 haec
2150 690 2492 751 emendatio;
2546 692 2669 740 dum

1605 768 1818 818 verbum
1846 774 2049 825 artaret,
2081 769 2185 833 (ita
2220 769 2356 818 enim
2383 769 2672 833 antiquitus

1605 848 1794 908 saepius
1850 848 2095 910 scriptum
2152 856 2257 911 est,
2314 862 2467 912 quam
2512 852 2671 895 arcla-

1603 922 1722 986 ηε.)
1761 925 1910 972 unica
1946 931 2147 973 tanturn
2173 924 2381 972 literula
2403 920 2613 972 differat
2641 937 2673 971 a

1607 1003 1766 1049 verbo
1811 1006 2010 1050 astaret.
2095 1000 2256 1049 Certe
2311 999 2670 1063 Longobardis

1606 1078 1840 1141 inprimis
1866 1079 1941 1126 hae
1967 1078 2152 1133 litera’,
2174 1092 2200 1125 r
2221 1085 2274 1126 et
2294 1093 2337 1137 s,
2361 1079 2475 1140 ipso
2503 1075 2671 1125 faten-

1606 1164 1658 1203 te
1690 1156 1960 1218 Scioppio,
1996 1155 2270 1203 simillima
2295 1152 2466 1217 fuere,
2498 1161 2557 1203 ut
2580 1168 2671 1202 eas

1606 1246 1706 1280 non
1729 1240 1925 1281 temere
1947 1232 1997 1280 in
2016 1232 2146 1280 Mss.
2173 1232 2507 1280 internosces.
2530 1232 2672 1282 Quin

1607 1317 1659 1356 et
1693 1309 1777 1357 ille
1805 1311 1932 1371 ipse,
1970 1308 2057 1372 qui
2084 1308 2203 1357 mibi
2229 1322 2296 1356 ex
2320 1307 2498 1356 codice
2521 1308 2674 1356 Vati·

1607 1399 1736 1432 cano
1761 1390 1906 1433 3461.
1929 1384 2207 1448 descripsit
2229 1386 2499 1448 exemplar
2514 1385 2673 1447 hujus

1608 1462 1938 1525 l’anegyriei,
1968 1464 2167 1511 literam
2184 1462 2463 1511 secundam
2483 1462 2536 1510 in
2558 1477 2673 1510 ver·

1610 1540 1674 1587 bo
1721 1544 1903 1588 astaret
1949 1540 2017 1587 ita
2064 1540 2248 1602 pinxit,
2284 1537 2419 1587 forte
2455 1537 2673 1588 ductum

1609 1616 1800 1663 veteris
1834 1616 2032 1663 librarii
2067 1623 2298 1677 secutus,
2320 1622 2379 1664 ut
2404 1614 2575 1676 potins
2600 1615 2675 1663 le-

1606 1707 1720 1753 gam
1745 1696 1944 1739 artaret.
2012 1691 2292 1754 Utcunque
2322 1700 2422 1751 est,
2445 1690 2672 1739 nondum

1607 1776 1781 1818 tamen
1838 1769 2026 1828 audeo,
2065 1766 2427 1816 abdicentibus
2482 1765 2675 1814 ceteris

1605 1844 1746 1893 hbris
1792 1843 2048 1905 omnibus,
2083 1843 2219 1892 hanc
2254 1841 2674 1892 emendationem

1606 1921 1703 1982 ipsi
1741 1918 1932 1968 inferre
1969 1920 2311 1983 Panegyrico.
2367 1918 2423 1968 Si
2464 1919 2547 1967 cni
2587 1933 2677 1967 va·

1606 2001 1693 2043 cat
1718 1995 1888 2057 paullo
1927 1996 2075 2058 plura
2108 1996 2239 2046 lianc
2266 1995 2316 2044 in
2345 2009 2452 2044 rem
2478 1995 2674 2058 legere,

1606 2072 1811 2120 evolvat
1846 2072 1972 2120 licet
2011 2072 2231 2120 Excurs.
2259 2085 2464 2121 xxvnt.
2518 2073 2675 2121 Cete-

1607 2164 1736 2206 rum,
1763 2149 1813 2196 in
1853 2150 2098 2211 proximis
2137 2150 2295 2198 Plinii
2333 2149 2521 2205 verbis,
2552 2151 2676 2212 qaod

1602 2226 1755 2287 primo
1784 2226 1948 2273 statim
1984 2226 2081 2284 die,
2117 2223 2282 2273 codex
2318 2225 2491 2274 Vatic.
2527 2229 2677 2274 14⁷5.

1610 2315 1703 2362 pro
1741 2300 1924 2355 statim,
1956 2301 2111 2349 habet
2144 2316 2357 2363 quoquam
2397 2316 2511 2364 qun
2551 2315 2677 2350 vero

1609 2377 1803 2426 inutilis
1824 2387 1904 2426 est
1926 2377 2172 2425 varietas.
2204 2376 2445 2426 Schwarz.

1675 2456 1951 2504 Satellitum
1994 2453 2156 2517 mann]
2213 2455 2479 2504 satellites
2524 2461 2676 2506 erant

1608 2534 1741 2581 certi
1782 2533 1989 2595 milites,
2016 2533 2080 2580 ad
2115 2532 2405 2581 custodiam
2436 2533 2676 2595 corporis

1608 2619 1659 2658 et
1688 2610 1864 2673 palatii
1892 2609 2140 2672 principis
2164 2609 2339 2657 electi.
2372 2608 2434 2657 In
2460 2608 2676 2659 Glossa-

1609 2687 1698 2734 riis
1721 2687 1945 2750 antiquis
1970 2695 2216 2735 vocantur
2231 2683 2443 2747 φύλακες
2458 2685 2678 2744 σώματος

1607 2765 1881 2824 βασιλικοῦ,
1905 2773 1956 2811 et
1983 2779 2013 2811 a
2041 2761 2266 2810 ferendis
2290 2762 2450 2810 hastis
2476 2761 2676 2824 δορυφό·

1605 2859 1693 2903 poi.
1764 2841 1859 2888 His
1899 2840 2091 2901 primus
2118 2839 2298 2887 Rontae
2324 2852 2444 2886 usus
2462 2853 2576 2887 esse
2600 2839 2678 2887 di-

1609 2918 1746 2965 citur
1771 2916 2081 2979 Tarquinius
2103 2914 2391 2976 Superbus,
2415 2922 2551 2964 teste
2574 2916 2675 2965 Di·

1609 2996 1787 3058 onysio
1835 2995 2101 3043 Halicarn.
2146 2995 2236 3043 lib.
2281 3008 2359 3043 ιν.
2402 3010 2518 3057 pag.
2558 3000 2676 3046 182.

1612 3079 1795 3130 utpote
1822 3071 1908 3133 qni
1931 3070 2263 3134 Tarquinius,
2299 3070 2598 3135 principatu
2622 3073 2675 3121 in

1611 3147 1935 3198 manifestam
1964 3148 2291 3211 tyrannidem
2325 3164 2495 3211 verso,
2516 3152 2676 3202 satel-

1610 3226 1720 3276 litio
1755 3242 1810 3275 se
1846 3226 2062 3289 stipavit
2096 3226 2547 3277 audacissimorum
2584 3229 2677 3279 bo·
2722 3245 2727 3250 ’

1611 3304 1821 3364 minum,
1859 3303 2054 3366 gladios
2089 3309 2146 3351 et
2180 3304 2385 3353 lanceas
2424 3308 2676 3367 gestanti·

1612 3395 1717 3439 nm,
1753 3380 1839 3444 qui
1876 3386 2035 3428 noctu
2067 3377 2392 3428 excubarunt
2428 3381 2571 3431 circa
2595 3396 2675 3431 re·

1610 3458 1766 3518 giam,
1794 3461 1848 3503 et
1883 3453 2108 3503 interdiu
2151 3454 2512 3516 prodeuntem,
2548 3472 2676 3522 qno·

1612 3547 1814 3595 cunque
1834 3531 1952 3590 iret,
1977 3530 2209 3578 comitati
2226 3539 2365 3580 sunt.
2404 3531 2542 3581 Hinc
2562 3531 2674 3583 He.

1611 3610 1785 3672 sycitio
1820 3604 2071 3670 δορυφόρος
2103 3605 2296 3655 dicitur
2326 3607 2485 3672 φύλαξ
2507 3610 2677 3674 τυρόν.

1612 3704 1715 3735 νων.
1787 3686 1853 3733 Et
1878 3684 2100 3735 Quintil.
2126 3683 2299 3735 Instit.
2323 3685 2476 3735 Orat.
2501 3701 2601 3738 vn.
2624 3692 2676 3738 2.

1612 3762 1888 3823 satellites,
1908 3760 2199 3824 tyrannidis
2230 3761 2430 3823 signum
2455 3778 2516 3813 ac
2537 3778 2675 3827 pra-

1610 3839 1796 3889 sidium
1844 3839 2047 3887 habitos
2099 3851 2232 3894 esse,
2272 3838 2468 3889 innuit:
2526 3841 2674 3893 ‘Pro

1613 3914 1742 3974 reo,'
1785 3915 1973 3979 inquit,
2026 3914 2348 3977 ‘tyrannidis
2394 3914 2683 3982 affectatu,

1611 3991 1814 4056 objicis,
1849 3990 1954 4041 Ubi
1987 3995 2110 4039 sunt
2141 3991 2319 4039 arma?
2367 3992 2513 4044 Qnos
2548 4009 2675 4045 con.

1612 4070 1775 4119 traxit
1807 4067 2061 4117 satellites
2078 4066 2115 4115 θ’
2170 4066 2254 4116 Ad
2276 4070 2560 4120 custodiam
2594 4079 2680 4123 ta-

1611 4163 1727 4198 men
1774 4147 2008 4211 corporis
2052 4144 2131 4193 sui
2167 4144 2449 4210 palatiique
2493 4157 2677 4213 postea

1612 4228 1954 4287 imperatores
1977 4220 2264 4270 adhibuere
2291 4220 2307 4247 ‘
2328 4225 2675 4284 praetorisnos

1612 4298 1842 4359 milites,'
1874 4306 1928 4348 et
1958 4304 2220 4362 praeterea
2246 4296 2521 4362 aliquando
2539 4299 2677 4351 Ger.
