3060 4902
539 350 669 417 938

533 516 652 560 aunt
689 513 743 559 et
779 507 1050 572 gravitati·
1087 506 1432 558 immemores.
1500 505 1603 555 Illa

521 585 747 650 jactatio
775 594 1027 648 togarum,
1067 585 1156 633 illa
1192 584 1452 634 exultatio
1487 598 1602 633 cor-

534 675 737 726 porum,
760 660 1117 711 nescientibus
1143 674 1289 724 paene
1314 660 1602 710 hominibus

535 738 898 788 excitabatur-²
946 738 1080 801 Lipa.

602 814 840 879 Habitus]
878 814 1125 878 Corporis
1148 812 1500 863 habitudinem
1526 812 1601 862 in·

535 891 736 954 telligo.
772 891 996 940 Patarol.

603 968 718 1016 Noa
753 967 967 1030 liabitas]
1004 966 1225 1015 Bebrina
1249 965 1472 1026 cenauit,
1504 978 1602 1028 pro

535 1058 665 1094 voce
690 1045 898 1100 habitus,
924 1045 1024 1108 legi
1049 1044 1240 1093 debere
1263 1045 1479 1102 οἰκείαις
1513 1057 1603 1093 cu·

526 1121 619 1185 jua
634 1121 970 1170 correctionis
984 1122 1176 1169 nnllam
1195 1120 1434 1169 idoneam
1452 1134 1602 1169 caua·

535 1212 645 1247 aam
690 1196 860 1248 video.
928 1198 1140 1247 Habitus
1190 1198 1287 1247 hoc
1340 1198 1457 1247 loco
1499 1210 1602 1245 non

538 1273 803 1337 vestitum,
833 1273 926 1322 aed
964 1282 1163 1337 gestum
1199 1275 1366 1323 rnltna
1400 1281 1454 1322 et
1489 1287 1603 1322 cor·

535 1350 691 1414 poris,
719 1351 976 1415 simulque
1011 1358 1208 1400 motum
1240 1350 1414 1407 animi,
1437 1349 1603 1412 respi-

536 1427 631 1476 cit.
696 1427 785 1476 Sic
813 1427 1069 1478 Quinctil.
1103 1440 1182 1476 xt.
1206 1431 1255 1477 3.
1290 1427 1340 1477 in
1377 1441 1481 1476 uno
1516 1440 1603 1474 eo·

536 1503 757 1568 demque
791 1503 907 1553 loco
948 1518 1132 1553 nomen
1166 1504 1287 1552 illud
1314 1504 1377 1553 ad
1414 1511 1605 1553 utram·

535 1594 639 1647 que
653 1581 869 1631 hominia
890 1588 1089 1643 partem
1114 1580 1295 1631 refert.
1328 1584 1343 1611 ‘
1365 1580 1603 1631 Affectus

537 1656 755 1711 omnes!
774 1657 959 1721 inquit,
981 1658 998 1685 ‘
1018 1660 1374 1721 languescant,
1393 1671 1604 1707 neceaae

535 1744 636 1788 eat,
659 1733 757 1782 nisi
784 1747 928 1795 voce,
950 1734 1113 1789 vnltn,
1141 1734 1301 1782 totius
1326 1749 1490 1798 prope
1514 1733 1603 1782 ha-

536 1809 644 1858 bitu
683 1810 936 1870 corporis,
970 1809 1332 1859 inardescant.’
1400 1811 1467 1859 Et
1506 1809 1605 1859 ibi·

535 1885 656 1935 dem
701 1885 938 1947 inferius,
986 1888 1100 1936 ‘Ex
1155 1888 1391 1948 ingressu
1432 1888 1603 1936 vultu·

535 1976 638 2026 que
679 1963 996 2027 perapicitnr
1032 1963 1238 2013 habitus
1273 1963 1603 2016 animorum!

541 2037 785 2087 Somni-z.

606 2115 761 2171 Quem
814 2115 971 2181 modo]
1029 2116 1209 2180 Forte,
1263 2131 1399 2180 quem
1445 2119 1603 2167 domo.

535 2189 681 2255 Lipa.
1059 2187 1067 2203 ¹

604 2268 758 2324 Queat
793 2270 927 2318 nodo
961 2269 1228 2336 extulerat]
1278 2270 1441 2334 Lege,
1470 2284 1606 2334 quem

534 2345 670 2394 domo
693 2348 952 2396 extulerat.
992 2347 1245 2396 Ritterah.

603 2424 752 2474 Modo
775 2422 1039 2487 extulerat]
1062 2424 1266 2487 Lipsius
1285 2423 1603 2488 conjecerat,

538 2513 635 2562 pro
659 2502 812 2560 modo,
834 2500 971 2548 forte
996 2498 1269 2562 legendnm
1297 2501 1448 2547 domo.
1506 2500 1605 2547 Ar·

533 2576 645 2623 riait
677 2576 789 2624 haec
824 2575 1123 2637 conjectura
1159 2572 1528 2628 Ritterahusio.
1548 2579 1604 2623 et

535 2648 758 2713 Baudio,
794 2650 1115 2715 eandemque
1155 2649 1432 2698 ediderunt
1471 2649 1604 2699 Ber·

533 2738 752 2789 negger,
788 2726 1041 2788 Hackiua,
1088 2726 1246 2784 Ceva.
1314 2726 1417 2775 Sed
1460 2725 1602 2776 locus

531 2803 613 2852 liic
637 2803 778 2852 nulla
812 2811 932 2866 eget
969 2803 1327 2863 correctioue3
1362 2817 1480 2852 cum
1516 2817 1604 2852 ea-

536 2878 654 2929 dem
691 2892 792 2928 vox
826 2880 961 2927 domo
994 2877 1148 2928 facile
1183 2879 1455 2928 subaudiri
1483 2892 1602 2943 pos·

534 2956 642 3019 ait3
673 2965 733 3007 nt
758 2964 839 3006 eat
870 2956 1011 3019 apud
1045 2957 1258 3005 Terent.
1294 2955 1487 3005 Heaut.
1523 2970 1602 3006 tv.

537 3038 588 3083 4.
612 3038 694 3083 23.
728 3033 745 3062 ⁴
773 3032 1007 3084 Efferant
1042 3033 1250 3097 (domo)
1277 3049 1393 3097 quae
1425 3047 1601 3083 aecum

531 3111 633 3161 hnc
660 3110 987 3161 attulerunt?
1057 3111 1220 3159 Recte
1257 3109 1387 3159 adeo
1422 3125 1479 3158 ae
1510 3109 1601 3158 ha-

533 3185 645 3248 bet,
674 3188 1000 3252 omniumque
1033 3186 1268 3235 codicum
1301 3186 1429 3235 Mas.
1461 3191 1601 3236 cete·

531 3275 811 3326 rerumque
837 3261 1085 3311 librorum
1120 3261 1437 3311 auctoritate
1477 3275 1599 3311 con·

532 3337 787 3399 firmatur,
809 3338 1066 3401 particula
1095 3341 1229 3387 modo
1245 3354 1264 3398 ‚·
1297 3353 1450 3404 quam
1479 3352 1601 3388 vero

528 3412 684 3461 nolim
763 3428 879 3462 cum
957 3412 1248 3463 Arntzenio
1317 3428 1599 3479 exponere,

526 3494 543 3518 ‘
568 3489 746 3551 paullo
768 3498 909 3551 ante,
944 3502 1061 3538 cum
1090 3489 1140 3537 in
1176 3490 1432 3539 aet-vitute
1458 3490 1599 3540 vive-

527 3572 645 3614 rent
666 3565 698 3625 ;’
733 3567 849 3625 aed,
872 3567 887 3594 ‘
915 3566 1091 3629 paullo
1128 3575 1269 3622 ante,
1304 3581 1419 3617 cum
1445 3567 1598 3617 domo

531 3639 736 3690 exirent
762 3641 814 3688 in
849 3639 1086 3690 curiam.'
1153 3642 1270 3691 Nec
1304 3643 1486 3692 babuit
1517 3658 1598 3692 aa·

528 3718 594 3768 tia
640 3729 834 3765 cauaaae
880 3717 958 3763 vir
991 3714 1196 3777 doctus,
1236 3732 1331 3765 eur
1371 3716 1597 3768 offensus

530 3792 691 3843 fuerit
728 3792 887 3841 verbo
920 3792 1195 3848 ext-taleme,-
1234 3806 1349 3840 cum
1389 3793 1598 3843 Perizo-

532 3871 647 3920 niua
671 3868 981 3932 conjecerit,
1014 3883 1147 3931 quem
1179 3870 1313 3918 modo
1345 3872 1596 3920 attulerat.

513 3947 803 3998 -Potniaaet
827 3943 1036 4010 quidem
1061 3944 1158 3993 hoc
1180 3944 1392 3994 verbum
1413 3943 1494 3995 bic
1521 3946 1597 3996 lo·

530 4039 649 4074 cum
673 4022 893 4082 habere3
928 4021 1018 4070 aed
1056 4028 1111 4069 et
1146 4020 1181 4070 ii
1220 4020 1352 4070 bene
1375 4020 1478 4072 dici
1506 4037 1597 4086 po·

532 4103 703 4149 terant
747 4112 850 4147 non
899 4096 1176 4147 retinuisse
1220 4097 1489 4160 amictum,
1538 4107 1594 4149 et

531 4175 768 4239 corporis
799 4175 1057 4238 animique
1100 4173 1349 4235 habitum,
1380 4190 1537 4240 quem,
1559 4176 1596 4226 i.

533 4266 583 4304 e.
603 4252 834 4319 qualem,
861 4252 1190 4319 qualiterque
1229 4253 1594 4318 compositum,

1239 363 1458 413 NOTAE
1509 360 1922 411 vamonuu
1971 360 2049 410 11⁸

1680 505 1832 555 domo
1864 504 2179 567 extulerant,
2210 504 2299 569 qni
2332 518 2454 553 mox
2482 518 2589 569 pre
2617 520 2741 570 gan·

1677 582 1764 632 dio
1778 582 2044 645 jactarant
2068 588 2237 646 togae,
2261 587 2319 631 et
2354 580 2495 631 inter
2518 583 2743 646 precati-

1677 673 1802 710 onea
1837 658 2049 723 Trajani
2085 667 2192 710 tam
2235 658 2738 722 commemorabilea,

1678 746 1925 804 tantoque
1964 753 2092 803 erga
2135 739 2511 802 rempublicam
2565 752 2741 788 amore

1680 816 1878 880 plenae,
1897 816 2127 881 itemque
2148 815 2287 866 inter
2305 824 2411 865 tam
2430 816 2580 866 laetaa
2596 829 2741 865 aena·

1678 899 1760 941 tua
1820 891 2237 952 acclamationes,
2276 890 2392 954 jam
2446 891 2741 941 hilariorem

1678 967 1913 1030 corporis
1934 967 2195 1032 animique
2218 966 2468 1024 habitum,
2501 975 2655 1031 geatn
2684 976 2741 1017 et

1677 1044 1890 1093 vocibus
1933 1042 2289 1093 ostenderant.
2371 1043 2559 1109 Neque
2606 1045 2740 1093 inno·

1678 1120 1790 1168 lena
1819 1118 1982 1168 videri
2012 1126 2209 1182 pateat,
2240 1120 2463 1183 aliquem
2499 1119 2605 1169 dici
2637 1135 2739 1171 non

1676 1197 1840 1246 tolum
1885 1197 2152 1258 amictum,
2197 1196 2289 1245 aed
2328 1196 2489 1246 etiam
2525 1198 2740 1251 vultum.

1679 1279 1735 1323 et
1775 1274 2107 1337 gravitatem,
2139 1272 2513 1339 affectumque,
2555 1274 2742 1325 efferre

1678 1350 1850 1401 domo.
1917 1351 2007 1400 Sic
2044 1353 2180 1401 enim
2204 1352 2315 1401 Cic.
2341 1352 2511 1416 Epist.
2535 1365 2640 1403 vu.
2667 1355 2742 1403 18.

1679 1428 1695 1456 ‘
1718 1427 1838 1479 Jam
1885 1427 1984 1478 iata
2026 1435 2116 1478 tua
2151 1428 2305 1490 culpa
2339 1437 2441 1489 eat,
2476 1430 2567 1495 qni
2599 1442 2740 1477 rere·

1679 1503 1916 1554 cundiam
1943 1511 2115 1554 tecum
2140 1504 2409 1567 extuleris,
2444 1514 2502 1554 et
2534 1518 2637 1554 non
2658 1504 2742 1554 bie

1680 1581 1948 1631 nobiacum
1989 1579 2297 1644 reliqueris-⁹
2364 1581 2513 1630 Idem
2552 1595 2652 1644 pro
2678 1580 2742 1629 P.

1680 1659 1864 1710 Quint.
1898 1672 2016 1721 cap.
2049 1661 2131 1707 81.
2168 1662 2184 1686 ‘
2206 1658 2373 1708 Quam
2402 1656 2741 1707 existimatio-

1680 1750 1818 1797 nem,
1842 1749 1995 1801 quam
2026 1734 2373 1788 honestatem,
2407 1733 2457 1781 in
2485 1732 2740 1796 judiciam

1683 1816 1823 1860 tunm
1849 1809 2063 1868 attulit3
2096 1824 2210 1859 eam
2229 1808 2385 1859 liceat
2409 1810 2456 1857 ei
2479 1823 2743 1860 aecnmex

1682 1886 1778 1936 hoc
1805 1887 1920 1936 loeo
1945 1883 2169 1934 efferre:
2236 1885 2300 1934 ln
2324 1899 2439 1934 meo
2463 1884 2668 1949 codiee,
2687 1892 2744 1936 et

1679 1961 2081 2025 Saliaburgenai,
2117 1976 2209 2025 pro
2239 1961 2499 2017 extulerat,
2530 1975 2743 2011 numero

1679 2038 2025 2089 milltitndinia
2062 2040 2313 2103 scriptum
2347 2047 2433 2089 eat
2452 2039 2743 2089 extulerunt.

1681 2116 1946 2165 Sclnwarz.

1745 2192 1868 2241 Inde
1908 2191 2217 2255 resultantia]
2260 2192 2467 2242 Proeter
2507 2205 2743 2243 canaaam

1678 2268 1904 2319 Behrina
1927 2268 2266 2330 existimavit,
2298 2268 2615 2332 particulam
2636 2268 2747 2319 inde

1679 2345 1730 2394 in
1749 2344 1961 2395 verbum
1984 2345 2105 2395 adde
2128 2344 2422 2394 mutandam
2448 2359 2600 2405 επις
2632 2359 2744 2409 quae

1680 2422 1937 2487 particula
1966 2436 2069 2473 non
2104 2430 2301 2472 tantum
2335 2422 2402 2472 ad
2439 2422 2631 2479 locum,
2653 2419 2745 2473 aed

1680 2499 1838 2550 etiam
1869 2498 1934 2549 ad
1974 2506 2195 2563 tempna,
2236 2496 2499 2561 refertnr3
2536 2499 2746 2549 eadem·

1680 2590 1801 2639 que,
1840 2576 1919 2627 uti
1951 2575 2039 2625 alii
2072 2576 2382 2640 acriptorea,
2411 2576 2485 2625 ita
2519 2575 2746 2639 cumpri-

1680 2652 1775 2701 mia
1800 2652 2004 2702 Pliniua
2039 2658 2233 2712 noster,
2266 2651 2330 2700 ad
2367 2650 2745 2717 conaeqnentia

1679 2726 2001 2790 denotanda,
2020 2734 2077 2775 et
2106 2726 2173 2776 ad
2210 2727 2502 2777 sententiaa
2525 2742 2744 2778 connec-

1681 2803 1887 2863 tendas,
1914 2802 2221 2867 frequenter
2242 2802 2443 2863 ntitnr;
2479 2817 2531 2852 ν.
2554 2817 2609 2867 g.
2642 2802 2744 2852 Pa·

1679 2893 1796 2943 neg.
1824 2893 1948 2929 vm.
1969 2884 2019 2929 Δ.
2047 2875 2196 2929 xx‘u.
2215 2882 2343 2928 ”et
2367 2879 2578 2942 paaaim.
2613 2879 2744 2929 Var-

1677 2955 1799 3005 bum
1835 2962 1851 2986 ‘
1878 2955 2127 3005 reanltare
2151 2953 2167 2978 '
2200 2953 2267 3004 de
2296 2955 2446 3018 echo,
2475 2963 2534 3006 et
2566 2969 2745 3019 reper-

1678 3034 1913 3082 cuaaione
1927 3033 2040 3082 aoni
2062 3032 2329 3096 vocisque,
2348 3039 2606 3096 usurpant
2623 3046 2744 3082 anc-

1678 3114 1818 3159 torea
1857 3109 2064 3170 Latini;
2100 3123 2147 3158 v.
2182 3124 2233 3173 g.
2266 3108 2437 3159 Tacit.
2477 3107 2668 3158 Annal.
2706 3121 2744 3157 ι.

1677 3189 1762 3234 65.
1786 3188 1832 3235 1.
1865 3194 1881 3218 ¹
1906 3186 2037 3235 Cum
2064 3184 2269 3246 barbari
2305 3185 2429 3234 laeto
2450 3190 2632 3244 cantu,
2653 3191 2754 3232 ant*

1679 3262 1813 3312 truci
1857 3276 2067 3317 sonore,
2107 3261 2344 3324 aubjecta
2376 3261 2609 3316 vallium,
2653 3267 2746 3309 ant

1676 3338 1987 3390 resultantea
2013 3338 2194 3400 aaltua,
2216 3334 2573 3400 complerent-⁹
2620 3337 2745 3387 Fre-

1675 3414 1919 3479 quentina
1965 3412 2174 3476 poiitoe}
2220 3413 2408 3477 virgil.
2450 3410 2568 3462 AEn.
2614 3425 2745 3462 vm.

1675 3493 1790 3540 80⁵.
1825 3495 1840 3518 ·
1868 3489 2129 3538 Consonat
2165 3502 2319 3537 ontne
2351 3501 2536 3537 nemna
2555 3489 2746 3552 atrepi·

1676 3574 1752 3622 tn,
1804 3564 2064 3629 colleaqne
2113 3562 2409 3613 resultant)
2473 3562 2747 3615 Cla-dian.

1676 3641 1886 3693 Consul.
1922 3639 2107 3704 Olybr.
2143 3655 2221 3688 va.
2260 3644 2372 3689 1⁷⁵.
2420 3641 2436 3669 ‘
2463 3640 2745 3707 Colleaqne

1675 3717 1881 3768 canaria
1931 3715 2207 3765 Plauaibna
2262 3716 2470 3780 impulsi
2523 3725 2745 3780 septena

1675 3807 1806 3844 voce
1862 3789 2156 3843 resultant’
2220 3791 2490 3842 Geanerua
2545 3802 2745 3851 een-et,

1676 3883 1790 3920 ease
1848 3869 2180 3934 hypallagen.
2237 3883 2332 3933 pro
2379 3868 2397 3898 ‘
2428 3871 2742 3922 reanltantea

1677 3945 1833 3996 tectis
1880 3943 2074 3995 vocet!
2138 3943 2327 4008 Virgil.
2371 3945 2491 3996 AEn.
2536 3961 2590 3996 v.
2632 3952 2743 3998 160.

1677 4026 1693 4052 ‘
1717 4021 1922 4074 Pulaati
1964 4022 2126 4072 collea
2176 4023 2406 4072 clamore
2451 4024 2745 4075 resultant·

1677 4099 1812 4150 Vide
1865 4098 2174 4149 avunculum
2230 4099 2419 4156 nostri,
2452 4113 2535 4149 ιι.
2578 4105 2658 4151 19.
2692 4104 2742 4150 8.

1674 4184 1689 4206 ‘
1710 4176 1910 4239 Apibus
1945 4176 2154 4228 inimica
2184 4182 2243 4227 et
2273 4176 2428 4241 echo,
2452 4180 2743 4231 reanltaate

1674 4250 1838 4304 aono.’
1873 4251 2025 4303 Idem.
