3060 4902
751 353 814 398 G.
863 348 1107 398 marm
1159 349 1488 398 SECUNDI
1544 349 1820 397 PANEG.

1898 351 1946 398 1.
1978 335 2083 400 86.
2344 336 2517 401 1041

314 504 513 567 quente
553 511 701 555 voce,
735 496 1167 558 secundissimas,
1203 497 1383 559 inepte
1458 498 1630 546 venel.
1652 497 1763 548 Sat.
1789 511 1851 547 n.
1879 501 1989 547 137.
2023 499 2038 528 ⁸
2059 498 2269 548 Interes
2294 507 2522 549 tormen·

318 577 573 638 scriptum
596 582 678 622 est
703 574 753 622 in
772 573 953 622 codice
972 573 1255 621 parisiensi
1278 572 1384 621 Foe-
1459 578 1570 622 tum
1598 573 1778 635 ingens
1815 574 2126 624 nubentibus
2155 576 2334 639 haeret,
2365 576 2521 629 Quod

315 652 661 702 rudissimam
684 665 703 707 ,·
755 649 896 714 quod
951 649 1075 699 inde
1131 650 1386 699 accidisse
1460 657 1724 711 nequeunt
1750 650 1966 710 parere-⁹
1997 649 2237 699 Schmun.

318 729 500 792 eredo,
547 728 685 792 quod
723 727 773 776 iu
823 726 938 776 aliis
977 727 1211 790 plurilus
1246 725 1386 776 codi-

320 806 472 856 cibus
515 806 772 869 scriptum
818 810 934 854 erat
969 805 1390 853 Joeundissimum.

322 883 495 932 Idem.

394 959 595 1007 Humils
620 958 743 1020 esse]
781 956 935 1008 Quod
977 956 1232 1013 ridentur.
1272 957 1392 1021 qnia

329 1037 563 1086 amicitia
599 1037 737 1084 inter
760 1035 990 1097 aequules
1015 1034 1166 1083 modo
1191 1042 1302 1084 est:
1337 1040 1391 1083 at

328 1114 417 1163 ille
440 1112 635 1161 eminet
657 1125 813 1173 super
834 1124 1032 1159 omnes.
1074 1110 1178 1159 Sed
1205 1125 1391 1173 nempe

329 1188 559 1238 amicitis
597 1202 795 1251 parem,
827 1187 871 1236 si
903 1201 1005 1237 non
1049 1188 1276 1251 accepit,
1320 1184 1392 1235 fa·

328 1266 423 1317 cit.
463 1266 593 1328 Lips.

402 1342 520 1390 Nisi
539 1340 717 1402 odisse]
749 1339 918 1390 Vslde
941 1341 1120 1402 miror,
1142 1355 1235 1389 cur
1258 1340 1391 1389 Livi·

333 1420 484 1469 neius
509 1418 834 1478 indicaverit,
857 1416 997 1466 forte
1020 1416 1295 1480 legendum
1318 1417 1392 1465 m·-

334 1497 410 1545 ΙιιΊ
428 1495 602 1552 odisse.
634 1510 751 1544 cum
788 1493 926 1543 idem
963 1496 1178 1544 resultet
1214 1508 1395 1543 sensus

336 1587 405 1623 ex
430 1575 659 1635 vulgato,
688 1580 744 1621 et
782 1586 904 1621 vero
932 1571 1060 1620 nibil
1084 1572 1251 1620 miuus
1277 1586 1400 1621 con-

335 1650 516 1699 venire
533 1649 777 1713 principi,
792 1662 943 1713 quam
963 1648 1227 1710 invidiam,
1246 1663 1399 1711 quam

336 1725 533 1782 odium.
579 1726 786 1775 ostendi
824 1726 1072 1789 prolixius
1114 1725 1165 1772 in
1206 1726 1405 1774 Disser-

338 1803 645 1853 tatinuculis
685 1802 812 1851 meis
838 1803 902 1851 sd
927 1801 1188 1851 Tacitum.
1226 1802 1403 1850 Grute-

338 1895 440 1930 rus.

415 1956 614 2020 Odisse]
648 1957 784 2009 Quis
827 1956 879 2005 iu
921 1954 1042 2004 odio
1075 1955 1307 2004 occultus
1351 1960 1407 2003 et

343 2033 579 2097 degener
603 2043 789 2083 metus.
852 2032 1106 2082 Generosi
1137 2040 1311 2081 autem
1336 2030 1407 2080 al-

345 2112 498 2175 tique
545 2111 722 2171 animi,
766 2111 942 2160 ulcisci
989 2111 1211 2172 eligunt,
1257 2122 1407 2174 quum

343 2187 537 2237 odisse.
574 2188 708 2249 Lips-

419 2266 503 2314 Itn
518 2264 727 2326 frueris]
753 2262 929 2313 Codex
956 2263 1239 2312 patavinus
1252 2262 1412 2312 habet

346 2342 655 2400 Hostum-in
692 2357 803 2406 qnoe
831 2340 1057 2389 varietas
1090 2340 1275 2388 nullius
1298 2354 1414 2403 pre·

1527 723 1720 789 Amico]
1755 726 1920 775 Miror
1958 740 2074 775 cum
2113 728 2305 790 Lipsio,
2333 729 2524 779 suduc-

1467 808 1549 849 ter
1573 816 1601 849 a
1626 802 1894 859 Catsnaeo,
1920 803 2158 868 Rsyauo,
2191 814 2245 856 et
2276 807 2406 863 aliis,
2439 808 2523 858 bic

1464 880 1689 943 intelligi
1725 880 1978 929 Licinium
2017 883 2228 943 θυι-ειυς
2264 898 2365 945 quo
2388 885 2522 933 enim

1466 962 1698 1017 atictore,
1722 966 1811 1005 sut
1833 972 1933 1021 qua
1948 958 2271 1022 conjecturs,
2286 960 2381 1009 boc
2403 975 2526 1010 con-

1468 1032 1724 1082 tendunt?
1760 1034 1975 1083 Potor-01.

1536 1110 1784 1158 Dimisisti
1806 1111 2033 1172 optimum
2050 1110 2228 1174 virum]
2273 1110 2526 1161 Licinium

1469 1185 1671 1234 Suram.
1717 1186 1883 1235 Livin.

1541 1262 1785 1323 Optimum
1831 1262 2008 1325 virum]
2055 1263 2307 1312 Licinium
2346 1264 2530 1314 Suram

1469 1334 1631 1385 fuisse
1657 1338 1866 1386 volunt:
1906 1338 1996 1386 sed
2023 1353 2123 1402 quo
2148 1341 2394 1390 auctore?
2431 1341 2532 1389 Mi-

1470 1413 1522 1462 bi
1549 1421 1806 1478 promtum
1832 1415 1914 1463 vel
1939 1429 2002 1463 ex
2038 1430 2099 1465 eo
2133 1431 2370 1481 arguere,
2397 1418 2531 1480 quod

1470 1490 1558 1539 liic
1581 1490 1713 1538 Sura
1737 1490 1945 1539 biennio
1963 1498 2100 1553 post,
2115 1491 2397 1541 secuudum
2415 1508 2538 1542 con·

1475 1566 1555 1614 sul
1579 1563 1716 1626 fnit3
1749 1565 2043 1630 iterumque
2080 1567 2422 1631 quadriennio
2462 1571 2535 1618 iu-

1477 1642 1724 1705 terjecto‚
1751 1643 1985 1692 tertium.
2052 1644 2324 1697 Quomodo
2346 1653 2540 1710 autem,

1478 1716 1522 1765 si
1564 1731 1698 1766 nuuc
1734 1717 1918 1780 abivit,
1950 1720 2058 1768 otio
2093 1727 2148 1769 et
2182 1723 2344 1786 quieti
2370 1723 2544 1772 reddi·

1482 1799 1603 1847 tus?
1667 1798 1805 1846 Sane
1834 1800 1961 1848 alius
1996 1797 2097 1848 suit
2128 1798 2212 1850 bic
2240 1800 2542 1863 prefectus,

1481 1875 1565 1924 cui
1601 1882 1657 1924 et
1691 1873 1920 1937 gladium
1959 1874 2194 1936 tradidit,
2227 1890 2343 1925 curn
2369 1877 2542 1926 verbis

1483 1954 1693 2001 aeternis
1729 1951 1849 2015 illis,
1873 1966 1989 2015 quae
2016 1962 2137 2002 aute
2163 1954 2328 2015 posui.
2353 1955 2449 2002 etsi
2476 1954 2545 2003 ibi

1488 2043 1697 2092 quoque
1713 2029 1890 2077 Suram
1908 2029 2055 2077 nobis
2076 2037 2390 2093 supponunt.
2414 2031 2546 2081 Quis

1484 2105 1644 2167 igitur
1681 2105 1854 2152 alius?
1900 2119 1964 2151 ex
2002 2105 2215 2153 Victore
2252 2105 2546 2154 Subur-anum

1482 2182 1710 2230 retineo:
1748 2182 1851 2228 etsi
1875 2180 2108 2242 ignotum
2125 2182 2245 2230 mibi
2269 2182 2548 2243 bominem,

1483 2271 1580 2306 nec
1606 2257 1656 2304 in
1682 2257 1924 2306 Sur-anum
1947 2255 2176 2304 demuto.
2209 2258 2343 2319 Lips.

1556 2333 1777 2396 Tibique]
1835 2332 2088 2382 Quaedam
2153 2333 2430 2394 editiones,
2493 2342 2551 2383 ut

351 2419 415 2469 tii
457 2425 569 2476 est3
603 2432 770 2482 neque
810 2416 1154 2480 probandum,
1192 2416 1328 2480 quod
1362 2416 1414 2465 in
1488 2411 1552 2459 R.
1595 2420 1651 2459 et
1699 2409 1767 2458 H.
1807 2408 2206 2472 Stepbsunrum‚
2252 2410 2554 2475 Boxbornii,

348 2495 693 2560 sequentibus
713 2495 1011 2543 adverbium
1028 2496 1274 2544 ardentius
1294 2495 1419 2543 omi·
1491 2486 1723 2547 cellarii,
1767 2486 1944 2548 Cevae,
1991 2484 2232 2544 Gemssl'i·
2270 2489 2556 2537 omiwl’unt

352 2579 538 2622 serunt
562 2571 800 2620 Vaticani
824 2575 972 2621 3461.
996 2580 1052 2622 et
1089 2576 1233 2622 1775.
1271 2573 1420 2621 item·
1489 2562 1727 2625 00911Ῑᾶ01
1749 2576 1872 2624 Ψιθί
1896 2574 2046 2625 quam
2067 2575 2189 2611 vero
2204 2563 2412 2612 codices
2428 2564 2558 2614 Mes.

354 2663 464 2714 que
506 2649 864 2712 Guelpbicus3
900 2664 1089 2712 neque,
1134 2649 1271 2713 quod
1316 2649 1421 2698 Pu.
1493 2648 1549 2688 et
1572 2639 1655 2686 alii
1682 2637 1799 2687 libri
1836 2638 2175 2702 antiquiores,
2211 2639 2438 2703 itemque
2476 2655 2557 2689 re-

357 2725 599 2775 teolsnus
637 2733 692 2774 et
730 2726 1038 2787 Beroaldus,
1076 2741 1167 2788 pro
1202 2725 1423 2788 primum,
1496 2720 1756 2768 centiores
1801 2717 2033 2766 Pataroli
2063 2725 2119 2766 et
2148 2717 2440 2782 Arntzenii,
2469 2735 2559 2768 ex-

359 2800 578 2852 edidere
627 2802 924 2864 plurimum;
970 2817 1135 2865 sieque
1183 2802 1426 2866 denique,
1496 2796 1695 2845 hibent.
1743 2795 1807 2844 Iu
1830 2794 2171 2857 sequentibus
2198 2794 2392 2856 verbis,
2414 2810 2562 2859 quan·

361 2877 504 2944 qnod
540 2879 592 2926 in
629 2879 914 2941 penultima
933 2893 1060 2927 voce
1089 2878 1245 2940 hujus
1284 2879 1426 2941 capi·
1496 2877 1599 2921 lum
1620 2886 1803 2920 umores
1823 2885 1949 2930 eum,
1972 2871 2100 2918 liber
2123 2871 2422 2932 Vossianus,
2447 2873 2562 2919 loco

361 2956 435 3005 tis
466 2953 634 3003 codex
664 2954 948 3003 Pataviuus
982 2960 1036 3003 et
1067 2955 1200 3004 liber
1222 2953 1428 3003 Vossis·
1503 2948 1814 3013 pronominis
1845 2961 1968 3005 eum,
2000 2946 2229 2994 ostendit
2251 2947 2394 2994 enim.
2459 2948 2562 2994 Sed

360 3046 481 3087 nus,
516 3045 611 3094 pro
642 3032 816 3093 magis,
852 3029 1098 3080 exhibent
1130 3045 1429 3095 magnopere.

365 3114 630 3163 Schwarz.

423 3187 677 3250 Fas-ultas]
698 3189 712 3215 ‘
730 3185 1113 3236 Beneficiorum
1134 3198 1312 3234 caussa
1331 3196 1429 3230 non

368 3265 700 3316 contrahitur
743 3263 991 3323 amicitis,
1036 3262 1126 3310 sed
1177 3259 1431 3310 beneficio

369 3350 594 3406 accepto
632 3339 969 3391 confirmatur
1001 3339 1181 3389 amor?
1247 3339 1360 3387 Cic.
1382 3338 1431 3385 in

375 3419 502 3470 Lael.
536 3420 690 3468 Bern.

443 3497 581 3547 Cu».
597 3508 833 3545 mxxxvi.
872 3495 1172 3543 Tomentum
1190 3492 1304 3556 tibi]
1327 3491 1370 3541 Ι.
1389 3506 1436 3540 e.

376 3589 532 3640 quam
556 3574 702 3637 quasi
727 3573 829 3621 vim
853 3572 964 3635 ipse
991 3580 1080 3620 tuo
1102 3571 1273 3619 animo
1297 3568 1437 3618 fece·

376 3652 467 3701 ris.
540 3650 841 3699 Tor-mentum
884 3650 1209 3709 μεταφορικῶς
1249 3646 1439 3694 dicitur

375 3742 523 3788 cura,
547 3726 841 3780 solicitudo,
864 3735 918 3774 et
942 3724 1089 3774 dolor
1113 3723 1286 3772 suimi.
1336 3723 1440 3771 Pli-

380 3806 519 3860 nius‚
559 3802 727 3866 Epist.
767 3815 868 3850 vn.
902 3807 952 3850 5.
997 3800 1204 3849 ‘Unum
1236 3806 1443 3861 tempus

376 3882 461 3930 his
485 3879 774 3933 tormentis,
796 3876 861 3942 (i.
895 3891 944 3927 e.
981 3876 1056 3925 bis
1087 3876 1223 3925 curis
1248 3882 1301 3924 et
1325 3876 1445 3924 soli-

379 3953 750 4015 citudinibtts,)
792 3960 952 4010 caret,
987 3968 1089 4017 quo
1132 3953 1184 4000 in
1231 3951 1347 4001 foro
1391 3959 1446 4001 et

384 4032 670 4079 amicorum
724 4028 903 4078 litibus
959 4026 1234 4077 conteror.’
1298 4027 1446 4075 Idem

1501 3033 1559 3076 ct
1612 3025 1664 3074 iu
1725 3021 2160 3086 subsequentibus
2211 3027 2567 3084 separatusque,

1501 3102 1741 3166 quaedam
1787 3100 2047 3150 editiones
2091 3098 2224 3146 male
2278 3098 2568 3147 omiserunt

1505 3183 1747 3244 copulam
1771 3194 1876 3242 que.
1911 3177 2174 3226 schwarz.

1571 3264 1632 3311 Id
1652 3261 1834 3324 potius]
1874 3257 2053 3307 Codex
2081 3256 2394 3315 Patavinus,
2416 3261 2469 3304 et
2509 3255 2567 3303 li·

1508 3339 1601 3387 ber
1623 3336 1930 3396 Vossianus,
1958 3347 2229 3397 perperam
2272 3332 2467 3382 babent
2499 3332 2572 3381 ita

1504 3414 1683 3477 potius.
1723 3411 1889 3461 Idem.

1576 3489 1871 3548 Proesectum
1910 3486 2153 3550 proeeorii]
2202 3484 2347 3533 Alias
2381 3485 2576 3533 dicitur

1512 3575 1527 3596 ‘
1548 3565 1830 3631 praefectns
1855 3561 2141 3626 praetorio,'
2167 3562 2341 3623 item,‘
2361 3560 2580 3625 praefec·

1513 3652 1597 3694 tus
1625 3641 1885 3708 praetoriis
1910 3639 2210 3690 cohortibus
2227 3638 2262 3699 ς’
2288 3639 2374 3702 qui
2394 3653 2578 3700 nempe

1516 3721 1578 3770 iis
1604 3719 1851 3768 militibus
1887 3725 2137 3782 praeerst,
2157 3730 2282 3780 quos
2302 3717 2579 3778 imperato·

1517 3796 1671 3845 resin
1697 3796 1774 3844 sui
1799 3794 2083 3844 custodiam
2104 3794 2409 3852 ellegerunt.
2474 3789 2583 3838 An-

1519 3880 1702 3938 gustus
1726 3871 1956 3935 quidem,
1995 3876 2128 3918 teste
2163 3869 2357 3929 Dione,
2391 3867 2479 3916 lib.
2498 3881 2586 3916 ιν.

1521 3966 1578 4013 p.
1597 3954 1711 3997 655.
1750 3948 1943 4010 primus
1966 3946 2109 3994 binos
2133 3944 2423 4007 hujusmodi
2449 3958 2584 4007 prae·

1521 4026 1690 4076 sectos
1717 4025 2035 4082 instituerat,
2061 4038 2251 4086 eosque
2271 4038 2335 4071 ex
2368 4022 2585 4071 homini·

384 4107 557 4170 Epist.
581 4118 705 4154 vm.
738 4108 820 4153 23.
858 4106 874 4131 ‘
900 4104 961 4152 In
992 4103 1149 4154 tantis
1176 4103 1449 4152 tormentis
1525 4103 1620 4151 bus
1657 4100 1853 4150 ordinis
1887 4100 2145 4161 equestris
2181 4099 2430 4161 elegerat.
2497 4099 2590 4161 At,

389 4198 552 4246 eram,
595 4196 712 4231 cnm
747 4181 1026 4231 scriberem
1066 4180 1217 4229 hanc-⁹

524 4341 701 4404 Delph.
720 4346 769 4391 et
798 4340 913 4392 Var.
943 4340 1071 4391 Clas.

390 4274 472 4310 vt.
502 4274 539 4309 ι.
563 4260 578 4286 ‘
603 4260 761 4321 Eripe
785 4273 869 4308 me
886 4258 1007 4308 hnic
1031 4182 1452 4308 tormentoljpdsti:

1347 4339 1536 4398 Paneg.
1568 4337 1678 4386 Vct.

1524 4177 1776 4228 Suetonio
1815 4173 2077 4224 referente
2127 4175 2178 4224 in
2216 4177 2351 4229 Tito,
2387 4188 2504 4237 cup.
2541 4180 2590 4225 6.

1525 4254 1681 4304 Titus
1739 4250 2095 4316 Vespasianus
2163 4252 2178 4279 ⁴
2219 4248 2590 4315 prefecturam

2353 4333 2466 4380 sU
