3060 4902
844 349 908 395 C.
959 346 1200 398 Phliu!
1248 347 1577 398 saeuum
1629 350 1902 399 PANEG.
1983 351 2032 398 Ι.

403 503 506 547 ros,
522 495 600 547 ut,
618 490 755 554 grati
776 490 932 540 animi
956 490 1254 541 declarandi
1275 507 1473 554 caussa,

401 583 613 632 semper
647 569 998 626 meminerint,
1031 584 1087 618 se
1119 572 1358 619 consules
1390 568 1467 618 fn·

402 646 528 701 isse,
550 655 607 695 et
630 645 839 709 quidem
863 647 1104 694 consules
1137 645 1354 709 Trajani
1384 646 1466 707 ju·

400 720 543 771 dicio
570 722 799 783 electos;
824 735 988 786 eaque
1003 722 1056 770 in
1076 723 1332 771 censendo
1356 736 1470 770 sen-

402 798 689 863 tentiisque
728 797 963 848 dicendis
1000 806 1314 859 sectaturus,
1353 813 1469 863 quae

402 874 761 923 consularibus
785 874 940 936 digna
973 883 1180 936 essent3
1216 874 1469 939 adeoque,

402 953 640 1015 quamvis
668 951 894 1002 abierint
916 951 1205 1014 consulatu,
1229 965 1325 1000 nec
1349 966 1470 1000 con-

402 1027 574 1077 silium
598 1043 766 1091 snum,
790 1043 886 1078 nec
918 1042 1150 1091 operam,
1175 1029 1472 1078 subtractu-

404 1118 488 1154 ros
510 1119 641 1167 esse,
660 1108 759 1154 ὅτε.
829 1106 1047 1168 Proprie
1069 1105 1204 1153 enim
1230 1118 1330 1154 non
1365 1112 1472 1155 tam

403 1182 694 1239 consulum,
717 1196 868 1245 quam
901 1182 1263 1238 consularium,
1298 1188 1352 1232 et
1387 1195 1471 1231 ce·

404 1268 635 1310 tet-orum
670 1266 984 1321 senatorum,
1019 1269 1156 1323 erat,
1187 1267 1202 1289 ‘
1235 1261 1474 1321 sentire,’

402 1338 516 1387 sive
540 1340 556 1367 4
582 1338 894 1387 sententiam
919 1338 1115 1402 dicere,
1138 1345 1193 1388 et
1217 1338 1471 1388 censere.’

406 1414 643 1463 Consulis
666 1414 890 1477 primarii
916 1422 1051 1475 erat,
1086 1429 1370 1464 convocare
1393 1428 1472 1465 se·

404 1498 610 1553 natum,
629 1506 708 1539 res
726 1489 945 1551 referre,
961 1490 1248 1539 sententias
1269 1504 1471 1554 rogare,

405 1574 465 1617 et
495 1580 790 1624 numerare,
828 1575 986 1630 atque
1019 1567 1084 1615 de
1117 1566 1318 1616 consilii
1357 1582 1473 1616 sen·

405 1643 576 1692 tentia
598 1643 894 1694 decernere.
928 1642 1183 1708 Equidem
1210 1642 1305 1692 sub
1332 1644 1473 1707 prin·

407 1720 605 1782 cipeto,
635 1721 675 1769 si
707 1719 950 1783 princeps
980 1734 1209 1782 praesens
1245 1727 1384 1769 esset
1418 1720 1472 1769 in

409 1804 617 1859 senatu,
653 1797 735 1846 hic
771 1812 872 1846 non
901 1796 1107 1846 serebat
1143 1797 1476 1860 sententiam,

409 1874 503 1922 sed
552 1874 770 1937 rogabat
822 1881 1041 1923 tantum.
1121 1874 1206 1922 Sin
1266 1874 1474 1924 abesset

410 1949 676 2014 princeps,
734 1951 930 2013 consul,
986 1965 1146 2015 penes
1200 1965 1352 2015 quem
1409 1965 1473 2001 eo

409 2040 587 2076 mense
619 2025 787 2075 fasces
821 2033 994 2090 eraut,
1028 2034 1297 2092 postquam
1335 2035 1473 2076 retu-

408 2103 559 2152 lisset
577 2103 640 2152 ad
662 2111 922 2163 senatum,
939 2106 1221 2153 sententias
1241 2104 1473 2164 rogabat.

412 2179 503 2240 Et,
528 2193 821 2242 quanquam
847 2179 1123 2242 aliquando
1143 2181 1370 2229 variaret
1392 2195 1475 2229 or-

408 2255 479 2304 do
537 2256 919 2319 interrogandi5
984 2257 1245 2306 ordinarie
1301 2266 1474 2307 tamen

410 2334 591 2382 consul
626 2333 713 2382 ille
762 2348 944 2396 regens
989 2334 1207 2397 rogabat
1253 2335 1473 2397 primum

411 2411 677 2474 collegam,
693 2409 881 2461 deinde
899 2412 1135 2460 consules
1161 2411 1475 2475 designatos,

412 2495 522 2538 tum
548 2488 862 2543 consulares,
892 2496 946 2536 et
977 2489 1270 2551 praetorios,
1303 2504 1362 2538 ac
1387 2488 1475 2538 de·

410 2564 568 2627 nique
593 2570 795 2612 ceteros
830 2572 1112 2612 senatores.
1178 2565 1314 2615 Quid
1353 2580 1475 2615 vero

405 2647 420 2669 ‘
448 2639 660 2703 dignum
701 2637 858 2689 suerit
902 2641 1304 2697 consularibus,'
1348 2643 1476 2691 indi·

413 2726 503 2768 cat
529 2718 638 2767 Cic.
664 2718 810 2765 Fam.
835 2730 891 2765 x.
913 2721 963 2764 6.
989 2732 1141 2781 quem
1166 2718 1350 2780 adeas3
1390 2718 1477 2767 ubi

414 2794 656 2845 tandem:
691 2802 704 2822 ‘
734 2793 901 2850 Haec,'
925 2793 1110 2858 inquit,
1130 2797 1146 2823 ‘
1169 2795 1212 2844 si
1249 2803 1304 2844 et
1336 2811 1477 2860 ages,

414 2880 472 2921 et
490 2872 699 2924 senties.
724 2878 831 2919 tum
857 2871 958 2919 eris
979 2886 1078 2920 nou
1104 2871 1256 2921 modo
1281 2874 1479 2930 consul,

414 2956 470 2998 et
506 2948 817 3006 consularis3
853 2947 944 2996 sed
985 2961 1198 3010 magnus
1231 2948 1385 2996 etiam
1423 2957 1479 2998 et

414 3025 616 3087 consul,
647 3031 702 3073 et
745 3022 1065 3071 consularis!
1133 3024 1203 3072 Et
1249 3024 1477 3088 Philipp.

415 3116 517 3151 vn.
542 3107 588 3151 2.
612 3101 627 3129 ‘
653 3100 1052 3155 Consularium‚'
1074 3100 1256 3164 inquit.
1279 3102 1294 3128 ‘
1316 3102 1479 3151 nomi-

415 3192 483 3226 ne
509 3192 663 3226 nemo
688 3177 872 3239 dignus
893 3181 991 3237 est,
1015 3176 1106 3224 nisi
1130 3174 1214 3239 qui
1237 3178 1368 3225 tanti
1392 3177 1477 3227 lio-

416 3256 555 3303 noris
579 3268 763 3302 nomen
803 3260 975 3315 potest
1013 3251 1313 3302 sustinere.'
1380 3254 1477 3302 Ce-

417 3340 607 3385 terum,
638 3344 733 3390 pro
772 3329 935 3378 verbo
960 3344 1247 3391 censeamus,
1281 3329 1331 3377 in
1369 3331 1478 3379 solo

415 3406 602 3456 codice
628 3405 906 3454 parisiensi
931 3407 1183 3470 scriptum
1206 3413 1287 3455 est
1322 3412 1478 3455 tenea·

415 3494 553 3539 mus,-
586 3482 722 3545 quod
768 3483 978 3530 verbum
1016 3483 1222 3545 quidem
1267 3497 1369 3531 non
1400 3482 1479 3532 in-

416 3558 744 3609 commodum
781 3556 935 3619 foret,
961 3557 1057 3606 nisi
1095 3556 1230 3606 idem
1262 3571 1383 3605 mox
1426 3558 1478 3607 in

412 3635 519 3687 fine
543 3636 691 3699 hujus
715 3635 903 3699 capitis
927 3642 1179 3684 recurrat.
1203 3636 1445 3685 Schworz.

484 3716 606 3763 Esse
642 3713 997 3776 rempublicam]
1050 3712 1110 3761 Iu
1149 3728 1249 3775 qna
1294 3726 1480 3777 nempe

417 3804 518 3840 non
542 3790 690 3838 unius
713 3796 767 3836 et
791 3789 948 3837 solius
979 3788 1231 3852 principis
1255 3796 1358 3838 stet
1386 3805 1480 3854 pro

418 3865 620 3916 ratione
656 3866 920 3926 voluntas3
964 3865 1054 3913 sed
1091 3868 1342 3916 communi
1376 3882 1483 3916 om·

413 3944 554 3992 nium
579 3941 730 3990 saluti
754 3941 821 3989 sit
845 3943 1237 3991 consulendum.
1276 3944 1424 3992 Idem.

484 4015 866 4080 Rempablicnm]
904 4017 1019 4065 Non
1039 4018 1369 4080 tyrannicum
1392 4018 1485 4067 do·

417 4094 651 4153 minium,
688 4091 778 4140 sed
815 4094 959 4157 qnasi
997 4095 1399 4157 aristocratiam,
1430 4096 1481 4144 in

417 4186 519 4235 qna
556 4171 833 4233 plurimum
870 4172 1081 4232 optimis
1115 4173 1293 4223 liceat.
1329 4173 1484 4221 Paca-

417 4248 511 4297 rol.

547 4327 727 4394 Delph.
742 4332 789 4380 et
815 4326 931 4379 γαν.
945 4329 1075 4382 Clas.

1373 4331 1561 4393 paneg.
1591 4327 1696 4377 Vel.

2074 333 2184 402 93.
2436 338 2609 405 1089

1615 492 1890 555 Disjunctos
1925 495 2034 559 nos]
2069 497 2154 545 Ita
2190 497 2240 546 in
2280 495 2516 549 omnibns
2553 499 2610 548 li·

1546 568 1651 618 bris
1674 573 1880 621 excusis
1903 573 2113 632 legitur.
2146 579 2338 636 praeter
2369 576 2610 638 Cuspini·

1547 646 1630 693 aui
1655 654 1709 695 et
1747 646 2015 696 Arntzenii
2040 647 2315 706 editiones,
2351 650 2402 698 in
2425 651 2611 715 quibus

1547 721 1809 784 proditum
1867 730 1949 772 est
1992 723 2255 783 defunctos.
2325 725 2612 775 Invenerat

1547 809 1731 860 nempe
1757 797 2073 849 Arntzenius
2097 800 2148 848 in
2176 800 2344 850 Vossii
2368 811 2420 852 et
2447 804 2612 853 Guel-

1548 873 1856 936 pherbytaui
1912 875 2110 925 codicis
2164 881 2431 941 excerptis
2478 878 2612 928 banc

1547 953 1892 1016 scripturam;
1920 969 2069 1017 quam
2089 956 2405 1006 verissimam
2429 957 2613 1008 lectio-

1547 1042 1663 1076 nem
1688 1042 1801 1077 esse
1817 1030 2109 1094 judicavit3
2145 1047 2261 1081 cum
2287 1041 2301 1063 4
2327 1032 2609 1084 defunctus

1548 1103 1826 1154 honoribus
1851 1108 1865 1130 '
1903 1105 2108 1155 dicatur
2155 1107 2216 1164 is,
2261 1110 2347 1172 qui
2390 1108 2609 1160 honores

1549 1181 1730 1242 gessit,
1768 1189 1823 1231 et
1862 1181 1927 1231 ab
1965 1183 2027 1232 iis
2072 1189 2154 1232 est
2189 1184 2446 1234 dimissus.
2512 1187 2612 1237 Cui

1548 1270 1672 1305 vero
1701 1259 1978 1307 sententiae
2018 1260 2243 1308 nondum
2282 1260 2611 1311 subscribere

1549 1347 1796 1396 possnm3
1851 1335 1951 1383 etsi
2012 1348 2110 1385 nec
2155 1334 2364 1386 infitiari
2408 1352 2613 1401 queam,

1548 1412 1679 1460 lianc
1723 1412 1999 1462 lectionem
2044 1414 2288 1472 defunctos
2331 1415 2381 1464 in
2420 1418 2612 1466 ceteris

1549 1502 1751 1551 quoque
1777 1489 2046 1537 codicibus
2066 1490 2195 1538 Mss.
2214 1505 2340 1552 quos
2359 1493 2612 1555 consului,

1548 1564 1795 1624 inveniri3
1839 1572 2212 1629 praeterquam,
2232 1567 2367 1631 quod
2400 1569 2449 1615 in
2474 1567 2614 1617 codi-

1549 1657 1610 1693 ce
1648 1645 1752 1693 Ms.
1789 1645 2078 1694 Parisiensi
2107 1647 2316 1708 vulgata
2346 1646 2505 1694 lectio
2543 1648 2613 1697 sit

1549 1728 1786 1770 exarata.
1856 1721 2140 1771 Invenerat
2196 1721 2321 1770 illud
2370 1722 2613 1781 defunctos

1550 1796 1706 1845 etiam
1753 1796 2017 1846 Livineius
2063 1797 2114 1844 in
2162 1804 2340 1845 vetere
2399 1797 2612 1856 codice;

1550 1872 1641 1920 sed
1668 1872 1886 1936 margini
1912 1871 2160 1922 editionis
2185 1887 2292 1921 suae
2320 1872 2616 1936 adscripsit,

1548 1948 1564 1974 4
1588 1948 1685 1996 sibi
1720 1962 1820 1997 non
1858 1947 2101 2012 placere.’
2168 1949 2299 2000 Quae
2329 1949 2485 1998 lectio
2515 1962 2614 2000 nee

1549 2024 1670 2072 milti
1698 2025 1891 2086 placet,
1923 2039 2038 2073 cum
2073 2025 2312 2074 videatur
2345 2040 2408 2074 ex
2444 2026 2615 2089 glossa

1549 2110 1822 2164 prognata,
1846 2108 1901 2149 ut
1926 2108 2166 2164 tanquam
2190 2103 2362 2151 notior
2386 2103 2614 2166 explica-

1551 2187 1630 2226 ret
1653 2193 1828 2226 vocem
1855 2192 1953 2226 non
1980 2193 2128 2241 oeque
2152 2186 2346 2228 notam.
2402 2181 2458 2229 Si
2491 2181 2614 2243 quid

1551 2253 1940 2317 euinnjudicare
1976 2269 2201 2318 possum,
2234 2256 2478 2312 arbitror,
2514 2271 2614 2306 non

1551 2329 1675 2378 satis
1698 2330 1797 2378 huc
1816 2330 2069 2391 quadrare
2097 2331 2404 2380 vocabulum
2419 2332 2616 2393 defunc-

1553 2411 1642 2469 tos,
1665 2420 1782 2455 cum
1807 2405 2009 2455 Plinius
2029 2421 2217 2470 negare
2243 2423 2343 2458 non
2366 2412 2616 2473 potuerit,

1552 2498 1627 2544 se,
1685 2492 1740 2532 et
1790 2485 2038 2546 collegam
2097 2499 2263 2547 suum,
2306 2478 2617 2551 Cornutum,

1556 2568 1672 2624 post
1699 2560 1826 2610 dnos
1852 2576 2053 2609 menses
2085 2560 2331 2621 defunctos
2353 2564 2463 2613 fore
2497 2579 2619 2613 con-

1554 2637 1747 2696 sulatu,
1774 2651 1936 2700 eoque
1960 2637 2161 2686 dnobus
2186 2638 2298 2686 aliis
2323 2639 2617 2689 consulibus

1554 2709 1788 2760 suffectis
1825 2726 2080 2761 cessuros.
2151 2714 2392 2776 Negabat
2429 2716 2619 2778 potius,

1554 2804 1609 2838 se
1636 2797 1758 2838 tunc
1784 2790 1856 2838 ita
1884 2788 1992 2838 fore
2022 2789 2281 2850 div‘uuctos
2313 2792 2618 2856 dimissasque

1554 2867 1822 2928 consulatu,
1879 2874 1936 2916 ut
1981 2866 2032 2913 in
2085 2877 2348 2929 posterum
2406 2882 2617 2931 prorsus

1557 2945 1823 3007 sejunctas
1859 2945 2158 3007 alienasque
2194 2945 2422 2992 rationes
2445 2960 2476 2993 a
2498 2961 2619 2995 con·

1557 3020 1726 3067 sulatn
1749 3019 1852 3067 sint
1874 3019 2099 3068 habituri
2123 3035 2138 3080 ς
2169 3033 2285 3068 cum
2315 3020 2489 3082 potius
2513 3028 2618 3071 tam

1555 3095 1571 3123 ‘
1589 3096 1864 3145 adstrictos
1888 3095 2265 3157 devinctosque
2283 3095 2297 3115 '
2320 3111 2374 3144 se
2400 3098 2504 3145 sint
2527 3114 2621 3161 pu-

1558 3173 1739 3228 taturi,
1775 3180 1833 3220 ut
1868 3179 2113 3235 tanquam
2149 3173 2448 3222 consulares
2488 3189 2619 3223 sem·

1555 3261 1648 3311 per
1688 3262 1784 3310 pro
1828 3246 1961 3295 virili
2009 3254 2159 3310 parte
2204 3247 2337 3297 bene
2375 3255 2621 3315 recteque

1555 3328 1824 3377 consulere
1848 3328 2012 3376 velint
2044 3328 2117 3375 rei
2153 3328 2400 3391 publicae.
2465 3332 2622 3388 Sane.

1556 3410 1570 3432 ⁴
1596 3402 1842 3466 disjuncti
1868 3402 1882 3423 '
1925 3410 1980 3452 et
2020 3405 2033 3429 ‘
2059 3402 2303 3461 dimissi‚’
2343 3406 2429 3468 qui
2463 3407 2621 3457 etiam

1557 3480 1622 3531 ab
1665 3478 1833 3529 officio
1862 3493 1954 3528 suo
1994 3481 2140 3543 qnasi
2178 3482 2620 3545 sejungebantur3

1556 3557 1985 3623 quemadmodum
2026 3566 2080 3607 et
2109 3558 2125 3584 4
2146 3558 2354 3609 dimissa
2379 3561 2393 3583 '
2431 3563 2623 3612 dicitur

1559 3636 1835 3699 repudiata
1859 3648 2007 3691 uxor,
2029 3634 2165 3698 apud
2191 3639 2405 3686 Sueton.
2428 3640 2541 3687 Tib.
2574 3655 2622 3689 c.

1560 3717 1639 3762 10.
1675 3712 1838 3759 multo
1864 3711 2075 3767 rectius,
2111 3727 2263 3775 quam
2301 3715 2315 3741 ‘
2342 3713 2622 3778 defuncti‚’

1559 3795 1802 3849 tanquam
1819 3786 2044 3835 ἀντίθετα
2061 3796 2393 3849 opponuntur
2406 3804 2625 3854 sequen·

1562 3863 1699 3913 tilius
1726 3865 2037 3926 participiis,
2059 3864 2074 3890 ‘
2100 3864 2362 3914 adstrictis
2384 3866 2396 3887 ²
2420 3875 2475 3916 et
2502 3877 2515 3897 ‘
2536 3870 2624 3918 de-

1560 3938 1785 3989 vinctis?
1850 3942 1866 3968 4
1897 3939 2281 4002 Disjunguntur
2303 3941 2318 3962 ’
2340 3943 2478 3991 enim
2503 3960 2624 4008 pro·

1561 4020 1672 4081 prie
1709 4017 1973 4079 copulata,
2018 4018 2317 4081 conjuncta,
2351 4020 2624 4080 adstricta,

1560 4094 1749 4142 vincta.
1817 4092 1929 4142 Cic.
1964 4092 2031 4141 de
2067 4093 2352 4157 Haruspic.
2389 4097 2629 4161 Respon-

1561 4169 1650 4230 sis,
1671 4182 1788 4230 cap.
1819 4173 1901 4217 24.
1936 4176 1950 4196 4
1976 4169 2209 4219 Quorum
2245 4182 2445 4228 mentes
2473 4177 2624 4241 louge

1563 4260 1592 4294 a
1628 4247 1888 4298 communi
1933 4245 2101 4297 sainte
2145 4245 2417 4311 disjunctae
2467 4253 2627 4303 sunt.'

2386 4332 2497 4381 ΒΖ
