3060 4902
757 358 820 405 Ο.
867 354 1109 406 Pmml
1161 351 1491 406 suenum
1527 356 1827 408 ‘PANsscu

305 507 451 553 rator
474 498 605 551 nihii
632 498 830 565 duplex
864 491 1102 566 proferre
1126 508 1214 550 aut
1239 501 1381 566 cogi·

307 588 425 630 tare
471 578 650 643 potuit
690 593 785 642 per
824 586 1052 636 oetatem,
1093 579 1184 628 sed
1225 593 1380 628 verax

308 653 424 706 fore
450 655 809 706 credebatur!
860 657 962 706 Dio
983 657 1074 706 lib.
1099 669 1260 707 ινιιῐ.
1316 657 1379 706 Iu

309 733 476 783 sacris
496 732 664 784 Jobus
700 733 717 760 ⁴
737 732 816 781 vir
836 733 1056 797 simplex
1095 742 1150 782 et
1180 740 1349 783 rectus
1365 731 1385 755 '

307 810 579 859 laudatur.
631 810 728 859 His
745 819 1081 873 opponuntur
1100 809 1250 869 vafri,
1268 825 1382 860 ver·

309 890 436 951 suti,
461 889 718 952 duplices.
779 889 927 938 Beru.

376 966 697 1029 Similia-uati
723 963 842 1027 ινα]
880 966 927 1016 Ῑ.
950 980 997 1015 e.
1034 964 1249 1015 candori
1276 971 1380 1016 tuo.

310 1042 462 1091 Bene
499 1041 805 1092 Buchuerus
841 1042 904 1091 ad
943 1044 1082 1091 Plin.
1107 1043 1274 1105 Epist.
1303 1056 1380 1091 vr.

309 1122 394 1168 21.
447 1118 585 1168 ‘Est
622 1126 676 1167 et
720 1120 1011 1182 appellatur
1057 1118 1383 1182 simplicitas,

309 1210 429 1244 cum
468 1202 668 1258 aperte,
699 1195 939 1252 candide,
974 1194 1158 1256 libere,
1187 1201 1240 1244 et
1273 1196 1381 1258 agi-

311 1287 427 1322 mus
462 1274 634 1321 omnia
670 1280 726 1322 et
766 1269 1051 1338 loquimur:
1101 1273 1225 1322 nihil
1276 1288 1380 1322 ma·

309 1349 562 1412 lignitati,
601 1347 755 1404 fucis,
794 1348 1095 1404 adulationi,
1136 1349 1381 1414 relinqui-

311 1440 425 1474 mus
447 1425 567 1488 loci,
585 1439 702 1474 cum
725 1438 823 1474 nec
847 1425 1144 1474 insidiamur
1168 1426 1303 1490 aliis,
1325 1433 1382 1476 et

310 1500 380 1551 de
419 1502 533 1550 aliis
575 1504 772 1564 pariter
806 1517 980 1551 sumus
1016 1501 1223 1552 securi!
1290 1503 1381 1553 Sic

312 1585 365 1627 et
392 1577 597 1627 Plinius
628 1577 774 1639 alibi,
800 1585 856 1626 et
889 1578 1111 1641 Seneca,
1141 1587 1195 1628 et
1226 1577 1380 1628 Taci-

311 1661 419 1711 tus,
432 1654 529 1704 hac
548 1668 674 1704 voce
693 1654 883 1719 passim
900 1663 1135 1704 utuntur.
1155 1654 1378 1704 Schwar-

314 1747 436 1781 zm.

321 1823 328 1832 ’
385 1807 710 1872 Ven’lutiqne]
732 1808 849 1857 Toti
871 1808 988 1858 huic
1009 1810 1081 1857 rei
1103 1808 1377 1872 Epigram-

307 1900 391 1934 ma
436 1886 672 1936 Martial.
715 1885 803 1935 lib.
842 1900 895 1935 x.
943 1887 1200 1935 ‘Frustra
1234 1887 1376 1935 blan·

307 1963 453 2011 ditiae
482 1963 669 2011 venitis
695 1961 758 2011 ad
796 1977 898 2024 me,
920 1962 1134 2013 Attritis
1171 1963 1378 2013 miseru-

304 2039 435 2088 biles
462 2038 684 2089 labellis.
721 2039 968 2089 Dicturus
993 2041 1252 2091 dominum
1273 2043 1377 2090 De-

306 2123 502 2179 umque
538 2130 640 2164 non
677 2116 948 2172 sum,Jam
984 2132 1085 2165 non
1122 2125 1202 2167 est
1238 2118 1379 2166 locus

304 2187 404 2242 luc
431 2194 481 2241 in
508 2192 636 2240 urbe
659 2191 826 2240 vobis.
891 2192 1010 2242 Non
1050 2201 1127 2242 est
1165 2193 1248 2243 hic
1288 2194 1376 2243 do·

303 2269 496 2323 minus,
513 2269 606 2319 sed
627 2269 925 2332 imperator,
942 2269 1045 2318 Sed
1061 2269 1377 2333 justissimus

304 2346 538 2394 omniurn
558 2353 789 2403 senator,
804 2344 910 2392 Per
935 2361 1084 2408 quem
1110 2346 1175 2393 de
1194 2346 1377 2409 Stygia

301 2421 463 2471 domo
486 2420 710 2471 reducta
734 2430 815 2471 est
840 2421 1005 2472 Siccis
1030 2423 1224 2472 rustica
1247 2425 1376 2473 veri·

305 2506 388 2550 tas
412 2498 660 2563 capillis.’
707 2499 843 2562 Lips-

374 2576 491 2624 Νωι
525 2575 707 2638 posset]
745 2575 880 2625 Quia
915 2589 1121 2638 semper
1159 2573 1376 2638 aliquid,

302 2660 461 2702 extra
487 2651 744 2712 ordinem,
776 2652 838 2700 ad
874 2651 1095 2700 honores
1123 2665 1297 2699 eorum
1323 2651 1374 2700 iu

304 2730 576 2779 sententia
607 2728 934 2778 addendumt
970 2730 1050 2777 vel
1077 2729 1125 2776 in
1151 2728 1272 2792 fine,
1297 2729 1373 2778 in-

304 2822 484 2871 quam,
508 2806 589 2854 vel
615 2808 669 2855 in
693 2807 887 2867 capite.
937 2806 1087 2854 Idem.

373 2882 446 2932 Er
467 2882 559 2931 atis·
579 2896 670 2929 non
693 2881 991 2945 receperunt]
1028 2883 1101 2930 Ut
1122 2882 1377 2946 Tiberius,

301 2960 486 3023 quiex
523 2956 759 3021 plurimis
795 2958 1130 3021 maximisque
1171 2960 1373 3009 honori-

303 3035 403 3083 bus
442 3041 642 3097 praeter
680 3044 872 3095 paucos
911 3041 966 3080 et
1007 3034 1234 3082 modicos
1269 3051 1371 3084 non

299 3110 529 3172 recepit.
600 3108 773 3157 Verba
816 3117 934 3157 sunt
979 3110 1213 3159 Suetonii
1258 3111 1372 3161 loco

302 3189 546 3253 proxime
571 3184 751 3234 citato.
803 3186 904 3233 Dio
924 3185 1129 3233 Cassius
1152 3188 1184 3235 1.
1211 3201 1375 3236 cvm.

302 3265 369 3313 de
409 3261 666 3323 caligula,
709 3261 1123 3323 μοναρχικόν-ποτ
1161 3261 1374 3322 ἐγένετο,

303 3340 431 3389 ὅστε
460 3336 634 3393 πάντα,
655 3335 748 3386 ὅσα
769 3337 796 3383 ὁ
826 3336 1100 3397 Αὔγουστος
1122 3340 1174 3387 ἐν
1199 3339 1372 3389 roo-oii-

300 3434 370 3478 τῃ
405 3417 498 3474 τῆς
528 3414 682 3477 &px-5⁸15
712 3412 871 3477 χρόνῳ
904 3412 1042 3475 μόλις
1076 3415 1153 3463 καὶ
1188 3418 1290 3465 καθ’
1322 3416 1374 3466 ἓν

302 3494 518 3542 ἕκαστον
537 3487 839 3554 ψηφισθέντα
864 3490 909 3539 οἴ
939 3490 1148 3552 ἐδέξατο,
1176 3490 1241 3541 ὃν
1273 3492 1374 3543 ἔνια

302 3569 331 3617 ὅ
366 3566 588 3630 Τιβέριος
627 3565 723 3615 οὐδ’
767 3566 890 3616 ὅλως
935 3568 1142 3628 ἐδέξατο,
1192 3570 1243 3617 ἐν
1289 3573 1376 3635 μιᾷ

301 3644 454 3708 ᾑμέρᾳ
496 3642 685 3699 λαβεῖν.
753 3642 1169 3704 Regnontissimus
1204 3648 1373 3702 evasit,

301 3729 353 3772 ut
391 3725 565 3771 cuncta
599 3718 789 3769 nomino
823 3735 928 3782 quoe
956 3720 1205 3783 Augustus
1240 3727 1374 3770 tanto

301 3797 499 3862 imperii
520 3795 677 3857 spolio
709 3809 857 3857 egre,
881 3811 937 3845 ae
958 3798 1152 3846 seorsim
1185 3798 1374 3859 singula

305 3876 396 3925 sibi
419 3875 614 3923 decreta
633 3876 918 3933 susceperat,
938 3888 1134 3936 quorum
1154 3876 1374 3938 pleraque

305 3951 495 4001 mino
515 3946 684 3997 abnuit
709 3945 940 4009 raher-ius,
958 3963 1050 3997 uno
1072 3949 1151 3998 die
1184 3950 1372 4013 arriJm·

304 4029 412 4079 erit.
455 4027 628 4079 Livio.

370 4108 438 4156 Ee
459 4104 549 4155 alii
571 4118 664 4153 non
685 4103 984 4168 receperant]
1021 4104 1095 4152 Ut
1110 4102 1376 4165 Tiberius,

308 4183 371 4234 de
397 4198 500 4250 quo
523 4182 742 4233 Sueten.
768 4194 816 4231 c.
843 4185 926 4231 26.
949 4188 1001 4229 et
1023 4182 1203 4233 Dioju
1228 4182 1374 4231 Caio.

309 4259 402 4310 lile
427 4266 603 4308 tamen
640 4273 742 4308 uon
779 4273 843 4307 ex
880 4258 1254 4321 moderatione,
1279 4259 1370 4309 sed

432 4341 607 4404 Delph-
628 4346 675 4393 et
704 4340 821 4392 Ver.
846 4341 980 4389 Clas.

1261 4342 1447 4402 Paneg.
1481 4341 1586 4390 Vct.

1906 360 1956 408 1.
1985 346 2093 410 55.
2398 341 2537 412 785

1460 517 1525 552 ex
1551 503 1897 566 simulatione,
1926 505 2070 568 cujus
2092 501 2208 554 erat
2233 506 2528 557 versutissi-

1458 594 1569 628 mus
1594 578 1804 630 artifex.
1854 581 2071 630 Patami.
2528 600 2531 604 ⁴

1524 656 1680 704 Nemo
1702 661 1814 705 onte
1832 657 2016 721 taulus]
2041 659 2220 721 Forte,
2246 658 2398 709 Nemo
2414 665 2533 712 onte

1458 738 1506 782 te
1526 739 1711 782 tantus.
1745 734 1916 783 Livin.

1524 811 1728 875 Tantus]
1753 810 1882 860 Tam
1902 812 2074 876 magui
2098 812 2252 861 animi
2272 811 2527 880 firmique.

1458 887 1596 951 Lips.

1523 964 1776 1028 Noluisse]
1811 965 1888 1015 Ut
1922 980 2022 1014 non
2060 970 2306 1029 putarent
2336 968 2525 1020 saltem

1455 1042 1709 1092 delectari
1727 1057 1841 1091 eum
1859 1050 1912 1091 et
1930 1042 2132 1090 titillari
2147 1043 2427 1093 oblatione.
2446 1045 2525 1094 la.

1522 1119 1656 1168 CAP.
1692 1132 1781 1168 ιν.
1854 1119 1993 1175 Quod
2027 1118 2166 1183 ergo]
2202 1119 2263 1168 In
2298 1121 2405 1169 solo
2435 1135 2527 1171 co-

1455 1194 1574 1243 dice
1603 1195 1903 1256 parisiensi,
1928 1203 1982 1245 et
2007 1194 2058 1244 in
2083 1196 2193 1244 sola
2217 1196 2527 1260 cuspiniani

1454 1269 1707 1333 editione,
1729 1270 1837 1320 baec
1862 1271 2020 1320 lectio
2054 1277 2238 1334 extat;
2271 1276 2435 1323 ceteri
2462 1276 2525 1323 li-

1454 1346 1534 1396 bri
1561 1362 1738 1396 omnes
1758 1347 1950 1397 habeut
1979 1349 2117 1404 Quod
2138 1365 2245 1410 ego.
2297 1350 2404 1398 Sed
2433 1365 2524 1415 po·

1456 1423 1562 1473 tuit
1584 1424 1755 1472 verior
1786 1424 1940 1473 lectio
1970 1426 2126 1473 etiam
2152 1427 2200 1474 in
2230 1428 2405 1489 paucis
2430 1443 2522 1477 ex·

1455 1500 1769 1562 emplaribus
1827 1502 2024 1549 servari
2053 1518 2065 1550 ε
2136 1516 2305 1566 neque
2362 1504 2523 1565 enim,

1453 1575 1593 1640 quod
1619 1575 1731 1638 jam
1768 1576 1893 1625 alibi
1928 1576 2219 1641 observavi,
2243 1579 2522 1643 quidquam

1454 1651 1779 1717 frequentius
1818 1652 1927 1703 fieri
1959 1655 2247 1711 consuevit,
2281 1670 2433 1719 quain
2457 1663 2521 1705 ut

1451 1731 1532 1779 1·ae
1560 1745 1729 1794 voces,
1766 1745 1902 1793 ergo,
1925 1739 1977 1780 et
2010 1746 2117 1793 ego,
2138 1745 2171 1780 a
2191 1732 2417 1781 librariis
2445 1733 2523 1788 in-

1454 1813 1536 1854 ter
1587 1822 1643 1856 se
1697 1805 2153 1857 confunderentur.
2235 1808 2525 1872 Postquam·

1451 1882 1690 1931 nimirum
1727 1883 1926 1931 Plinius
1960 1882 2274 1945 singularem
2308 1884 2522 1947 Trajaui

1452 1958 1752 2007 modestiam
1788 1960 1838 2006 in
1873 1959 2147 2008 honoribus
2179 1959 2277 2007 sibi
2315 1960 2522 2022 oblatis,

1453 2044 1542 2084 aut
1582 2036 1883 2099 parcissime
1916 2036 2224 2093 delibandis,
2248 2045 2337 2086 aut
2360 2039 2520 2086 omni-

1452 2125 1518 2160 no
1545 2111 1862 2171 recusandis,
1891 2111 2156 2175 hucusque
2192 2111 2521 2162 collaudave⁴

1455 2194 1556 2248 rat,
1591 2194 1646 2235 et
1686 2201 1801 2235 cum
1843 2187 2023 2235 insana
2061 2188 2288 2249 priorum
2325 2189 2523 2251 aliquot

1455 2265 1748 2328 principum
1802 2263 2085 2316 ambitione
2138 2265 2482 2313 contenderat
2507 2281 2523 2325 ς

1454 2355 1610 2403 nunc,
1654 2340 1800 2403 quasi
1847 2341 2184 2389 conclusurus
2228 2341 2325 2390 ltoc
2369 2357 2522 2404 argu.

1453 2424 1706 2481 mentum,
1725 2415 1971 2480 ostendit,
1987 2416 2102 2479 quis
2122 2413 2342 2479 fructus,
2361 2432 2519 2481 quian-

1452 2502 1639 2557 tusque
1664 2494 1842 2558 gloriae
1865 2494 2119 2550 cumulus,
2137 2508 2201 2542 ex
2225 2494 2324 2542 ista
2346 2496 2521 2544 mode-

1454 2571 1656 2618 ratione
1689 2569 1752 2617 ad
1784 2569 2063 2632 Trajauum
2100 2569 2169 2617 sit
2207 2570 2523 2618 redundatu-

1452 2659 1558 2693 rus.
1626 2646 1901 2694 Coiraereut
1923 2659 2046 2706 ergo
2065 2660 2181 2694 cum
2207 2648 2520 2697 anteceden-

1452 2724 1590 2771 tibus
1611 2723 1768 2771 vcrba
1783 2722 2075 2785 sequentia,
2094 2723 2227 2771 ‘Ibit
2249 2724 2296 2771 iu
2312 2725 2522 2787 saecula,

1451 2803 1613 2852 fuisse
1633 2802 2068 2865 principem,&c.'
2084 2817 2181 2851 nec
2193 2818 2271 2864 ea,
2288 2802 2523 2866 perfecta

1449 2883 1886 2946 interpunctione,
1915 2884 2079 2931 multo
2107 2883 2269 2930 niinus
2294 2885 2409 2931 novi
2435 2899 2520 2932 ca·

1453 2961 1596 3022 pitis,
1626 2961 1734 3007 sive
1772 2959 2034 3022 sectionis,
2074 2958 2349 3018 divisione,
2397 2974 2428 3006 a
2467 2974 2523 3007 se

1453 3037 1673 3085 invicem
1701 3043 1818 3085 sunt
1841 3035 2183 3098 sejungenda.
2253 3035 2365 3085 Qua
2392 3036 2443 3083 in
2466 3048 2523 3087 re

1449 3123 1658 3163 secutus
1702 3127 1813 3161 sum
1858 3128 1971 3162 eam
2029 3112 2521 3174 interpunctionem,

1451 3205 1603 3254 quam
1630 3189 1837 3253 quidem
1861 3190 1969 3252 jam
2007 3190 2058 3238 iu
2095 3189 2229 3236 uotis
2261 3204 2521 3238 commen·

1451 3265 1620 3328 davit,
1637 3265 1803 3313 sedin
1823 3266 2048 3313 editione
2064 3279 2157 3313 sua
2178 3265 2288 3327 ipse
2307 3280 2408 3314 non
2432 3280 2525 3314 ex·

1452 3341 1956 3405 pressit,Gruterus.
1990 3340 2339 3388 Grammatica
2364 3341 2523 3403 igitur

1450 3426 1506 3468 et
1538 3418 1787 3467 naturalis
1820 3418 1999 3466 horum
2037 3416 2312 3465 verborum
2350 3429 2523 3469 struc-

1453 3502 1567 3543 tura
1617 3504 1718 3557 est,
1798 3492 2020 3545 Quando
2061 3492 2121 3556 (i.
2156 3507 2202 3539 e.
2245 3494 2514 3561 quoniam)

1450 3584 1577 3633 ergo
1602 3584 1788 3619 nomen
1824 3578 1966 3618 tuum
2001 3583 2101 3616 non
2129 3567 2379 3617 inciditur
2413 3579 2519 3620 tra-

1451 3646 1618 3708 bibus,
1643 3654 1731 3695 aut
1759 3646 1917 3706 saxis,
1949 3644 2040 3693 sed
2068 3646 2391 3695 monimentis
2409 3648 2518 3696 lau-

1451 3722 1527 3770 dis
1555 3731 1763 3771 aeteruae
1786 3739 1802 3783 ς
1841 3722 1978 3786 quod
2005 3736 2121 3770 reor
2143 3723 2431 3784 speciosius
2456 3724 2522 3773 ti·

1453 3801 1572 3848 tulis
1597 3799 1869 3848 omnibus:
1905 3798 2004 3847 ibit
2030 3799 2081 3846 in
2119 3798 2330 3853 saecula,
2360 3796 2521 3856 fuisse

1451 3876 1779 3940 principem,’
1798 3880 1900 3926 dcc.
1970 3876 2025 3925 Si
2053 3875 2165 3938 quis
2190 3889 2311 3923 vero
2334 3890 2520 3938 prono·

1452 3968 1568 4002 meu
1594 3969 1680 4015 ego
1701 3954 2027 4002 nibilominus
2053 3952 2295 4009 retinere,
2323 3959 2378 4001 et
2402 3967 2521 4003 cum

1451 4030 1609 4078 verbo
1634 4045 1741 4080 reor
1758 4030 2078 4092 conjungere
2098 4029 2277 4088 malit3
2308 4028 2355 4076 ei
2381 4027 2517 4078 haud

1451 4107 1796 4169 pertinaciter
1822 4105 2151 4169 refragabor:
2189 4105 2348 4154 nihilo
2378 4106 2518 4155 enim

1449 4182 1615 4231 miuus
1670 4182 2009 4233 cohaerebunt
2055 4182 2169 4229 istae
2224 4184 2520 4235 sementim

1453 4260 1695 4309 Schmun-z.
2506 4274 2512 4279 ‘

2279 4340 2384 4388 sD
