3060 4902
761 303 825 349 C.
875 300 1116 351 Pmtul
1164 300 1491 350 saeuum
1543 304 1817 351 PANEG.
1900 304 1947 350 Ι.

297 442 456 492 Orat.
475 456 534 493 x.
555 447 611 493 2.
648 445 895 495 Schts-m.
1046 466 1050 470 ·

363 519 600 581 Dignum
632 522 815 585 videri]
852 521 911 571 Id
947 526 1046 583 est,
1081 535 1182 571 non
1207 529 1287 571 est
1310 520 1383 571 fe·

293 596 386 652 lix.
409 598 505 662 qui
536 599 592 647 in
619 613 808 661 magna
835 597 1041 648 fortuna
1060 606 1158 654 est,
1182 598 1271 648 sed
1298 599 1384 661 qui

289 671 529 722 habetur
568 684 632 724 et
673 685 754 726 est
779 675 871 740 (ob
895 675 1142 739 virtutes)
1173 691 1236 725 ea
1270 675 1383 740 dig-

289 762 410 799 uus.
452 751 604 814 Lips.

362 825 529 875 Dicta
551 826 701 889 sant]
733 827 797 876 In
825 825 1008 875 codice
1042 826 1297 875 Patavino
1331 833 1386 876 et

291 899 347 949 in
393 903 582 952 vossii
645 905 780 953 libro
825 903 1044 967 legimus
1092 904 1224 952 dicto
1270 903 1387 953 sint.

286 978 571 1027 Schwarz.

361 1055 619 1118 Inprimis
638 1053 750 1118 hoc]
786 1056 1077 1105 Pronomen
1103 1056 1205 1113 hoe,
1229 1054 1279 1103 in
1303 1069 1388 1105 co·

290 1128 518 1179 dicibus
563 1132 782 1195 scriptis
813 1140 867 1180 et
911 1130 1289 1194 antiquioribus
1335 1131 1389 1179 li·

290 1206 409 1255 bris
434 1208 684 1264 excusis,
717 1207 1073 1270 desideratur;
1112 1206 1269 1271 idque
1295 1221 1389 1255 nec

283 1282 627 1345 simpliciter
652 1284 997 1332 necessarium
1021 1292 1133 1343 est;
1170 1283 1292 1346 quia
1316 1290 1389 1330 ta·

283 1374 414 1408 men
461 1360 592 1422 jam
654 1374 686 1408 a
736 1359 1000 1414 Catanaeo,
1055 1359 1392 1421 cuspiniano,

288 1436 650 1489 Ρὴίῑοωιηο.
689 1434 962 1493 Asceusio,
1003 1435 1065 1482 R.
1104 1434 1392 1497 Stephano,

291 1512 583 1577 Grypbio,
617 1511 883 1567 Sicbardo,
914 1511 1149 1576 aliisque,
1182 1524 1394 1573 expres·

291 1603 412 1638 sum
474 1595 593 1647 est,
639 1593 694 1636 et
737 1586 1019 1635 secundum
1065 1600 1125 1635 ea
1166 1599 1283 1649 quat
1329 1585 1393 1633 ad

295 1678 533 1714 Lxxnt.
559 1668 616 1712 6.
652 1662 849 1722 monui,
880 1663 1003 1711 satis
1027 1660 1297 1711 commode
1320 1661 1394 1709 lo·

294 1755 426 1790 cum
468 1740 677 1789 babere
703 1746 897 1800 potest,
930 1751 1030 1787 uon
1056 1737 1392 1802 rejiciendum

294 1814 638 1864 existimavi.
679 1815 829 1862 Idem.

373 1893 443 1941 Ῑιι
482 1892 664 1955 prinis
694 1890 805 1954 hoc]
838 1891 903 1939 In
932 1891 1103 1954 primis
1135 1889 1303 1938 Livin.
1342 1889 1393 1938 in

298 1975 470 2020 textu
493 1984 514 2029 ς
551 1967 645 2016 sed
669 1967 721 2017 in
747 1967 1001 2030 margine,
1035 1968 1085 2015 in
1113 1967 1285 2029 primis
1310 1967 1396 2016 Ιιοσ

337 2158 342 2165 -
378 2128 557 2176 Crede
588 2123 746 2187 nobis]
781 2124 928 2174 Serio
958 2131 1009 2174 te
1043 2123 1397 2173 laudantibus.

302 2205 463 2267 Lips-

323 2320 334 2329 .
380 2280 556 2329 Crede
575 2278 690 2342 tibi]
728 2278 822 2327 Cui
848 2278 1046 2327 animus
1072 2276 1220 2339 dicit,
1246 2275 1398 2325 laude

298 2356 539 2419 dignum
560 2369 693 2404 esse.
729 2356 881 2403 Idem.

387 2432 560 2481 Crede
595 2430 752 2494 nobis]
806 2431 951 2480 Bene
997 2429 1177 2479 Ceva:
1228 2426 1400 2478 Crede

300 2509 624 2560 sinceritati
647 2517 853 2564 nostrae,
885 2521 947 2557 ac
972 2507 1269 2557 testimonio
1293 2506 1401 2555 ani·

306 2587 389 2634 mi
413 2585 530 2646 tui;
552 2598 671 2633 nam
692 2591 910 2648 utroque
934 2583 1112 2634 confisi
1135 2585 1245 2633 baec
1268 2583 1400 2631 dixi-

309 2675 468 2710 mus.
517 2661 760 2722 Nempe,
782 2662 917 2710 crede
941 2661 1093 2722 nobis,
1125 2675 1189 2708 ex
1212 2661 1400 2716 animo,

307 2752 441 2788 non
485 2750 551 2786 ex
609 2738 747 2786 inani
800 2737 1064 2800 opinione,
1121 2751 1290 2799 neque
1334 2750 1400 2784 ex

310 2814 559 2879 quodam
597 2811 838 2862 adulandi
875 2814 1069 2874 studio,
1100 2820 1154 2861 te
1195 2811 1401 2861 felicem

314 2889 764 2954 predicantibus,
787 2892 925 2939 crede
945 2889 1055 2947 tibi,
1091 2897 1274 2952 utpote
1298 2894 1401 2937 tun

314 2966 435 3016 tibi
472 2965 743 3016 felicitatis
774 2981 834 3015 ae
863 2965 1134 3029 dignitatis
1172 2965 1402 3014 conscio.

318 3042 470 3093 cod.
484 3043 773 3092 Vaticanus
789 3046 935 3093 8461.
952 3051 1003 3090 et
1021 3039 1402 3105 Guelpherbyt.

319 3119 536 3169 habent
562 3121 715 3169 Crede
735 3126 781 3170 et
804 3120 910 3169 tibi.
938 3119 1193 3167 Schwarz.

373 3227 378 3230 -
408 3194 615 3244 Fiducia
648 3194 823 3257 nostri]
877 3194 923 3242 Ι.
944 3208 991 3242 e.
1028 3207 1142 3241 cum
1181 3190 1403 3240 diximus

323 3271 482 3317 crede
515 3270 666 3330 nobis,
698 3270 919 3319 diximus
942 3268 1040 3318 boc
1064 3268 1243 3318 confisi
1280 3283 1403 3318 con·

325 3348 578 3397 scientiae
633 3357 826 3399 uostrae
871 3347 1163 3406 dictitanti,
1204 3361 1293 3396 nos
1337 3362 1403 3396 ex

329 3424 521 3472 animo
558 3430 612 3473 te
644 3425 836 3476 babere
867 3432 923 3475 et
963 3425 1252 3488 praedica’re
1291 3423 1404 3472 feli·

329 3512 502 3558 eem3
555 3513 632 3555 ac,
680 3502 797 3551 dum
851 3503 1075 3552 diximus
1118 3503 1253 3550 crede
1296 3501 1404 3560 tibi,

327 3573 521 3622 adbuc
563 3577 752 3640 majore
791 3578 980 3627 fiducia
1026 3579 1183 3627 animi
1230 3578 1305 3627 tui
1352 3576 1404 3626 id

323 3647 611 3710 diximus3
642 3653 755 3716 qnia
788 3663 986 3705 certum
1021 3654 1311 3717 habuimus,
1352 3661 1404 3702 te

320 3723 523 3783 ipsum
569 3733 667 3776 tuae
722 3728 988 3781 felicitatis
1032 3740 1089 3781 et
1134 3731 1405 3794 dignitatis

309 3809 460 3843 εσσε
486 3802 763 3864 conscium,
796 3815 848 3855 et
871 3808 1210 3871 introspicere
1247 3807 1404 3856 vitam

305 3878 515 3932 ¹⁰⁸¹„-
552 3884 697 3940 ⁸tque
737 3879 1029 3946 intelligere
1076 3883 1209 3946 quid·
1239 3898 1406 3932 mere·

301 3945 447 3992 aris
470 3961 486 3994 ε
512 3955 744 4004 neutrubi
767 3956 1030 4009 simulatio
1052 3961 1219 4009 locum
1236 3959 1408 4008 habet.

296 4017 497 4070 Iden.

383 4095 551 4145 4⁶⁸⁸
583 4105 700 4154 αἶα
721 4105 957 4164 sortem
989 4108 1162 4172 aliam]
1212 4109 1407 4161 Nescio

283 4177 426 4213 cus·
459 4167 862 4246 Bittersbnsins,
886 4202 983 4251 pro
1013 4202 1138 4238 voce
1161 4189 1302 4249 olias,
1327 4202 1408 4237 re-

455 4249 617 4319 Delpa,
631 4267 676 4311 et
708 4261 850 4313 γαν.
867 4269 1001 4324 (ξιιμ,

1298 4271 1484 4330 Paneg.
1515 4266 1621 4316 Vei.

1991 292 2099 354 74.
2394 290 2528 355 945

1461 446 1692 496 scribere
1737 448 1980 496 maluerit
2034 449 2224 510 uliquis.
2313 449 2528 499 Perfre·

1462 537 1626 585 quens
1662 534 1741 571 est
1788 524 1876 572 illa
1917 525 2162 587 loquendi
2208 525 2372 573 ratio:
2415 525 2530 576 Cic.

1462 599 1605 648 Fam.
1632 613 1732 647 vn.
1756 603 1835 649 24.
1857 600 1872 626 ‘
1891 600 2068 649 Habes
2091 601 2280 651 Sardos
2299 603 2529 663 venales,

1464 675 1620 722 alium
1658 675 1758 723 alio
1792 675 2127 739 nequiorem!
2177 678 2383 725 Sallust.
2406 678 2534 742 δας.

1466 762 1587 799 un.
1607 756 1656 799 8.
1691 754 1706 778 ⁴
1728 752 1928 799 Milites
1962 754 2092 800 alius
2127 755 2279 800 alium
2305 755 2413 802 laeti
2440 769 2531 817 ap-

1466 825 1699 886 pellant.’
1734 826 1985 876 Quinctil.
2010 841 2049 873 t.
2080 831 2126 875 1.
2161 828 2176 853 ‘
2208 829 2431 878 Pru-stat
2456 829 2533 878 in·

1464 903 1616 960 genio
1662 902 1791 949 alius
1833 900 2026 949 alium.'
2087 902 2145 949 In
2185 903 2437 953 Vossiano
2469 906 2533 952 li·

1467 977 1808 1042 broscriptum
1858 986 1959 1037 est,
2006 979 2145 1027 Atius
2186 993 2292 1028 cum
2317 979 2535 1038 sortasse

1463 1053 1627 1101 olium.
1713 1053 1775 1102 ln
1823 1054 2006 1102 codice
2056 1054 2332 1109 Patavina,
2391 1055 2538 1104 Alius

1467 1145 1572 1177 cum
1605 1130 1862 1188 sortasse,-
1912 1131 2068 1192 ipsum
2113 1145 2164 1178 se
2209 1145 2340 1179 nemo
2392 1134 2527 1181 dece·

1466 1206 1556 1267 pir.
1629 1208 1891 1261 Ceterum,
1934 1207 2073 1255 Pliu.
2118 1220 2254 1256 Lxu.
2292 1212 2347 1257 9.
2384 1207 2544 1264 dixit,

1470 1289 1484 1309 ‘
1506 1281 1703 1344 Singuli
1729 1282 1976 1345 decipere
2001 1291 2056 1332 et
2080 1284 2251 1346 decipi
2281 1292 2496 1346 possunt
2519 1301 2535 1334 z

1469 1372 1619 1407 nemo
1644 1373 1842 1420 omnes,
1873 1360 2126 1408 nemiuem
2169 1373 2346 1409 omues
2382 1359 2536 1410 fefel-

1470 1433 1680 1484 lerunt.'
1715 1436 1863 1484 Idem.

1536 1509 1678 1559 Alius
1716 1511 1839 1558 euim
1864 1509 2078 1569 fortasse
2104 1512 2275 1575 olium]
2313 1511 2538 1574 Insignis

1470 1587 1733 1636 sententia
1782 1600 1883 1634 uno
1916 1587 2072 1636 verbo
2114 1587 2348 1636 laborare
2392 1587 2538 1637 vide-

1473 1671 1575 1713 tur.
1645 1665 2028 1728 Rescripserim
2050 1667 2242 1729 aliquis,
2279 1680 2375 1730 pro
2398 1666 2540 1717 atius.

1473 1741 1719 1791 Ritlersh.

1538 1818 1699 1880 Ipsum
1723 1833 1772 1867 se
1798 1818 1954 1882 neruo]
1994 1819 2128 1867 Nam
2165 1818 2407 1869 simulata
2438 1821 2539 1868 vir·

1473 1903 1556 1947 tus
1588 1898 1737 1946 alteri
1778 1898 2016 1962 imponit,
2051 1912 2150 1946 non
2187 1905 2359 1948 autem
2385 1900 2540 1949 simu-

1473 1972 1621 2021 lanti.
1656 1975 1793 2035 Lips-

1541 2048 1703 2096 Dabul
1738 2049 1951 2111 vocibus]
1987 2049 2091 2099 Qui
2131 2049 2319 2098 dabat?
2355 2066 2541 2113 nempe

1473 2126 1788 2174 conscientia
1807 2126 1966 2187 ipsius
1989 2124 2255 2188 principis,
2275 2127 2465 2188 meriti,
2487 2135 2545 2176 et

1472 2215 1575 2250 non
1599 2201 1768 2249 meriti
1797 2200 1960 2248 testis.
2002 2200 2148 2248 Idem.

1545 2277 1709 2326 Dabat
1732 2277 1917 2325 vocibus
1939 2277 2115 2324 uostris
2127 2275 2304 2341 fidem]
2348 2277 2543 2337 Dabat,

1477 2353 1511 2402 i.
1552 2368 1599 2401 e.
1645 2351 1895 2416 faciebat,
1950 2357 2005 2401 ct
2060 2351 2311 2413 addebat,
2367 2352 2542 2402 fidem.

1478 2429 1733 2495 Equidem
1761 2442 1860 2479 non
1886 2442 2000 2477 raro
2025 2428 2119 2477 bac
2148 2426 2367 2478 formula
2394 2434 2545 2476 utun-

1477 2511 1563 2555 tur
1603 2505 1784 2569 optimi
1831 2513 2091 2564 auctores,
2139 2505 2156 2530 ‘
2191 2503 2347 2553 fidem
2388 2505 2544 2553 alicui

1477 2582 1650 2643 dare3’
1686 2582 1777 2631 sed
1817 2590 1938 2630 tuuc
1976 2582 2217 2643 maxime,
2256 2582 2299 2630 si
2338 2581 2547 2645 quando

1476 2666 1646 2719 notat,
1669 2666 1849 2708 sancte
1870 2659 2193 2721 promittere,
2210 2666 2264 2707 et
2282 2659 2516 2721 polliceri
2535 2675 2551 2718 ς

1477 2750 1526 2784 v.
1550 2750 1601 2797 g.
1636 2735 1771 2798 apud
1813 2735 2030 2784 Terent.
2066 2735 2267 2798 Hecyr.
2308 2749 2346 2783 t.
2379 2741 2429 2783 2.
2464 2739 2549 2784 37.

1476 2815 1558 2859 39.
1598 2818 1613 2840 ⁴
1642 2812 1745 2861 ΡΛ.
1782 2813 1835 2861 Si
1863 2813 1982 2860 mihi
2008 2810 2161 2859 fidem
2195 2810 2307 2871 das,
2339 2818 2391 2859 te
2419 2813 2548 2861 taci-

1478 2896 1665 2948 turam,
1712 2888 1900 2936 dicam.
1957 2888 2066 2935 Pu.
2106 2887 2283 2935 Fidem
2326 2885 2428 2946 do;
2477 2887 2550 2935 lo-

1478 2964 1683 3029 quere.’
1719 2964 1830 3012 Cic.
1852 2964 1997 3010 Fam.
2024 2977 2072 3009 v.
2103 2966 2177 3009 ll.
2213 2961 2230 2986 ‘
2256 2961 2552 3010 Quamcun-

1478 3056 1581 3105 que
1608 3041 1654 3089 ei
1679 3040 1833 3088 fidem
1860 3038 2087 3097 dedetis,
2112 3037 2411 3098 praestabo,'
2444 3039 2478 3085 i.
2504 3052 2552 3086 e.

1478 3116 1746 3180 Quidquid
1773 3116 1820 3164 ei
1852 3130 1966 3164 mco
1992 3119 2199 3161 nomine
2237 3113 2551 3175 promiseris,

1480 3191 1758 3254 praestabo,
1789 3198 1841 3239 et
1881 3187 2120 3238 efficium.
2191 3188 2261 3237 At
2299 3188 2553 3250 hocloco,

1479 3271 1495 3297 ⁴
1530 3267 1659 3316 dare
1700 3265 1853 3315 fidem
1897 3263 2143 3318 vocibus,’
2201 3263 2337 3312 idem
2374 3270 2456 3312 est
2490 3278 2553 3313 ae

1482 3342 1655 3392 verbis
1679 3341 1884 3403 afferre,
1919 3340 2215 3402 conciliare,
2251 3346 2306 3389 et
2330 3339 2554 3397 firmare,

1480 3419 1658 3478 fidem,
1692 3425 1746 3467 ut
1792 3431 1978 3479 nempe
2019 3416 2131 3464 istae
2176 3429 2329 3464 voces
2374 3418 2553 3466 crede-

1482 3501 1677 3544 rentur·
1701 3508 1836 3542 verae
1882 3492 2081 3551 laudes,
2125 3505 2263 3540 verae
2303 3494 2557 3543 acclama·

1483 3573 1670 3632 tiones,
1706 3578 1759 3619 et
1796 3568 2140 3632 precationes.
2182 3567 2267 3616 Sic
2306 3577 2361 3617 et
2400 3568 2557 3632 Ovid-x

1481 3650 1625 3698 Fast.
1652 3661 1716 3695 ιι.
1742 3651 1824 3696 20.
1848 3641 2111 3709 loquitur:
2135 3652 2150 3674 ⁸
2170 3644 2325 3694 Nunc
2350 3661 2555 3708 quoque

1481 3724 1606 3773 dant
1628 3723 1786 3771 verbo
1806 3722 2023 3785 plurima
2040 3720 2187 3782 signa
2205 3720 2395 3769 tidem.’
2454 3721 2554 3768 Ra·

1484 3803 1588 3850 rior
1610 3807 1692 3850 est
1713 3802 1826 3849 haec
1844 3799 2090 3864 loquendi
2113 3798 2264 3845 ratio.
2312 3798 2558 3866 Ovidius,

1483 3879 1536 3927 in
1572 3878 1727 3928 simili
1764 3885 2088 3939 argumento,
2122 3874 2278 3921 Trist.
2305 3887 2377 3921 iv.
2402 3880 2453 3922 5.
2478 3879 2558 3922 14.

1482 3955 1666 4017 dicits
1689 3954 1843 4003 sama»
1868 3951 2147 4001 conciliare
2174 3948 2362 3997 fidem)
2398 3952 2556 4001 Quae.

1483 4033 1556 4082 rit
1578 4045 1702 4080 vero
1731 4029 1815 4078 hic
1843 4027 2064 4089 Lipsius,
2093 4022 2216 4088 qnid
2245 4030 2366 4073 tnnc
2389 4027 2558 4076 accla-

1483 4106 1798 4159 mationibus
1830 4111 1885 4154 et
1938 4099 2319 4167 precationibus
2353 4109 2557 4153 senato-

1487 4199 1597 4234 rum
1623 4183 1973 4250 Romanorum
1998 4176 2203 4227 dederit
2239 4178 2557 4230 conciliarit·

2311 4261 2426 4310 30
