3060 4902
810 348 875 394 0.
925 346 1173 395 PLINH
1222 345 1562 399 saeuum
1615 350 1890 400 PANEG.

369 488 456 540 cio
481 485 707 547 tabulas,
729 486 903 539 scribo
938 489 1203 552 plurimas,
1227 491 1319 542 sed
1348 490 1441 541 illi·

370 567 731 624 tentissimes,
764 568 976 617 literas-⁹
1042 570 1349 636 Postquam
1387 586 1439 620 e·

369 646 615 709 pintolam
638 651 809 695 tamen
829 652 1050 696 mortem
1068 647 1299 710 Verginii
1322 648 1441 699 Rufi

367 729 644 778 memoret,
678 736 793 786 que
829 723 917 771 diu
958 724 1216 785 anterior3
1255 732 1313 774 ut
1349 739 1440 789 ep·

370 808 573 865 pereat,
610 800 795 850 seriem
832 807 1146 865 temporum,
1184 803 1234 851 in
1264 801 1437 865 dispo·

369 877 555 928 nendis
600 876 719 932 illis,
763 891 865 926 nou
910 876 1104 942 ubique
1160 888 1440 929 servatam.

369 953 507 1017 Lipe.

434 1029 609 1096 Offlcio
631 1026 1021 1091 laboriosissimo]
1057 1028 1102 1079 1.
1126 1042 1175 1080 e.
1207 1028 1271 1078 de
1307 1044 1440 1093 prm-

367 1105 572 1157 feetura
612 1107 805 1168 aerarii,
837 1106 902 1155 de
934 1120 1037 1169 qua
1071 1105 1181 1168 jain
1223 1105 1438 1157 dictum.

370 1184 592 1233 Patare!-

436 1261 498 1309 Ιιι
535 1259 685 1327 officio
723 1257 1087 1308 laboriosissimo
1125 1263 1170 1309 et
1206 1257 1437 1321 maximo]

368 1337 627 1400 Intelligit
670 1336 870 1386 Plinius
923 1333 1326 1398 ‘praefecturam
1370 1351 1438 1385 a·-

368 1413 490 1462 rurii
507 1410 758 1466 Saturni!
792 1412 844 1462 in
865 1427 966 1476 qua
988 1413 1238 1476 collegam
1261 1412 1439 1463 hebuit

368 1489 655 1540 Cornutum
680 1489 994 1540 Tertullum.
1055 1491 1134 1540 De
1159 1504 1242 1545 eo,
1269 1489 1437 1553 Epist.

369 1579 420 1614 v.
458 1573 508 1615 6.
541 1566 723 1615 ‘Idem
760 1565 934 1622 enim‚'
978 1566 1166 1630 inquit,
1211 1565 1436 1630 (Cornu-

366 1643 479 1706 tus)
514 1644 530 1672 ⁸
548 1644 687 1698 milii,
710 1649 766 1693 ut
790 1643 911 1705 scis,
932 1643 1131 1706 college
1149 1642 1293 1707 quasi
1315 1648 1438 1692 voto

366 1723 564 1783 petitus
609 1722 661 1771 in
707 1721 1027 1785 praefectura
1074 1722 1245 1772 aernrii
1297 1720 1393 1772 fuit
1418 1737 1434 1782 ς

365 1795 467 1847 fnit
492 1806 545 1849 et
570 1798 620 1847 in
646 1797 955 1847 consulatu!
1020 1799 1087 1847 Et
1111 1797 1175 1846 de
1200 1798 1297 1846 hoc
1323 1798 1437 1859 ipso

365 1872 553 1935 officio,
578 1875 747 1937 Epist.
786 1888 824 1924 ι.
858 1878 941 1923 10.
969 1875 983 1902 ⁴
1005 1873 1305 1936 Distringor
1328 1871 1438 1922 offi-

366 1951 469 2010 cio,
523 1959 580 1999 ut
642 1952 881 2006 inaximo,
935 1951 1009 2001 sic
1055 1951 1439 2001 molestissimo.

364 2026 535 2077 sedeo
561 2041 655 2089 pro
679 2027 943 2090 tribunali,
968 2028 1189 2076 subnoto
1214 2027 1438 2090 libellos,

366 2103 587 2155 conficio
613 2103 837 2167 tabulas,
858 2103 1029 2153 scribo
1057 2103 1322 2166 plurimas,
1345 2103 1435 2151 sed

363 2181 788 2231 illiteratissimas
825 2179 1040 2230 literas!
1111 2182 1192 2229 De
1217 2177 1433 2242 praefec·

366 2257 433 2306 tis
460 2257 631 2306 aerarii
655 2257 822 2305 adbuc
841 2271 940 2305 non
963 2255 1086 2304 nihil
1110 2256 1207 2305 sub
1233 2257 1436 2306 initium

361 2332 551 2395 capitis
575 2331 839 2395 sequentis
864 2330 1095 2381 afferam.
1131 2332 1272 2382 Olim
1297 2348 1437 2395 quoe-

364 2417 583 2465 storum,
610 2408 733 2457 item
768 2417 1070 2471 praetorum,
1093 2409 1277 2473 quibus
1300 2422 1437 2457 com-

363 2487 520 2535 misse
562 2490 679 2533 eret
721 2498 848 2534 curs
886 2486 1076 2546 aerarii,
1115 2500 1299 2534 munus
1340 2483 1438 2533 fuit

364 2575 589 2611 annuum
613 2576 628 2621 ;
663 2559 754 2609 sed
780 2559 873 2609 sub
895 2560 1136 2622 claudio,
1170 2561 1306 2624 quod
1334 2561 1438 2610 Dio

365 2638 577 2687 Cassius
621 2636 715 2685 lib.
760 2649 854 2686 Lx.
900 2644 1290 2692 commemorat,
1334 2637 1437 2684 duo

360 2714 519 2763 iidem
534 2721 823 2778 quaestores
843 2720 948 2762 tres
963 2727 1122 2762 annos
1137 2728 1246 2761 enm
1261 2728 1439 2763 curem

361 2790 739 2849 sustinuerunt3
760 2789 853 2839 sub
869 2790 1043 2839 Nerva
1061 2796 1230 2838 nutem
1246 2797 1298 2839 ct
1311 2790 1440 2839 Tra·

346 2867 636 2931 jano,quod
654 2882 717 2916 ex
736 2868 832 2916 hoe
851 2867 964 2916 loco
982 2867 1288 2930 colligimus,
1306 2883 1438 2930 prae·

359 2944 488 2995 fecti
513 2944 697 2995 aerario
721 2945 919 2994 muneri
952 2941 1270 3006 praefuerunt
1296 2944 1438 2994 bien-

360 3023 520 3074 nium.
590 3022 862 3071 Praeterea
899 3036 964 3069 ex
1005 3021 1102 3070 ltoc
1140 3022 1252 3070 loco
1287 3023 1437 3071 simul

361 3096 643 3147 manifeste
693 3097 1046 3159 intelligimus,
1102 3097 1328 3146 Plinium
1382 3104 1437 3146 et

360 3176 648 3225 Cornutum
676 3175 900 3223 nondum
928 3175 1023 3223 sub
1056 3175 1247 3223 Nervoe
1273 3174 1431 3237 impe·

362 3252 437 3301 rio
458 3251 590 3301 hanc
618 3251 984 3314 praefecturam
1015 3252 1185 3314 reipsa
1209 3252 1431 3312 adiisse3

359 3329 594 3394 qttnmvis
619 3328 713 3377 sub
730 3336 853 3378 nota
875 3329 1223 3391 praeccdentis
1242 3329 1435 3392 capitis

360 3406 731 3466 monuerimus,
766 3406 996 3454 Nervam
1034 3413 1280 3469 utrosque
1317 3404 1436 3454 huic

361 3481 559 3530 muneri
575 3480 884 3530 destinasse.
909 3481 1108 3540 Nerva,
1123 3489 1177 3529 ut
1194 3481 1435 3537 diximus,

359 3558 489 3608 obiit
517 3557 569 3605 d.
602 3560 685 3606 2⁷.
717 3556 835 3607 Jau.
857 3557 921 3605 Α.
947 3557 1008 3606 C.
1041 3561 1123 3606 98.
1151 3556 1289 3618 Jam,
1314 3571 1432 3607 cum

358 3636 618 3698 Trajmus
664 3634 917 3684 Kalendis
955 3634 1221 3685 ,Ianuariis
1264 3634 1326 3682 Α.
1367 3636 1431 3685 C.

362 3716 475 3760 10⁰.
503 3719 590 3759 aut
620 3712 793 3774 paullo
814 3719 958 3773 onte,
982 3726 1095 3762 cum
1123 3713 1235 3773 ipse
1260 3711 1431 3774 desig-

360 3793 574 3836 naretur
598 3788 774 3834 consul
805 3788 1033 3843 tertium,
1066 3787 1248 3837 iisdem
1281 3787 1430 3837 obtu-

360 3863 483 3914 lerit
506 3863 849 3925 consulatum,
866 3863 953 3913 ubi
979 3864 1202 3913 noudum
1230 3863 1429 3913 bienni·

360 3957 443 3990 um
490 3938 820 4003 praefecturae
867 3942 1035 3990 aerarii
1083 3957 1112 3990 ιι
1160 3942 1332 3992 Plinio
1377 3949 1432 3993 et

360 4016 593 4065 Cornuto
619 4023 782 4077 gesta*
818 4018 1133 4079 completum
1159 4024 1303 4077 erat3
1338 4018 1429 4066 ltu·

349 4092 442 4155 jus
469 4088 795 4153 praefecturae
837 4091 1040 4140 initium
1080 4092 1373 4156 neutiquam
1399 4109 1429 4143 n

359 4176 597 4228 tempore
624 4164 726 4213 vivi
768 4165 956 4215 Nervae
981 4176 1222 4231 repetere
1246 4182 1428 4231 possu-

355 4256 501 4304 rnus;
537 4241 626 4291 sed
652 4240 858 4291 demum
895 4258 926 4292 ι
963 4250 1197 4308 tempore
1227 4245 1430 4311 imperii

491 4322 661 4385 Delph-
682 4328 727 4371 et
757 4322 873 4374 γαν.
898 4325 1031 4373 Clas.

1315 4326 1502 4389 Paneg.
1537 4327 1642 4378 Vct.

1972 354 2018 401 ι.
2047 337 2156 403 91.
2415 339 2588 406 1073

1516 492 1743 556 'rr-jani,
1779 494 1867 559 qui
1908 495 2019 547 siue
2050 495 2209 547 dublo
2239 502 2365 548 tunc
2399 497 2587 550 absens

1518 569 1915 622 destinationem
1951 588 1983 621 ι
2017 573 2191 623 Nerve
2214 571 2424 636 factam,
2450 575 2585 625 liaud

1518 646 1596 696 itu
1618 646 1708 696 diu
1735 654 1855 711 post
1881 648 2071 699 Nerva
2093 650 2293 700 obitum
2317 649 2587 702 confirma·

1518 725 1613 775 vit.
1684 727 1897 777 Certum
1922 727 2060 778 diem
2088 736 2142 778 et
2168 743 2401 779 mensem
2437 730 2586 793 huJus

1518 802 1651 851 initii
1676 802 1893 852 definire
1915 804 2054 856 haud
2078 818 2369 867 possumus.
2436 808 2592 857 Cete-

1515 891 1648 936 rum,
1683 878 1735 927 in
1774 879 1920 929 libris
1954 880 2164 944 scriptis
2202 880 2417 944 legimus
2462 898 2588 932 eom·

1508 956 1848 1017 monemus,-
1904 956 1956 1006 in
2004 959 2261 1008 nonnullis
2303 958 2588 1023 impressis,

1513 1031 1868 1093 eompleromus.
1902 1032 2162 1084 Schwsrz.

1571 1108 1742 1157 Gloria
1754 1109 2038 1173 celeritatis]
2065 1110 2436 1174 christophoro
2452 1112 2588 1162 Beli·

1515 1184 1596 1233 rio
1634 1185 1843 1235 videtur
1878 1186 2039 1236 fuisse
2077 1187 2251 1236 Plinio
2303 1187 2353 1235 iu
2399 1187 2589 1246 aninlo,

1513 1260 1691 1310 dicere
1728 1262 1794 1310 de
1828 1261 2018 1323 gratia,
2057 1276 2158 1311 non
2190 1263 2256 1312 de
2279 1263 2440 1324 gloria
2470 1266 2590 1313 cele-

1513 1339 1684 1388 vitatio
1706 1354 1726 1395 ,·
1763 1353 1865 1388 non
1902 1346 2049 1389 certe
2084 1340 2195 1389 sine
2234 1341 2338 1389 ullu
2368 1340 2588 1389 ratione.

1515 1415 1747 1465 Primum
1776 1415 1913 1464 enim
1950 1415 2114 1464 omnis
2152 1414 2390 1465 beneficii
2416 1422 2469 1465 et
2494 1415 2582 1465 lio·

1513 1491 1653 1540 noris
1693 1505 1755 1540 eo
1781 1491 1946 1554 maj0r
1981 1497 2062 1540 est
2089 1490 2276 1552 gretia,
2313 1490 2348 1541 i.
2372 1505 2419 1542 e.
2459 1491 2591 1553 lans,

1515 1567 1918 1627 commendatio,
1940 1576 1995 1617 et
2018 1568 2276 1631 muitum
2309 1582 2409 1630 quo
2431 1568 2587 1619 citius

1515 1643 1845 1709 celeriusque
1880 1643 2140 1694 defertur.
2175 1644 2262 1693 Sic
2281 1645 2483 1694 Seneca
2520 1646 2586 1693 de

1514 1718 1703 1769 Benef.
1735 1735 1797 1770 ιι.
1819 1726 1871 1769 5.
1901 1722 1918 1749 ‘
1945 1720 2281 1770 Verissimum
2307 1720 2586 1776 existimn,'

1515 1795 1706 1860 inquit,
1757 1803 1771 1825 ⁸
1811 1796 1947 1861 quod
1996 1798 2083 1846 ille
2127 1795 2369 1847 Comicus
2415 1795 2584 1847 dixit:

1517 1873 1696 1925 Quid?
1734 1879 1788 1923 tu
1840 1888 1938 1923 non
1985 1873 2254 1935 intelligis.
2290 1879 2491 1922 tantum
2533 1881 2587 1923 te

1514 1949 1702 2010 gratiae
1742 1949 1973 2010 demere,
2014 1955 2263 2011 quantum
2303 1962 2460 1998 moro
2497 1949 2588 1998 ad-

1507 2024 1666 2085 jicis?
1709 2056 1758 2074 ..
1799 2024 1971 2086 Major
2007 2031 2090 2074 est
2130 2023 2354 2073 muneris
2401 2025 2585 2088 gratia,

1515 2114 1618 2163 quo
1647 2099 1812 2149 minus
1848 2100 1936 2148 diu
1977 2100 2267 2162 pependit.'
2306 2100 2444 2150 lbid.
2466 2115 2586 2165 cap.

1513 2179 1564 2225 6.
1601 2182 1615 2205 ⁸
1643 2175 1704 2225 In
1729 2176 1865 2225 omni
1890 2178 2098 2238 negotio
2116 2190 2218 2225 uon
2239 2176 2445 2225 minima
2468 2192 2586 2240 por·

1515 2250 1588 2300 tio
1611 2259 1714 2312 est,
1752 2250 2011 2314 quomodo
2048 2250 2278 2316 quidque
2314 2259 2402 2300 aut
2443 2253 2582 2302 dica·

1515 2332 1601 2374 tur
1625 2335 1714 2374 eut
1734 2324 1844 2374 fiet.
1911 2327 2137 2376 Multum
2158 2327 2401 2376 celeritas
2427 2327 2585 2390 fecit3

1515 2405 1734 2454 multum
1759 2403 1978 2454 abstulit
2002 2402 2177 2457 mora-⁹
2227 2404 2438 2454 Dicitur
2459 2418 2583 2454 vero

1511 2481 1678 2540 gratia
1695 2481 1975 2543 celeritatis,
2009 2481 2143 2531 haud
2169 2496 2316 2533 secus
2351 2496 2411 2532 ac
2443 2484 2585 2547 apud

1516 2555 1946 2613 Quinctilinuum,
1976 2557 2227 2622 aliosque,
2262 2560 2277 2587 ‘
2313 2559 2480 2621 gratia
2510 2560 2584 2607 in·

1516 2632 1693 2695 genii‚’
1727 2642 1742 2663 ¹
1767 2634 2239 2694 gratiam-tionis:
2264 2637 2279 2665 ‘
2300 2637 2584 2700 sermonis‚'

1516 2710 1533 2736 ‘
1561 2709 1866 2767 varietatis?
1886 2718 1939 2759 et
1959 2712 2172 2762 eliorum
2193 2713 2343 2775 liujus
2362 2716 2585 2778 generis.

1517 2786 1720 2836 Deinde
1746 2786 1882 2851 opud
1909 2788 2134 2838 Plinium
2161 2803 2276 2839 mox
2296 2798 2588 2855 sequuntur

1514 2863 1629 2913 liaec
1653 2864 1827 2925 verbe,
1848 2880 1964 2929 quoe
1982 2880 2099 2916 cum
2115 2867 2281 2927 gratia
2305 2870 2586 2918 convenire

1516 2938 1796 2990 videntur:
1834 2948 1848 2970 ⁸
1877 2943 1963 3004 qui
2007 2941 2267 2991 beneficiis
2303 2944 2410 2992 suis
2447 2959 2581 2994 corn·

1514 3017 1902 3067 mendationem
1941 3031 2007 3067 ex
2053 3016 2356 3068 difficultate
2404 3030 2583 3083 capta-

1516 3092 1659 3156 bant,
1699 3094 2055 3157 gratioresque
2091 3095 2471 3157 accipientibus
2495 3096 2584 3145 lio-

1514 3184 1670 3220 nores
1714 3171 2136 3221 arbitrabantur.'
2206 3172 2325 3221 Huc
2360 3174 2586 3235 accedit,

1514 3245 1654 3311 quod
1696 3248 1799 3296 ista
1838 3248 2067 3309 nomina,
2101 3249 2268 3309 gratia
2311 3258 2367 3298 et
2405 3252 2582 3311 gloria,

1515 3332 1730 3388 propter
1781 3324 2038 3389 quendam
2087 3327 2355 3376 literarum
2403 3330 2584 3378 simili-

1514 3401 1746 3450 tudinem
1766 3400 1919 3452 facile
1940 3404 2246 3451 commutari
2266 3413 2583 3469 potueruut3

1513 3485 1568 3528 et
1593 3477 1803 3529 doctiss.
1829 3477 2231 3529 Drakenborch.
2248 3480 2313 3529 ud
2330 3482 2422 3532 Sil.
2452 3497 2581 3533 xm.

1510 3558 1626 3605 664.
1659 3554 1770 3618 jem
1816 3555 2110 3617 hujusmodi
2163 3559 2581 3609 commutationis

1510 3631 1755 3694 exempla
1771 3632 2060 3682 annotavit.
2106 3634 2250 3682 Nihil
2269 3641 2443 3684 tamen
2461 3651 2583 3686 con-

1512 3715 1592 3757 tre
1616 3709 1839 3757 omnium
1865 3708 2116 3759 librorum
2134 3709 2376 3774 suffragiu
2397 3713 2448 3761 in
2472 3715 2581 3763 vul·

1511 3791 1629 3847 gat·
1680 3785 1903 3834 lectione
1941 3785 2122 3835 eudem
2147 3795 2367 3838 mutare.
2437 3791 2580 3839 Satis

1510 3860 1645 3910 bene
1671 3860 1821 3911 honor
1844 3869 1899 3911 et
1930 3862 2094 3924 gloria
2131 3878 2281 3927 posse
2311 3867 2465 3929 jungi
2503 3869 2577 3917 vi-

1507 3939 1720 3989 dentur.
1798 3939 1814 3967 ⁴
1853 3941 2118 3990 Summum
2165 3942 2448 3993 honorem'
2490 3946 2581 3995 de·

1510 4017 1632 4066 tulit
1676 4017 1929 4080 Trajenus
1990 4018 2167 4068 Plinio
2221 4027 2277 4069 ot
2322 4022 2577 4080 Cornuto,

1507 4093 1630 4143 dum
1678 4095 1726 4143 ei
1771 4093 1964 4146 obtulit
2010 4097 2374 4159 consulatnm3
2433 4101 2580 4150 auxit

1508 4171 1645 4220 hunc
1688 4170 1933 4221 honorem
1974 4172 2174 4236 majore
2221 4174 2400 4237 glorio,
2440 4174 2578 4239 quod

1508 4254 1614 4296 tam
1656 4254 1860 4312 promte
1904 4257 1960 4301 et
1996 4252 2104 4301 cito
2143 4251 2218 4301 eis
2254 4253 2576 4302 consulatum

2332 4336 2360 4380 8
2400 4333 2445 4380 Y
