3060 4902
760 352 823 398 c,
871 346 1116 397 euml
1165 342 1496 396 sncunnt
1546 342 1821 392 pauno.
1896 343 1948 392 1.
1993 326 2102 392 82.

313 494 737 550 humanissimum
760 492 882 542 vitoe
920 506 1099 556 genus,
1134 491 1385 541 severita-

316 584 429 626 tem
450 573 857 634 comitatemque
882 570 1112 626 miscere,
1137 582 1204 617 ne
1225 567 1311 615 illa
1336 567 1386 613 in

318 652 615 709 tristitiam,
639 649 750 696 liaec
769 647 822 695 in
848 644 1209 708 petulantiam,
1235 656 1389 691 exce-

318 727 449 778 dat.'
520 727 589 774 Et
614 727 807 772 Seneca
829 723 880 769 in
909 722 1199 769 Declamat.
1233 719 1247 744 ⁴
1266 718 1391 767 Om-

320 805 478 854 nibus
504 802 716 866 prodest
753 799 977 846 animum
1003 795 1266 853 relaxare3
1303 806 1393 841 ex·

325 881 525 931 citatur
547 878 684 927 enim
710 876 889 939 quiete
914 871 1095 934 vigor)
1130 871 1285 919 Bern.

395 955 519 1004 Sunt
546 951 694 1013 enim]
730 952 908 1010 Longe
940 948 1006 996 ab
1032 946 1292 995 illecebris
1310 958 1394 994 oc·

327 1032 595 1082 casiouum
621 1027 777 1076 facile
802 1032 883 1073 est
907 1025 1130 1072 virtutes
1154 1035 1396 1082 serrare3

327 1108 422 1157 sed
449 1107 589 1156 intra
614 1105 927 1165 voluptates,
960 1101 1010 1148 in
1043 1098 1291 1163 aquisque
1316 1114 1397 1147 es-

328 1198 408 1246 se,
444 1197 544 1233 nec
583 1181 767 1244 mergi,
804 1177 930 1228 illud
967 1175 1198 1225 difficile.
1247 1177 1396 1224 Pata·

326 1263 424 1311 rol.

402 1337 528 1394 Quis
546 1333 684 1397 adeo]
709 1332 880 1382 Etiam
905 1329 1254 1386 Domitianus,
1281 1342 1399 1391 per·

329 1413 616 1463 ditissimus
644 1411 908 1473 princeps,
923 1408 1011 1470 jus
1035 1406 1183 1465 dixit,
1206 1414 1258 1455 et
1282 1405 1401 1455 Cai-

330 1503 395 1538 us
432 1489 666 1536 literaria
723 1484 981 1534 exercitia
1019 1496 1080 1531 ac
1115 1479 1403 1531 certamina

331 1565 579 1615 instituit.
614 1563 763 1611 Idem.

402 1642 535 1693 Nom
555 1640 661 1704 quis
691 1637 831 1699 adeo]
864 1636 983 1685 Jam
1016 1636 1123 1699 quis
1156 1637 1273 1684 odeo
1314 1633 1400 1684 Li-

335 1716 518 1767 vin.in
545 1724 727 1774 textu3
763 1712 854 1761 sed
891 1711 942 1760 in
980 1712 1230 1774 margine.
1274 1710 1405 1758 Num

334 1796 447 1858 quis
467 1795 583 1842 adeo
605 1792 669 1839 V.
689 1791 747 1840 C.
770 1798 929 1839 recte.
966 1789 1209 1838 Rittersh.

409 1871 543 1920 Nam
565 1868 696 1933 quis]
729 1867 926 1917 Omnes
948 1867 1152 1916 codices
1174 1865 1302 1914 Mss.
1317 1863 1406 1912 ba·

336 1949 471 1999 bent
496 1947 662 2002 Νσπις
698 1957 792 2009 pro
815 1958 917 2009 qua
942 1942 1214 2005 particula,
1244 1941 1407 1990 Pute-

338 2025 541 2084 olanus,
575 2019 886 2081 Beroaldus,
911 2018 1198 2078 Catanoeus,
1222 2015 1408 2078 Cuspi-

337 2100 547 2153 nianus,
578 2108 633 2146 et
666 2096 841 2160 plures
872 2094 977 2148 alii,
1017 2094 1147 2141 male
1181 2092 1407 2154 publica·

340 2184 469 2228 runt
489 2177 624 2224 Jam.
694 2172 918 2221 Istarum
941 2178 1111 2219 autem
1134 2169 1409 2232 particula-

340 2268 456 2304 rum
508 2248 966 2301 commutationem
1030 2261 1143 2296 esse
1210 2244 1410 2309 perfre-

342 2327 742 2396 quentem‚jam
775 2324 1019 2374 annotavi
1045 2323 1109 2372 ad
1138 2335 1308 2372 xxtu.
1333 2324 1410 2371 14.

342 2416 403 2457 et
432 2407 481 2455 in
506 2406 726 2455 Excurs.
760 2414 923 2451 xxix.
991 2398 1073 2450 Cf.
1111 2397 1412 2447 Drackenb.

343 2485 412 2535 ad
428 2484 617 2534 silium
637 2480 761 2530 Ital.
787 2491 867 2528 lx.
892 2481 1006 2526 242.
1038 2477 1282 2526 Schmun-2.

398 2560 590 2625 Species
602 2555 871 2607 severitatis
887 2554 1120 2616 insident]
1148 2551 1412 2607 Nonnulli,

348 2652 448 2703 pro
482 2637 709 2694 insideat,
748 2631 961 2681 edidere
1002 2629 1202 2678 ineidat.
1266 2627 1414 2677 Tunc

347 2714 478 2764 mihi
508 2714 558 2762 in
596 2718 822 2760 mentem
845 2706 1005 2761 venit,
1029 2719 1092 2754 an
1118 2719 1216 2753 non
1240 2706 1417 2767 species

347 2791 436 2841 hic
461 2786 711 2840 translate
737 2799 830 2848 pro
864 2782 1121 2845 exemplo,
1145 2781 1251 2830 sive
1273 2794 1415 2841 casu,

348 2867 483 2916 sumi
506 2864 687 2928 possit,
712 2862 788 2910 uti
812 2860 924 2909 scil.
947 2860 1164 2908 sumitur
1188 2872 1218 2905 a
1241 2856 1417 2905 Plinio

350 2949 553 3002 nostro,
583 2941 747 3003 Epist.
773 2951 829 2986 x.
852 2941 934 2985 97.
957 2940 971 2965 ⁸
992 2936 1118 2983 Mox
1142 2934 1254 2997 ipso
1280 2939 1417 2981 trac-

353 3029 436 3080 tu,
459 3027 518 3068 ut
540 3017 653 3067 ficri
678 3016 832 3068 solet,
866 3009 1190 3061 diffundente
1225 3023 1280 3058 se
1318 3008 1415 3057 cri-

354 3098 517 3157 snine,
531 3097 702 3159 plures
728 3090 929 3154 species
948 3084 1279 3137 inciderunt!
1314 3085 1417 3133 Ubi

355 3171 657 3222 observavit
684 3165 1075 3220 Ritterslmsius‚
1102 3161 1275 3210 vocari
1316 3175 1417 3223 spe-

355 3250 475 3310 cies,
491 3261 620 3311 quas
636 3244 812 3293 dicere
831 3241 1102 3301 soleamus,
1124 3245 1139 3267 ⁸
1156 3236 1281 3286 sacti
1303 3251 1420 3299 spe·

358 3325 503 3380 cies,’
537 3331 593 3373 et
629 3321 784 3382 vulgo
827 3316 1007 3366 ‘casus
1025 3315 1061 3376 3'
1091 3330 1222 3378 quos
1248 3314 1422 3365 Graeci

360 3404 538 3454 dicant
564 3398 820 3450 ὑποθέσεις.
875 3397 964 3446 Sic
989 3395 1203 3444 Latinus
1229 3395 1422 3456 Largus

359 3482 416 3530 in
440 3480 542 3544 leg.
565 3483 649 3530 88.
681 3496 737 3527 π.
773 3476 840 3523 de
864 3476 1025 3536 legat.
1061 3477 1112 3522 2.
1145 3472 1160 3499 ⁴
1181 3471 1425 3521 Proxime

362 3572 428 3606 ex
453 3556 595 3607 facto
616 3552 800 3603 incidit
823 3553 1026 3613 species
1048 3548 1204 3599 talis.'
1252 3546 1426 3611 Atque

362 3632 456 3692 ibi,
500 3634 516 3660 ‘
546 3630 776 3681 incidere
793 3628 808 3650 '
851 3625 1064 3683 dicitur,
1103 3626 1428 3687 contingere,

361 3709 608 3769 evenire3
645 3706 720 3755 uti
758 3703 895 3768 apud
932 3702 1042 3752 Cic.
1081 3702 1224 3750 Fam.
1261 3714 1316 3749 v.
1348 3704 1428 3749 17.

362 3787 380 3814 ⁸
403 3786 478 3836 Ut
501 3785 775 3849 cogitares,
814 3789 865 3829 et
907 3780 956 3827 in
1000 3783 1171 3828 nostra
1192 3778 1429 3836 civitate,

367 3868 421 3914 ct
445 3864 498 3912 in
522 3861 707 3912 ceteris
739 3873 853 3920 quae
879 3870 1047 3905 rerum
1090 3853 1271 3918 potitae
1298 3859 1434 3913 sunt,

367 3940 543 3989 multis
566 3934 864 3987 fortissimis
888 3943 1044 3997 atque
1070 3931 1274 3993 optimis
1313 3930 1433 3979 viris

368 4019 501 4068 tales
523 4030 668 4066 casus
693 4009 972 4061 incidisse!
1030 4009 1110 4058 Ibi
1136 4007 1344 4057 Curtius
1369 4005 1435 4054 de

370 4093 532 4144 verbo
564 4089 832 4140 ‘incidere
848 4084 863 4107 ’
887 4087 1035 4148 plura
1057 4084 1323 4133 annotavit
1347 4096 1435 4130 ex·

372 4169 563 4233 empla.
632 4167 796 4215 Putes
819 4177 965 4226 ergo,
1002 4162 1157 4210 etiam
1205 4159 1436 4209 Plinium

373 4246 458 4296 liic
526 4241 823 4309 significare
877 4238 1115 4294 voluisse,
1177 4236 1435 4289 neminem

2353 321 2525 388 101⁷

1462 486 1758 552 principum
1781 493 1887 536 tam
1909 484 2210 535 dissolutum
2230 498 2364 547 esse,
2378 485 2524 549 cujus

1464 580 1565 614 non
1591 563 2017 627 occupationibus
2041 564 2201 626 aliqua
2222 564 2414 626 species,
2431 563 2464 611 i.
2481 579 2530 618 c.

1466 655 1623 690 unum
1640 642 1926 689 alterumve
1950 639 2144 690 factum
2163 649 2216 689 et
2234 641 2530 705 exemplum

1464 718 1741 768 seret-itatis
1758 718 1958 778 incidat,
1977 717 2084 765 sive
2109 718 2396 779 contingat.
2430 716 2528 767 At·

1465 809 1567 857 que
1606 795 1719 843 lraec
1755 793 1975 842 fortasse
1998 799 2079 840 est
2104 794 2257 855 ratio,
2290 808 2383 842 cur
2406 807 2532 842 non·

1468 871 1596 919 nulli
1624 885 1716 936 pro
1742 870 1902 919 verbo
1924 870 2148 929 insideat,
2173 869 2433 918 ediderint
2454 870 2529 919 in·

1467 947 1616 996 cidat.
1684 948 1993 1009 Quanquam
2018 946 2177 994 etiam
2217 946 2339 994 alibi
2372 947 2532 996 verba

1470 1029 1486 1055 ‘
1507 1023 1766 1074 insidere'
1799 1030 1854 1072 et
1886 1031 1901 1053 ‘
1922 1021 2189 1072 incidere'
2238 1037 2268 1071 a
2305 1023 2531 1071 librariis

1471 1116 1585 1150 esse
1610 1099 2182 1164 permixta,observarit
2205 1099 2452 1147 Burman.
2470 1096 2533 1147 ad

1475 1177 1731 1229 Quinctil.
1752 1176 1927 1225 Instit.
1961 1175 2115 1224 Orat.
2138 1189 2174 1224 1.
2195 1179 2245 1224 4.
2313 1175 2536 1224 Fallitur

1474 1254 1610 1304 enim
1640 1252 1965 1311 Arntzenius,
1991 1252 2108 1299 dum
2135 1250 2324 1309 credit,
2354 1252 2419 1300 ab
2456 1266 2537 1300 er·

1474 1336 1622 1379 rante
1647 1328 1976 1391 typographo
2002 1325 2463 1389 profectum‚quod
2487 1328 2537 1375 in

1476 1405 1772 1455 Cellariana
1813 1401 2038 1450 editione
2078 1402 2285 1465 legatur
2317 1403 2538 1460 ineidat,-

1476 1481 1710 1545 quamvis
1734 1493 1845 1526 eam
1883 1479 2194 1539 scripturam
2232 1478 2395 1527 secuti
2435 1479 2541 1527 sint

1478 1557 1712 1619 Patarol‚
1736 1562 1789 1624 et
1813 1555 2091 1604 Gesnerus.
2142 1554 2362 1602 Fallitur
2384 1554 2540 1602 etiam

1480 1633 1766 1687 Gesnerus,
1787 1632 1873 1695 qui
1911 1633 1961 1679 in
1998 1630 2218 1692 epistola
2251 1644 2409 1691 supra
2435 1632 2539 1679 lau·

1479 1709 1604 1757 data
1629 1708 1809 1767 tradit,
1832 1705 1955 1755 illud
1979 1706 2160 1754 incidat
2183 1720 2239 1754 se
2257 1722 2286 1754 a
2310 1707 2543 1756 Grutero

1479 1796 1538 1835 et
1562 1784 1786 1833 Cellario
1823 1783 2105 1845 accepisse.
2177 1785 2255 1831 De
2296 1782 2543 1845 Cellario,

1481 1862 1674 1910 nullutn
1710 1866 1788 1908 est
1822 1858 2063 1919 dubium3
2101 1864 2155 1907 at
2189 1860 2466 1920 Gruterus,
2493 1860 2545 1908 in

1482 1937 1715 1986 editione
1732 1933 2147 1985 Francofurtana
2171 1949 2253 1983 an.
2272 1937 2417 1984 1607.
2439 1949 2546 1983 om·

1483 2016 1608 2063 nino
1632 2012 1862 2061 exhibuit
1881 2009 2091 2059 verbum
2107 2011 2307 2060 insidat.
2332 2010 2548 2069 Verum,

1483 2090 1665 2138 incidat
1691 2089 1862 2137 inveni
1881 2089 1992 2151 jam
2032 2088 2080 2134 iu
2107 2086 2272 2135 Henr.
2297 2087 2547 2149 Stephani

1484 2164 1669 2213 ἐκδόσει
1689 2178 1772 2212 an.
1795 2166 1939 2211 1591.
1994 2160 2125 2210 Inde
2149 2161 2283 2210 idern
2306 2162 2550 2211 Elzevirii

1487 2256 1572 2291 an.
1600 2245 1743 2290 164⁰.
1769 2245 2138 2300 expresserunt
2157 2255 2173 2298 3
2195 2237 2383 2286 deiude
2410 2237 2553 2286 Box-

1485 2317 1716 2379 botulus,
1735 2314 2141 2367 Kircbmaierns.
2157 2314 2431 2374 Cellarius,
2449 2313 2552 2362 Pa-

1488 2395 1642 2455 tarol,
1662 2402 1714 2441 et
1741 2392 2024 2442 Gesnerus.
2093 2390 2245 2438 Haud
2267 2388 2552 2450 dissimulo,

1485 2473 1584 2521 hoc
1609 2473 1776 2534 ipsum
1794 2470 2001 2519 verbum
2015 2468 2197 2517 incidat
2219 2481 2320 2516 non
2344 2466 2555 2516 omnino

1487 2549 1610 2598 mibi
1652 2547 1953 2612 displicere,
1991 2544 2268 2594 dummodo
2314 2558 2378 2593 ne
2415 2543 2552 2593 omni

1488 2637 1745 2674 consensu
1781 2623 2019 2672 codicum
2054 2620 2183 2669 Mss.
2218 2619 2555 2669 destituatur.

1490 2700 1555 2749 In
1579 2700 1658 2748 bis
1682 2699 1837 2755 enim,
1857 2697 2185 2760 Parisiensis,
2208 2705 2428 2760 uterque
2449 2697 2556 2745 Ve-

1489 2789 1659 2834 netus,
1683 2778 1990 2840 Patavinus,
2013 2785 2068 2826 et
2092 2778 2224 2827 liber
2247 2775 2555 2837 Vossianus,

1491 2856 1685 2906 habent
1702 2856 1881 2904 insidat
1898 2869 2080 2918 ,·quam
2098 2855 2376 2905 lectionem
2397 2854 2556 2904 etiarn

1493 2936 1810 2997 evulgarunt
1866 2932 2206 2992 Puteolanus,
2260 2932 2559 2987 Catanaeus,

1496 3009 1790 3068 Rhenanus,
1847 3007 2195 3064 Pmennsus,
2243 3007 2466 3068 Lipsius,
2507 3012 2563 3054 et

1494 3086 1604 3134 alii.
1675 3083 1749 3133 At
1775 3097 1865 3144 pro
1890 3082 2090 3136 insidat.
2114 3080 2560 3144 produntinsideot

1496 3160 1707 3210 codices
1746 3158 2007 3221 Vaticani,
2044 3156 2472 3218 salisburgensis,
2505 3164 2563 3206 et

1498 3236 2007 3300 Guelpberbytanus.
2057 3234 2117 3283 In
2142 3249 2258 3283 meo
2282 3241 2451 3282 autem
2477 3249 2565 3284 co·

1499 3314 1620 3362 dice
1643 3312 1887 3361 mendose
1911 3311 2161 3372 scriptum
2187 3319 2266 3360 est
2288 3310 2563 3361 insidiatus.

1501 3387 1653 3439 Istud
1709 3387 1914 3436 insident
1966 3386 2161 3448 primus
2216 3386 2567 3452 promulgavit

1502 3464 1817 3525 Beroaldus,
1851 3461 1988 3526 qnod
2035 3476 2173 3510 nunc
2211 3462 2383 3511 Plinio
2424 3478 2567 3514 asse·

1504 3544 1607 3595 nuit
1631 3540 1972 3599 Arntzenius;
2010 3536 2146 3601 quod
2173 3539 2383 3586 verbum
2411 3554 2567 3603 prop-

1508 3628 1588 3671 ter
1623 3617 1988 3668 auctoritatem
2026 3614 2262 3664 codicum
2301 3616 2427 3665 Μαι.
2456 3617 2566 3680 jam

1506 3698 1663 3747 etiam
1707 3692 1908 3756 recepi,
1937 3691 2259 3756 credidique,
2299 3708 2362 3741 eo
2403 3693 2567 3753 magis

1504 3778 1675 3826 locum
1698 3772 1888 3821 habere
1913 3783 2085 3833 posse,
2121 3770 2160 3817 si
2188 3783 2374 3817 nomen
2394 3769 2570 3832 species

1507 3866 1604 3915 pro
1636 3857 1857 3898 externa
1889 3845 2055 3894 forma
2094 3851 2147 3892 et
2180 3844 2452 3892 simulacro
2486 3857 2572 3891 su-

1508 3936 1703 3986 matun
1739 3938 1853 3988 quae
1884 3922 2026 3970 notio
2045 3918 2180 3980 apud
2210 3919 2369 3967 bonos
2394 3925 2573 3969 aucto-

1510 4018 1594 4053 res
1611 3998 2026 4064 frequentissime
2042 3996 2270 4043 occurrit
2288 4011 2303 4054 ς
2321 4008 2420 4056 v.g.
2433 3995 2572 4057 apud

1510 4081 1622 4131 Cic.
1645 4077 1710 4127 de
1736 4076 1890 4128 Offic.
1917 4088 2004 4124 ιιι.
2027 4077 2106 4121 11.
2142 4075 2157 4102 ‘
2176 4072 2434 4121 Utilitatis
2456 4086 2574 4135 spe·

1509 4157 1593 4208 cie
1616 4155 1670 4204 in
1689 4153 1960 4216 republica
1984 4149 2267 4211 saepissime
2292 4149 2576 4211 peccatur!

1512 4233 1652 4284 lbid.
1674 4245 1723 4281 c.
1742 4235 1825 4282 26.
1846 4230 1862 4259 ⁸
1883 4228 1958 4279 M.
1975 4225 2167 4277 Atilius
2184 4224 2431 4290 Regulus,
2454 4238 2572 4276 cum
