3060 4902
743 341 809 389 C.
856 338 1094 390 thu
1144 340 1472 390 SECUNDl
1524 342 1798 394 PANEG.

309 496 469 546 ceps3
503 495 643 532 nunc
667 483 804 532 enim
838 491 892 533 et
921 500 983 535 ea
1005 499 1367 535 commemora-

309 557 394 622 bo,
414 573 530 623 quas
565 559 618 607 iu
652 559 766 623 ipso
790 561 896 623 egit
921 563 1203 611 consulatu.
1256 562 1369 612 Uti·

308 644 392 685 tur
426 643 608 685 orator
641 637 739 686 hac
774 635 990 686 formula
1013 638 1156 702 quasi
1193 638 1256 687 ad
1289 652 1367 685 re-

306 713 599 762 novandam
633 715 972 764 attentionem
1004 712 1294 764 auditorum
1313 722 1370 763 et

306 789 582 839 lectorum.
665 790 748 839 De
805 789 965 838 verbo
1020 798 1035 820 ⁴
1060 787 1370 851 transilire,'

309 867 420 916 dixi
456 882 632 932 supra,
665 867 729 917 ad
755 881 869 917 avt.
891 872 942 916 2.
1011 866 1074 918 In
1107 867 1369 917 codicibus

310 945 440 995 Mss.
463 946 670 994 Veneto
693 949 740 994 1.
757 952 810 993 et
828 947 877 992 2.
900 944 1297 1007 salisburgensi,
1314 950 1370 993 et

309 1035 444 1077 meo,
467 1021 719 1084 scriptum
745 1028 822 1070 est
844 1020 1071 1069 transitui
1088 1036 1110 1079 ,·
1140 1021 1191 1069 in
1211 1019 1368 1069 Guel-

312 1099 658 1162 pherbytano,
690 1105 745 1146 et
768 1095 1071 1161 quibusdam
1102 1097 1367 1146 Vaticanis

310 1176 559 1232 transilii5
590 1175 641 1222 in
679 1174 871 1223 ceteris
904 1173 1184 1238 codicibus,
1222 1183 1275 1223 et
1309 1175 1369 1222 li·

310 1250 419 1301 bris
453 1250 734 1315 impressis,
757 1257 905 1299 extat
929 1250 1198 1299 transilivi.-
1232 1249 1366 1298 haud

313 1342 466 1395 secus
503 1343 565 1377 ac
600 1328 736 1390 apud
772 1328 1022 1379 Quinctil.
1054 1328 1284 1377 Declam-
1306 1341 1370 1376 tr.

286 1408 469 1459 ·21.in
494 1406 682 1461 verbis,
717 1408 733 1434 ‘
757 1413 997 1469 tanquam
1037 1414 1090 1455 te
1127 1413 1370 1469 rapturus

311 1485 565 1548 exsilui3'
604 1493 737 1536 teste
774 1486 1092 1546 Burmanuo,
1121 1484 1276 1547 aliqui
1313 1484 1369 1532 li·

312 1564 396 1614 bri
428 1563 623 1613 babent
654 1563 835 1627 exsilii,
860 1564 1016 1628 aliqui
1052 1561 1260 1617 cassilini,
1285 1561 1371 1611 alii

311 1641 508 1691 exsilui.
571 1639 721 1690 Adeo
754 1639 933 1690 eadem
973 1640 1200 1689 varietas
1238 1653 1369 1703 prae-

315 1717 458 1767 teriti
498 1716 551 1765 in
587 1717 888 1780 composito,
912 1730 1028 1780 quae
1067 1715 1116 1763 in
1152 1714 1371 1776 simplici

309 1795 413 1844 hoc
438 1793 596 1844 verbo
631 1792 1074 1843 animadvertitur.
1138 1789 1374 1841 Tradunt

313 1872 454 1920 enim
492 1870 835 1933 grammatici,
869 1884 898 1919 a
933 1867 1124 1919 ‘salio'
1161 1866 1373 1917 formari

317 1957 524 2010 tempus
547 1946 840 2011 perfectum
875 1945 891 1973 ⁸
909 1944 1093 2008 salivi,’
1115 1945 1131 1972 ‘
1150 1943 1297 1999 salii,'
1321 1952 1375 1993 et

313 2022 331 2050 ⁸
351 2021 537 2072 salui.’
604 2022 857 2073 Priscian.
892 2020 979 2070 lib.
1012 2034 1068 2069 x.
1105 2035 1221 2084 pag.
1254 2024 1373 2069 905.

313 2102 331 2130 ‘
368 2101 529 2163 Salio,
574 2100 741 2157 salivi.
794 2101 875 2149 vel
925 2100 1059 2161 salii,
1121 2108 1176 2148 et
1228 2098 1376 2149 salui.

314 2178 566 2243 Virgilius
604 2177 925 2241 praeteritnm
960 2176 1153 2238 Georg.
1178 2188 1240 2224 n.
1261 2179 1376 2225 384.

312 2256 588 2307 ‘Mollibus
613 2257 663 2305 in
689 2255 853 2320 pratis
873 2263 1053 2304 unctos
1077 2254 1259 2302 saliere
1284 2266 1377 2316 per

318 2333 498 2385 utres-⁹
554 2334 616 2384 In
639 2331 943 2398 quibusdam
975 2339 1147 2380 tamen
1183 2329 1377 2378 iuveni·

320 2420 406 2462 tur
431 2409 698 2462 codicibus
721 2409 878 2460 etiam
907 2414 920 2435 ‘
942 2409 1144 2457 saluere
1167 2404 1180 2426 ⁹
1217 2405 1376 2469 scrip·

318 2498 449 2541 tum.
522 2490 590 2539 ln
631 2489 748 2538 AEn.
787 2501 867 2537 xi.
906 2491 1021 2535 500.
1058 2487 1072 2513 ⁶
1101 2484 1378 2547 Portisque

317 2566 384 2617 ab
423 2580 558 2631 equo
598 2565 779 2627 regina
816 2563 909 2613 sub
950 2562 1074 2625 ipsis
1115 2558 1378 2610 Desiluit.’

319 2642 470 2692 Idem
508 2641 624 2691 AEn.
655 2654 710 2689 v.
747 2643 861 2689 140.
898 2640 914 2667 ⁴
941 2637 1153 2687 Finibus
1189 2650 1382 2698 omnes,

317 2720 474 2770 Haud
501 2733 664 2782 mora,
678 2718 958 2782 prosiluere
984 2713 1123 2765 suis.’
1183 2715 1380 2764 Lucan.

319 2810 410 2846 m.
427 2800 542 2846 626.
562 2804 575 2825 ·
593 2795 815 2857 Insiluit,
832 2795 938 2844 solo
963 2794 1229 2842 nociturus
1254 2805 1379 2854 pon-

318 2875 463 2930 dere,
489 2870 738 2937 puppim.’
785 2870 984 2921 Statius
1009 2876 1198 2924 tamen,
1220 2868 1380 2918 Theb.

320 2964 409 3000 tx.
445 2954 559 2999 132.
590 2949 835 2998 ‘Excussi
880 2947 1128 2997 salierunt
1165 2947 1381 3009 cuspide

319 3028 506 3076 dentes
524 3026 560 3088 ;’
593 3036 646 3076 et
668 3041 742 3075 vs.
758 3030 873 3077 230.
896 3026 912 3053 ⁴
930 3025 1182 3074 Insiluere
1208 3021 1382 3072 vadis.'

321 3103 483 3155 Ovid.
504 3103 641 3153 Met.
665 3115 742 3152 ιι.
760 3107 874 3151 525.
894 3105 909 3130 ⁸
930 3102 1059 3150 Cum
1084 3114 1222 3161 saepe
1258 3099 1381 3147 assi-

319 3181 417 3231 luit
441 3177 670 3229 defensae
706 3178 956 3228 moenibus
992 3174 1167 3226 urbis!
1234 3175 1381 3225 Idem

317 3258 463 3307 Fast.
489 3269 564 3306 tv.
585 3259 699 3304 805.
730 3262 743 3283 ·
763 3255 870 3304 Per
905 3252 1133 3302 flammas
1167 3252 1381 3300 saluisse

318 3349 500 3401 pecus.
533 3334 744 3383 saluisse
777 3328 1025 3381 colonos.'
1091 3327 1382 3390 Quadriga-

325 3413 431 3462 rius
457 3413 508 3461 in
534 3410 726 3460 Annal.
746 3422 824 3457 vr.
853 3408 869 3434 ‘
887 3408 1129 3457 Artorius
1163 3405 1381 3454 Taureae

322 3489 564 3538 dextrum
589 3487 854 3535 humerum
888 3482 1107 3539 sauciat,
1128 3490 1285 3544 atque
1309 3480 1384 3528 ita

321 3562 581 3614 resiliit.’'
633 3562 904 3612 Hactenus
929 3560 1241 3608 Priscianus.
1289 3556 1383 3607 Di-

322 3639 494 3692 omedi
520 3653 662 3696 vero.
684 3638 772 3688 lib.
801 3652 838 3686 ι.
863 3650 981 3700 pag.
1008 3639 1122 3685 371.
1159 3634 1383 3691 videtur,

324 3735 354 3768 a
390 3718 553 3767 verbo
586 3718 602 3746 ⁸
629 3712 805 3777 salio,'
842 3711 1130 3777 perfectum
1176 3711 1384 3759 suavius

321 3792 583 3844 enuntiari
606 3789 786 3846 ‘salii,’
810 3804 960 3854 quam
977 3789 991 3815 ‘
1008 3787 1154 3836 salivi
1171 3785 1203 3847 ς’
1227 3799 1384 3850 quan-

322 3888 479 3939 quam
505 3871 738 3932 plerique
764 3875 995 3917 veterum
1022 3865 1250 3913 dixerint
1272 3865 1287 3892 ‘
1305 3877 1384 3911 sa-

323 3948 433 3998 lui.’
501 3947 655 4008 Legit
687 3946 762 3993 ita
797 3942 931 4007 apud
972 3943 1085 3992 Liv.
1109 3954 1148 3989 t.
1172 3944 1221 3989 7.
1243 3941 1259 3966 ‘
1278 3940 1385 3990 Re·

320 4040 458 4076 mum
494 4037 655 4073 novos
697 4021 1016 4071 transiluisse
1056 4033 1227 4069 muros
1246 4016 1276 4079 ;’
1311 4017 1387 4067 uti

323 4108 379 4152 et
419 4100 560 4165 apud
606 4098 768 4150 ovid.
808 4099 940 4162 lagu,
982 4096 1126 4146 Fast.
1172 4107 1261 4144 m.
1303 4098 1385 4143 70.

321 4182 337 4209 ‘
374 4179 493 4230 Non
551 4184 724 4227 tamen
781 4172 1016 4237 expediit
1068 4170 1387 4221 transiluisse

321 4254 525 4309 Remo-⁹
591 4255 701 4320 Ego
724 4252 934 4320 quidem
957 4250 1092 4303 baud
1119 4247 1389 4301 subscribo

1874 344 1925 390 ι.
1953 326 2060 391 66.
2366 324 2495 394 877

1443 487 1627 535 vossio
1658 486 1789 536 Arte
1817 487 2050 537 Gramm.
2074 499 2127 534 v.
2150 490 2232 535 33.
2265 484 2497 549 docenti,

1443 561 1731 626 perfectum
1767 562 1943 612 ‘salivi
1964 562 1980 586 '
2004 564 2151 613 unice
2175 562 2497 612 descendere

1443 655 1473 687 a
1498 639 1656 688 verbo
1678 641 1693 667 ‘
1712 640 1874 694 salio.’
1898 647 2146 704 quatenus
2169 647 2336 703 notat,
2357 641 2497 690 ‘sale

1442 715 1777 779 consperges
1812 730 1977 781 neque
2017 716 2210 766 accedo
2246 717 2498 778 Grutero‚

1446 791 1733 857 perfectum
1770 792 2073 843 ‘transilui'
2107 794 2441 843 derivandum
2465 807 2498 842 a

1444 870 1605 919 verbo
1641 868 1847 930 ‘sile03'
1891 869 2034 934 (vide
2076 870 2390 920 Gronovium
2428 870 2498 921 ad

1440 947 1658 995 Senecre
1691 946 1900 1009 Thyest.
1934 961 2011 995 vs.
2044 945 2187 1010 768.)
2219 944 2387 996 fateor
2421 954 2499 997 ta-

1442 1037 1578 1083 men,
1611 1023 1711 1071 nisi
1750 1023 1800 1070 iu
1838 1023 2073 1072 omnibus
2111 1023 2255 1073 libris
2293 1024 2496 1072 excusis

1433 1101 1543 1165 jam
1587 1101 1882 1163 evulgatum
1932 1108 2068 1149 esset
2111 1101 2369 1158 transilivi,
2414 1115 2498 1150 me

1443 1177 1684 1227 maluisse
1727 1178 1776 1225 in
1824 1178 1921 1226 hoc
1964 1176 2122 1227 Plinii
2171 1177 2283 1226 loco
2324 1178 2498 1241 legere

1444 1255 1665 1305 transilui
1679 1269 1698 1312 ,·
1746 1269 1910 1317 neque
1949 1253 2000 1301 id
2043 1254 2153 1302 sine
2194 1253 2330 1303 omni
2368 1254 2501 1304 anti·

1444 1330 1656 1396 quitatis
1679 1328 1943 1392 suffragio.
1981 1330 2128 1378 Idem.
2429 1334 2434 1339 ”

1515 1408 1626 1456 Non
1648 1406 1909 1471 transilivi]
1932 1407 2177 1457 Oratorie
2198 1422 2250 1456 se
2272 1413 2502 1470 revocat,

1443 1486 1561 1550 quia
1619 1486 1754 1534 enim
1809 1483 1875 1534 de
1922 1485 2219 1549 juramento
2275 1485 2496 1542 dixerat,

1444 1561 1578 1626 quod
1602 1561 1854 1611 abeuntes
1880 1569 2159 1625 praestant:
2198 1562 2318 1626 quid
2343 1563 2500 1625 ergo?

1437 1639 1548 1703 jam
1571 1638 1762 1688 abivit?
1785 1639 1892 1702 jam
1919 1639 1981 1688 de
2005 1638 2126 1701 fine,
2151 1640 2271 1687 nihil
2295 1639 2360 1686 de
2385 1640 2499 1701 ipso

1445 1716 1714 1765 consulatu
1746 1715 1909 1765 dicis?
1979 1716 2179 1778 Dicam,
2202 1717 2385 1779 inquit,
2407 1714 2501 1764 sed

1444 1793 1497 1842 in
1520 1808 1676 1844 unum
1696 1794 1863 1842 locum
1888 1794 2102 1857 contuli,
2118 1793 2251 1856 quod
2275 1792 2340 1842 de
2358 1793 2500 1856 jura-

1445 1877 1620 1920 mento
1642 1870 1917 1920 dicendum
1943 1880 2073 1920 erat.
2108 1870 2241 1933 Lips.

1512 1948 1724 1997 Eandem
1759 1946 1980 2012 speciem]
2027 1948 2100 1997 Ut
2141 1946 2499 2011 jurisjurandi.

1447 2026 1600 2075 Idem.

1515 2102 1730 2151 Eandem
1781 2103 1979 2165 speciem
2022 2100 2201 2163 laudis]
2253 2102 2502 2152 Quinctil.

1451 2189 1540 2226 ιιι.
1577 2181 1625 2226 7.
1679 2178 1697 2206 ⁸
1724 2176 1866 2226 Alias
1911 2177 2189 2240 speciosius
2232 2175 2409 2236 fuerit,
2450 2179 2501 2224 in

1448 2255 1649 2317 species
1695 2255 1945 2303 virtutum
1990 2252 2221 2303 dividere
2280 2254 2504 2308 laudem,

1450 2330 1789 2386 fortitudinis,
1845 2330 2083 2393 justitiae,
2150 2330 2503 2391 continentiae,

1449 2414 1857 2472 ceterarumque,
1886 2420 1945 2457 ac
1977 2406 2189 2469 siugulis
2221 2405 2502 2468 assignare,

1450 2501 1565 2550 quae
1588 2486 1865 2535 secundum
1891 2498 2145 2549 quamque
2180 2497 2352 2531 earum
2389 2497 2503 2546 ges·

1452 2571 1510 2611 ta
1543 2561 1730 2612 erunt!
1796 2562 1960 2612 Quem
1999 2562 2167 2610 locum
2196 2560 2306 2625 jam
2347 2573 2505 2608 anno-

1454 2640 1586 2689 tavit
1629 2639 1875 2689 Baudius.
1956 2639 2087 2690 Quae
2132 2652 2255 2687 vero
2300 2636 2506 2686 dicatur

1451 2716 1466 2743 ‘
1492 2715 1692 2780 species
1717 2713 1916 2777 laudis,'
1946 2716 2141 2778 optime
2165 2713 2319 2762 etiam
2342 2712 2507 2776 expli·

1453 2793 1559 2842 cari
1596 2802 1767 2856 potest
1799 2808 1861 2842 ex
1892 2793 2105 2842 Sueton.
2143 2790 2278 2853 Aug.
2316 2803 2432 2852 cap.
2454 2794 2505 2838 9.

1455 2870 1582 2921 Cum
1607 2871 1739 2918 euim
1772 2870 1813 2917 is
1846 2869 2071 2918 indicare
2099 2868 2271 2926 vellet,
2300 2882 2402 2931 quo
2426 2882 2506 2916 or-

1455 2949 1578 2998 dine
1600 2951 1753 2997 vitam
1777 2957 1831 2997 et
1861 2963 1942 2996 res
1974 2955 2145 3009 gestas
2167 2946 2388 3008 Augusti
2418 2960 2506 2994 ex·

1456 3039 1649 3089 ponere
1688 3025 2007 3075 instituerit:
2043 3023 2059 3049 ‘
2081 3018 2393 3083 Proposita‚'
2428 3020 2506 3069 in-

1455 3102 1586 3166 quit,
1621 3103 1636 3129 ‘
1663 3102 1780 3149 vitae
1805 3101 1913 3163 ejus
1934 3100 2076 3148 velut
2100 3112 2315 3153 summn,
2331 3104 2506 3160 partes

1456 3179 1772 3243 siugulatim,
1801 3191 1969 3240 neque
2008 3189 2102 3240 per
2131 3183 2382 3237 tempora.
2412 3162 2521 3223 sed*

1456 3271 1551 3320 per
1588 3255 1805 3317 species,
1845 3267 2117 3318 exsequar,
2154 3265 2257 3316 quo
2293 3250 2508 3300 distinc-

1458 3334 1558 3382 tius
1605 3331 1944 3381 demonstrari
1998 3328 2340 3394 cognoscique
2393 3342 2510 3391 pos·

1454 3409 1598 3461 sint!
1672 3411 1839 3462 Quem
1882 3410 2048 3457 locum
2095 3407 2380 3456 luculenter
2419 3420 2510 3454 ex-

1458 3488 1631 3553 posuit
1652 3487 1785 3549 Aug.
1805 3486 2107 3535 Bucbnerus
2139 3484 2191 3531 in
2223 3483 2351 3532 edit.
2377 3482 2509 3532 Bur-

1458 3564 1730 3614 manniana
1772 3562 2027 3611 laudatus.
2092 3564 2107 3588 ⁴
2146 3558 2372 3623 Exsequi
2418 3574 2511 3623 per

1458 3650 1560 3691 tem
1569 3641 1726 3706 pora,’
1740 3640 1921 3705 anqnit,
1936 3647 2011 3689 est
2028 3637 2308 3687 secundum
2325 3636 2512 3685 seriem

1458 3716 1705 3780 temporis
1753 3729 1960 3765 narrare
2024 3713 2240 3775 alicujus
2303 3726 2404 3772 res,
2451 3717 2511 3759 ut

1459 3808 1679 3859 quaeque
1695 3794 1790 3842 boc
1808 3793 1890 3841 vel
1914 3792 1999 3840 ilio
2017 3805 2151 3839 anno
2172 3795 2289 3836 sunt
2315 3793 2510 3849 gestae3

1459 3871 1474 3897 ‘
1503 3886 1596 3936 per
1640 3872 1839 3934 species
1878 3865 2139 3930 exsequi,'
2184 3874 2282 3917 est,
2327 3875 2512 3912 secun-

1460 3947 1581 3997 dum
1627 3948 1886 3997 actionum
1932 3953 1987 3993 et
2031 3944 2278 3992 virtutum
2320 3952 2512 4001 genera

1460 4031 1649 4075 statum
1674 4038 1735 4074 ac
1757 4021 2097 4072 conditionem
2135 4020 2255 4064 vitae
2288 4028 2511 4077 expone·

1463 4116 1538 4152 re.
1605 4101 1714 4161 Sic,
1753 4113 1870 4148 cum
1915 4108 2196 4154 narramus,
2240 4107 2353 4156 quae
2400 4091 2514 4154 quis

1464 4178 1686 4243 publice,
1711 4191 1825 4242 quae
1849 4173 2120 4238 privatim3
2155 4183 2266 4231 quas
2290 4166 2514 4232 fortiter,

1462 4270 1576 4322 quse
1611 4253 1911 4313 moderate3
1946 4263 2057 4315 quae
2097 4246 2254 4311 serio,
2292 4260 2405 4311 quae
2429 4246 2513 4310 jo-
