3060 4902
521 389 651 453 504

519 546 724 597 lantes-⁹
779 545 936 610 Apud
970 545 1128 596 Ovid.
1158 546 1291 596 Met.
1318 559 1448 596 xm.
1475 551 1590 597 864.

519 632 534 654 ·
557 625 783 685 Sentiet,
807 638 923 673 esse
947 625 1067 673 milii
1095 632 1243 673 tauto
1265 639 1358 687 pro
1373 638 1592 686 corpore

518 700 697 750 vires.'
754 700 911 764 Apud
938 700 1145 750 Pbaedr.
1166 715 1218 750 v.
1237 705 1286 750 2.
1322 706 1336 728 ‘
1355 700 1476 752 Jam
1502 716 1591 748 cu·

518 775 669 836 rabo,
707 777 921 837 sentiat,
962 792 1089 840 quos
1123 777 1441 826 attentarit)
1507 778 1591 826 Ita

516 861 573 903 et
596 855 793 903 Plinius
813 853 1046 904 barbaris
1067 855 1294 917 regibus,
1309 856 1591 919 Trajanurn

514 930 780 979 lacessere
804 928 1022 987 aiisuris,
1054 931 1201 995 quasi
1229 932 1591 986 comminatur,

515 1005 649 1070 sore,
678 1016 734 1057 ut
770 1016 896 1057 tunc
925 1008 1131 1071 experti
1167 1008 1351 1063 sciant,
1383 1014 1437 1056 et
1471 1023 1590 1056 cum

514 1084 703 1132 damno
736 1100 835 1134 suo
872 1083 1094 1139 discant,
1128 1098 1185 1133 se
1217 1081 1409 1132 frustra
1437 1084 1591 1132 variis

515 1161 853 1210 munimentis
876 1159 1092 1210 defendi
1124 1161 1368 1211 adversus
1393 1161 1585 1211 vindic·

524 1246 627 1287 tam
651 1238 876 1302 Trajani.
913 1239 1063 1288 Idem.

581 1314 862 1367 Subsedisse
900 1315 1105 1379 montes]
1150 1315 1213 1363 In
1254 1321 1477 1378 quatuor
1501 1329 1586 1364 co·

514 1390 723 1439 dicibus
757 1392 889 1440 Mss.
913 1390 1167 1453 scriptum
1192 1396 1274 1438 est
1294 1390 1588 1448 subsidium

515 1468 642 1516 satis
689 1468 1065 1516 convenienter
1114 1467 1382 1531 annalogiae.
1455 1468 1585 1518 Cum

514 1544 654 1593 enirn
696 1543 902 1592 diversa
947 1543 1109 1593 verba
1148 1558 1263 1592 esse
1311 1533 1588 1593 videantur

511 1621 528 1647 ⁸
555 1619 800 1669 subsideo
818 1619 832 1640 ’
856 1627 909 1670 et
945 1621 961 1648 ‘
987 1620 1237 1683 subsido,'
1272 1635 1487 1684 quorum
1523 1622 1584 1670 il·

515 1698 603 1747 lud
630 1698 775 1762 quasi
801 1698 1032 1761 quietem
1058 1698 1190 1760 ejus,
1225 1698 1310 1763 qui
1336 1697 1385 1746 in
1410 1699 1586 1762 aliquo

510 1775 629 1824 loco
667 1783 847 1824 manet
883 1788 944 1823 ac
968 1774 1234 1835 subsistit3
1266 1774 1362 1823 hoc
1387 1784 1585 1826 motum

511 1849 768 1913 quendam
795 1851 930 1913 ejus,
952 1852 1041 1914 qui
1062 1866 1114 1898 se
1137 1851 1353 1900 inclinat
1378 1851 1441 1898 ad
1468 1851 1585 1901 fun-

509 1925 654 1987 dum,
677 1926 756 1973 vel
783 1927 951 1974 locum
984 1924 1295 1989 inferiorem,
1329 1926 1583 1989 denotet;

508 2001 607 2050 hoc
646 2000 798 2049 modo
835 2015 899 2050 ea
935 2015 1035 2050 non
1073 2002 1296 2050 obscure
1321 2016 1350 2050 a
1373 2016 1430 2051 se
1455 2002 1585 2052 invi-

511 2090 624 2127 cem
653 2077 1121 2140 distinguerentur,
1140 2077 1183 2125 si
1207 2076 1412 2141 quidem
1440 2079 1584 2140 prius

510 2168 578 2203 ex
615 2167 672 2204 se
712 2156 1026 2216 produceret
1074 2154 1384 2203 infinitivum
1428 2155 1583 2205 subse·

508 2231 655 2285 disse,
678 2230 797 2295 hoc,
816 2231 952 2295 quod
977 2231 1225 2293 praesenti
1247 2232 1358 2280 loco
1383 2245 1588 2280 accom-

508 2305 777 2354 modatum
824 2313 924 2361 est,
966 2306 1235 2355 subsidisse.
1330 2307 1586 2371 Equidem

508 2383 770 2433 Priscian.
797 2394 856 2432 x.
883 2398 935 2447 p.
960 2387 1076 2432 889.
1102 2393 1155 2433 et
1181 2387 1294 2433 893.
1321 2384 1503 2445 tradit,
1527 2400 1585 2434 se

510 2461 576 2510 ab
616 2476 701 2522 eo,
740 2462 875 2525 quod
917 2470 995 2510 est
1033 2462 1050 2488 ⁸
1078 2461 1227 2523 sido,’
1261 2462 1585 2524 praeteritum

508 2552 612 2587 non
638 2539 934 2597 invenisse3
968 2545 1022 2586 et
1041 2538 1191 2601 liujus
1216 2540 1331 2586 loco
1349 2538 1588 2600 usurpari

508 2615 836 2676 preteritum
865 2614 1011 2663 verbi
1035 2616 1050 2642 ⁸
1078 2613 1273 2676 sedeo,'
1299 2613 1347 2661 id
1375 2622 1454 2663 est
1472 2620 1584 2663 ‘se-

510 2689 607 2737 di.'
640 2688 912 2749 Attamen,
935 2703 1050 2737 cnm
1077 2689 1399 2737 nibilominus
1422 2690 1582 2738 asim·

507 2767 634 2828 plici
661 2766 821 2814 verbo
845 2767 860 2793 ‘
887 2765 1002 2814 sido
1022 2764 1035 2786 '
1060 2765 1349 2814 Columella
1375 2779 1477 2814 xri.
1501 2771 1585 2815 24.

505 2841 819 2892 formaverit
853 2843 869 2871 ⁴
898 2841 1123 2902 siderit,’
1160 2856 1261 2890 uon
1297 2842 1449 2891 video
1488 2858 1583 2892 cur

508 2932 613 2967 non
655 2925 713 2968 et
743 2918 1090 2980 compositum
1127 2915 1338 2966 formari
1373 2917 1584 2974 debeat,

510 3003 526 3024 ¹
548 2993 871 3056 subsiderit‚'
893 3000 948 3041 et
971 2994 1022 3042 in
1040 2991 1294 3042 infinitivo
1309 2994 1583 3045 subsidisoe.

509 3072 630 3123 Qus
642 3070 707 3119 de
721 3085 796 3132 re,
812 3071 853 3118 si
870 3069 1033 3134 lubet,
1047 3070 1190 3118 adire
1210 3071 1329 3120 licet
1349 3071 1583 3120 Brouck-

508 3149 624 3198 hus.
663 3146 727 3195 ad
768 3148 1017 3210 Propert.
1056 3159 1146 3194 ιιι.
1183 3150 1232 3194 7.
1269 3150 1351 3193 37.
1374 3155 1427 3195 et
1452 3147 1584 3194 Bur-

509 3239 648 3274 man.
672 3223 736 3271 ad
763 3225 985 3273 Petrou.
1010 3238 1127 3285 cap.
1151 3227 1233 3272 96.
1259 3237 1310 3286 p.
1333 3227 1449 3271 458.
1484 3223 1583 3273 Ce-

512 3308 703 3362 terum,
743 3299 942 3349 Orator
977 3308 1155 3348 noster
1195 3300 1292 3348 hoc
1331 3300 1447 3348 loco
1477 3306 1582 3348 tam

508 3374 698 3426 florido
720 3376 929 3425 dicendi
957 3390 1148 3439 genere
1176 3377 1364 3436 utitur,
1401 3385 1457 3424 ut
1496 3377 1582 3426 vix

510 3451 888 3515 ποιητικωτέρως
920 3453 1050 3503 lianc
1089 3452 1387 3502 ὑποτύπωσιν
1408 3454 1584 3516 expri-

509 3544 656 3579 mere
710 3531 944 3595 potuerit
1002 3530 1274 3578 Claudian.
1318 3528 1384 3576 de
1426 3529 1582 3578 Cons.

510 3605 714 3657 Honor.
741 3622 814 3656 vs.
837 3610 950 3656 los.
974 3621 1118 3670 seqq.
1139 3622 1153 3654 ε
1189 3607 1204 3633 ‘
1223 3605 1469 3654 Extruite
1490 3606 1583 3655 irn-

510 3697 685 3732 manes
746 3683 1023 3746 scopulos;
1085 3682 1312 3732 attollite
1375 3689 1583 3743 turres;

512 3759 722 3821 cingite
767 3772 858 3806 vos
890 3756 1098 3818 fluviis3
1138 3764 1310 3807 vastas
1335 3759 1584 3823 opponite

510 3836 705 3897 silvas3
740 3835 1042 3897 Garganum
1086 3833 1309 3898 Alpinis,
1352 3835 1584 3899 Appeni-

510 3927 738 3975 numque
779 3911 1021 3973 nivalem,
1072 3911 1340 3961 Permistis
1385 3913 1584 3963 sociate

503 3989 668 4051 jugis,
690 3993 746 4036 et
769 3987 981 4049 rupibus
1005 3986 1207 4036 AEmum
1232 3987 1427 4038 Addite
1450 3990 1584 4040 Cau·

512 4065 698 4123 casiis3
736 4063 989 4113 involvite
1013 4061 1197 4113 Pelion
1237 4064 1419 4113 Ossae:
1461 4067 1582 4116 Non

511 4142 706 4191 dabitis
731 4154 928 4189 murum
958 4140 1178 4201 sceleri3
1212 4141 1298 4205 qui
1335 4143 1582 4200 vindicet.

511 4218 645 4267 ibit:
682 4217 875 4268 Omnia
888 4215 1162 4269 subsident
1179 4219 1374 4270 meliori
1398 4223 1582 4285 pervia

507 4293 744 4347 caussae.’
780 4295 932 4344 Iden.

1230 405 1449 453 NOTAE.
1500 404 1903 455 vA-Rtonum
1960 405 2037 453 ΙΝ

1736 549 2054 610 Inter-ceptum
2076 547 2226 611 mare]
2262 548 2294 597 i.
2320 562 2367 597 e.
2394 549 2475 598 vel
2512 548 2735 611 quodam

1672 624 1867 671 telluris
1891 623 2034 672 hiatu
2052 625 2374 688 absorptum,
2394 625 2473 672 vel
2499 633 2631 674 aestu
2653 641 2738 675 re-

1667 701 1905 760 cedente,
1931 707 2021 749 aut
2052 701 2299 750 miraculo
2326 700 2565 765 q‘uodam,
2588 704 2737 765 quasi

1670 791 1927 840 aversum,
1964 787 2019 827 et
2058 794 2086 826 e
2124 778 2293 828 medio
2329 779 2602 828 sublatum.
2667 779 2736 829 ln

1669 856 1822 904 unico
1845 856 1978 904 libro
2011 857 2283 913 Vossiano,
2306 857 2421 905 loco
2446 857 2593 919 liujus
2620 871 2737 918 par·

1669 931 1854 994 ticipii,
1904 940 2205 981 annotatum
2259 940 2338 981 est
2395 935 2735 995 interruptum.

1668 1007 1823 1058 Quod
1859 1006 2078 1058 fortasse
2112 1021 2175 1057 ex
2214 1010 2386 1072 glossa
2419 1017 2597 1059 natum
2637 1016 2736 1059 est.

1668 1081 1965 1147 Aliquando
1991 1085 2127 1134 enim
2148 1086 2501 1149 ‘intercipere
2518 1084 2532 1105 ’
2553 1093 2608 1134 et
2627 1087 2642 1112 ‘
2659 1087 2737 1135 iu·

1667 1168 1992 1222 terrumpere
2008 1159 2023 1181 ’
2043 1161 2179 1209 idem
2199 1162 2405 1224 valent5
2442 1177 2489 1211 v.
2509 1176 2558 1225 g.
2572 1176 2736 1227 quan-

1666 1234 1732 1282 do
1764 1236 2012 1286 Quinctil.
2037 1236 2212 1285 Instit.
2236 1241 2384 1286 wat.
2409 1236 2566 1298 dixit,
2588 1238 2603 1265 ‘
2625 1236 2736 1286 Ob·

1664 1320 1933 1374 strepente
1950 1314 2144 1375 ingenti
2165 1315 2390 1363 clamore
2410 1315 2606 1364 medios
2627 1329 2736 1366 ser-

1665 1402 1843 1437 mones
1863 1389 2176 1451 intercipere
2193 1389 2236 1451 ;‘
2270 1389 2320 1438 id
2343 1391 2483 1440 Caes.
2503 1391 2567 1439 de
2587 1392 2735 1442 Bello

1668 1463 1781 1512 Civ.
1821 1478 1909 1513 ιιι.
1949 1469 2027 1513 19.
2061 1464 2287 1525 dixerat,
2312 1465 2734 1530 ‘interrumpere

1664 1540 1886 1589 mediam
1910 1540 2239 1590 orationem.'
2276 1542 2471 1591 Verum
2498 1543 2594 1591 boc
2619 1544 2737 1593 loco

1665 1618 1856 1666 rectius
1901 1619 2157 1667 retinetur
2192 1618 2352 1667 lectio
2397 1618 2461 1668 ab
2498 1619 2735 1670 omuibus

1663 1692 1932 1757 bucusque
1955 1695 2220 1758 evulgata,
2243 1702 2298 1745 et
2332 1709 2470 1744 nuuc
2496 1697 2734 1747 codicum

1665 1768 1793 1817 Mss.
1832 1767 2089 1834 suffragiis
2136 1772 2490 1834 comprobata.
2556 1774 2736 1831 Certe,

1665 1847 1781 1909 plus
1822 1861 1932 1896 esse
1971 1847 2192 1903 videtur.
2230 1863 2367 1898 mare
2402 1850 2733 1915 interceptum,

1661 1935 1813 1986 quam
1828 1921 2163 1985 interruptum,
2180 1923 2221 1972 si
2243 1924 2450 1986 quidem
2468 1925 2734 1976 Donatum

1662 1997 1946 2045 audiamus.
2012 1998 2114 2047 Ubi
2158 1999 2293 2047 euim
2337 2000 2555 2049 Terent.
2599 2002 2734 2052 Eun.
2776 2058 2780 2062 ,

1663 2085 1700 2119 ι.
1727 2077 1770 2122 1.
1794 2077 1874 2122 35.
1897 2075 1988 2137 ait,
2023 2073 2039 2101 ‘
2064 2074 2216 2126 Quod
2243 2089 2334 2124 nos
2365 2089 2555 2138 capere
2579 2088 2734 2139 opor·

1663 2155 1758 2204 tet,
1794 2150 1902 2199 baec
1926 2149 2252 2215 intercipit3'
2286 2151 2356 2200 ibi
2382 2152 2617 2201 Donatus
2641 2154 2737 2217 ait,

1661 2227 1676 2252 ‘
1706 2225 2054 2288 intercipere'
2094 2240 2210 2276 esse
2245 2228 2261 2256 ⁸
2290 2234 2456 2277 totum
2498 2229 2734 2291 capere.'

1659 2298 1985 2363 luceru-uptam
2000 2317 2129 2350 mare
2146 2304 2354 2366 proprie
2370 2311 2529 2365 esset,
2544 2305 2594 2354 in
2610 2319 2732 2370 quo,

1659 2376 1885 2439 exempli
1904 2378 2088 2437 gratis,
2103 2380 2274 2426 subito
2295 2379 2522 2428 existant
2545 2396 2737 2439 arene,

1660 2461 1750 2501 anit
1787 2454 1999 2515 insul-23
2034 2469 2322 2518 quanquam
2363 2467 2418 2506 et
2455 2467 2580 2508 tuuc
2603 2474 2734 2512 mure

1658 2529 1969 2591 interceptum
1993 2529 2096 2578 dici
2138 2540 2333 2593 posset,
2357 2542 2512 2596 prout
2537 2535 2736 2585 Mosel-

1662 2605 1761 2653 lam
1800 2622 1875 2657 νει.
1915 2612 1997 2657 85.
2037 2622 2180 2672 seqq.
2215 2609 2291 2659 sic
2317 2612 2598 2676 alloquitur
2623 2612 2736 2663 Au·

1662 2683 1872 2732 sonius:
1932 2684 1946 2710 ⁸
1984 2685 2106 2733 Non
2150 2695 2432 2749 superante
2476 2690 2608 2739 vado
2649 2706 2736 2741 ra·

1662 2762 1808 2824 pidos
1846 2776 2077 2812 remeare
2125 2773 2322 2815 meatus
2364 2767 2595 2828 Cogeris,
2640 2783 2733 2818 ex·

1663 2847 1833 2887 tantes
1885 2841 2055 2888 medio
2116 2855 2217 2889 nou
2276 2856 2487 2905 aequore
2540 2852 2732 2908 terras,

1663 2914 1999 2979 Interceptus
2038 2917 2236 2977 habes;
2280 2917 2409 2980 justi
2448 2932 2514 2967 ne
2553 2918 2732 2970 demat

1660 2991 1906 3041 bonorem
1944 2993 2195 3049 Nominis,
2233 2994 2504 3044 exclusum
2532 2995 2574 3043 si
2599 2996 2733 3046 diri-

1659 3067 1750 3116 dat
1777 3068 1940 3116 insula
1961 3066 2192 3119 flumen!
2249 3072 2336 3120 Sic
2361 3084 2481 3121 vero
2504 3072 2734 3123 Alexan·

1660 3145 1757 3193 der
1771 3146 1846 3194 M.
1859 3159 1997 3194 mare
2015 3146 2551 3210 Pamphyliummat·
2568 3158 2732 3200 aestus

1662 3221 2099 3285 reciprocatione,
2155 3225 2303 3287 quiesi
2359 3225 2733 3290 interceptum,

1661 3312 1775 3346 cum
1801 3301 2037 3347 exercitu
2063 3300 2326 3350 transiisse
2362 3300 2557 3351 dicitur
2586 3303 2732 3354 Stra-

1661 3374 1781 3423 boni
1810 3375 1901 3426 lib.
1927 3388 2049 3425 xw.
2085 3389 2206 3439 pag·
2226 3381 2343 3425 468.
2412 3378 2480 3426 Et
2504 3377 2729 3431 fortasse

1661 3458 1785 3499 tunc
1809 3453 1961 3499 etiam
1996 3467 2126 3501 mure
2159 3452 2472 3514 interceptum
2504 3454 2608 3504 dici
2635 3470 2728 3519 po—

1662 3526 1865 3588 tuisset,
1890 3528 1976 3577 ubi
2006 3525 2239 3577 historici
2277 3528 2341 3578 de
2379 3530 2560 3580 Xerxe
2585 3532 2730 3595 ejus-

1660 3616 1761 3666 que
1807 3606 2066 3667 exercitu‚
2108 3619 2202 3666 per
2247 3605 2518 3667 ὑπερβολὴν
2553 3622 2731 3659 narra-

1662 3693 1805 3740 vere,
1837 3680 1973 3745 quod
2012 3679 2223 3730 flumina
2252 3682 2484 3748 siccarit,
2507 3695 2563 3733 et
2601 3684 2738 3736 Hel-

1660 3758 1951 3821 lespontum
1992 3757 2066 3807 ita
2099 3757 2318 3808 navibus
2350 3761 2635 3823 operuerit,
2670 3770 2731 3813 ut

1661 3835 1921 3898 Europam
1937 3835 2175 3897 junxerit
2197 3833 2356 3885 Asiae.
2389 3836 2541 3887 Idm.

1727 3910 2072 3974 Interceptus-J
2143 3911 2189 3959 E
2231 3911 2404 3960 medio
2446 3913 2728 3966 sublatum.

1660 3987 1796 4048 Lips.

1729 4061 2068 4126 Terrastpm]
2105 4062 2270 4113 Quasi
2307 4063 2466 4114 Italia
2480 4064 2613 4130 jam,
2633 4083 2727 4119 ex-

1658 4140 1815 4204 empti
1858 4154 2062 4198 caussa,
2108 4138 2356 4205 contigua
2398 4141 2595 4195 At'ricae
2636 4155 2729 4198 aut

1657 4216 1875 4280 Illyrico
1896 4223 2054 4266 esset.
2086 4216 2238 4266 Ideni.

1727 4293 1897 4344 Terras
1917 4291 2070 4356 ipsas]
2104 4292 2188 4342 Aa
2213 4293 2459 4359 iutelligit
2488 4298 2724 4350 multitu-
