3060 4902
485 363 619 431 522

494 531 739 587 turn2per
774 521 1077 574 modestiam
1113 523 1351 586 distulit3
1393 528 1557 589 Nero,

494 613 588 663 per
612 607 856 657 oetatem3
891 614 1010 663 quae
1050 600 1254 663 singula
1284 602 1336 650 in
1371 603 1557 651 Sueto·

493 674 579 724 nio
610 677 682 723 ita
712 675 869 737 leges.
938 675 1077 727 Quin
1115 683 1287 725 tamen
1325 678 1558 741 plerique

492 750 582 800 alii
620 752 817 807 statim,
860 765 963 801 non
997 752 1128 800 imus
1164 758 1427 816 negatum,
1465 759 1559 802 aut

492 827 666 876 Plinio
690 829 787 876 hoc
825 836 1083 892 ereptum.
1150 829 1234 879 An
1260 844 1361 880 non
1387 837 1557 879 tamen

492 904 839 966 Capitolinus,
881 904 968 969 qui
1011 906 1084 954 sic
1133 904 1185 955 in
1242 906 1558 956 Pertinace?

489 981 506 1009 ⁸
534 980 742 1031 Primus
777 995 901 1030 sane
935 981 1180 1043 omnium,
1216 994 1278 1030 ea
1314 981 1418 1045 die,
1454 997 1557 1047 qua

489 1054 762 1120 Angustus
793 1066 875 1107 est
909 1059 1222 1122 appellatus,
1261 1059 1417 1108 etiam
1455 1060 1556 1108 Pa·

492 1134 584 1183 tris
608 1135 793 1197 patriae
818 1149 1002 1184 nomen
1028 1133 1266 1198 recepit-⁹
1333 1134 1556 1198 Aperte,

490 1214 549 1260 nt
593 1210 821 1274 videtur,
855 1218 912 1259 et
959 1211 1120 1260 nostri
1156 1213 1436 1274 φιλαρχαΐοι
1471 1212 1554 1261 hic

488 1286 779 1338 obhaerent.
846 1286 1152 1348 Expeditum,
1179 1285 1371 1336 favete.
1436 1287 1555 1352 Aio,

490 1369 655 1412 totum
691 1364 858 1412 locum
883 1370 937 1412 et
959 1364 1360 1427 concipiendum
1384 1364 1556 1420 aliter.

490 1444 544 1490 et
577 1440 921 1489 ordinandum
958 1439 1054 1489 hoc
1089 1438 1279 1489 ruodo:
1312 1443 1329 1468 ⁴
1359 1440 1553 1490 Eadem

490 1514 599 1577 die,
620 1531 722 1580 qua
743 1515 1010 1580 Augustus
1046 1523 1128 1564 est
1161 1516 1474 1579 appellatus,
1497 1526 1556 1566 et

490 1591 671 1641 Flavia
704 1591 933 1651 Titiana,
969 1591 1081 1654 ejus
1127 1606 1277 1653 uxor,
1317 1591 1555 1655 Augusta

489 1673 573 1717 est
593 1669 877 1729 appellata,
899 1669 974 1716 eis
997 1669 1154 1724 horis,
1179 1669 1365 1731 quibus
1387 1671 1475 1719 ille
1500 1670 1552 1718 in

490 1744 743 1807 capitolio
776 1751 900 1792 vota
928 1744 1196 1804 solvebat3
1235 1746 1398 1808 prima
1429 1760 1555 1796 sane

491 1820 718 1869 omnium
763 1833 828 1868 ea
875 1820 982 1879 die,
1029 1835 1130 1885 qua
1166 1820 1435 1884 Augustus
1470 1832 1556 1873 est

490 1895 803 1958 appellatus.
859 1897 1030 1946 Etiam
1060 1898 1232 1947 Patris
1259 1901 1440 1962 patrie
1465 1915 1555 1950 no·

488 1985 606 2020 nien
637 1969 880 2035 recepit.'
947 1974 1116 2024 Quam
1154 1975 1250 2024 levi
1285 1984 1374 2025 aut
1413 1978 1554 2027 nulla

488 2047 888 2109 mutatiuncula,
916 2050 1227 2098 sementiam
1260 2059 1417 2100 totam
1443 2066 1555 2100 tnu-

489 2123 691 2172 tatnusl
742 2131 798 2174 et
840 2138 983 2185 vere,
1027 2127 1260 2189 quamvis
1302 2127 1555 2176 audacter

487 2197 626 2248 dico.
697 2198 815 2248 Non
841 2199 905 2250 de
933 2200 1186 2261 Augusto,
1207 2202 1297 2251 sed
1317 2202 1555 2265 Angusta

487 2274 585 2324 boc
610 2274 867 2330 adfirmat,
893 2278 1110 2340 primam
1136 2277 1319 2328 eodem
1343 2279 1429 2329 die
1453 2281 1551 2331 hoc

487 2365 675 2401 nomen
699 2353 960 2412 sumsisse,
980 2368 1081 2417 quo
1099 2362 1153 2402 et
1177 2357 1412 2406 maritus.
1448 2357 1553 2406 Ex·

487 2428 658 2478 autina
676 2430 897 2488 priorem
914 2431 1196 2496 historiam,
1215 2433 1287 2482 ita
1303 2434 1554 2499 reperies.

489 2506 635 2555 Livia
660 2507 764 2562 illa,
797 2515 913 2570 post
949 2516 1166 2557 mortem
1201 2509 1424 2573 denique
1448 2526 1554 2559 ma·

491 2582 598 2642 riti,
635 2589 649 2610 ⁸
677 2589 988 2632 testamento
1012 2585 1061 2632 in
1087 2599 1271 2634 nomen
1299 2586 1550 2650 Augusta

493 2656 727 2706 adsumta
742 2655 775 2720 ς’
808 2659 944 2722 qnod
986 2659 1199 2709 Tacitus
1234 2670 1290 2711 et
1326 2663 1426 2711 Dio
1461 2664 1552 2713 ad·

487 2731 713 2783 firutant.
784 2733 1072 2799 Agrippina
1096 2737 1321 2801 Claudii,
1344 2740 1551 2804 longule

489 2817 609 2873 post
652 2811 862 2874 nuptias
903 2814 919 2839 ⁸
952 2821 1175 2875 augetur
1208 2825 1552 2876 cognomento

488 2885 781 2949 Augustae·'
812 2887 1049 2938 Tacitus.
1116 2890 1187 2937 Et
1228 2890 1551 2942 Domitianus

485 2964 576 3013 ille
620 2964 893 3028 superbus,
939 2972 1110 3015 tamen
1157 2980 1302 3017 suam
1339 2976 1353 2997 ⁸
1380 2970 1549 3018 altero

487 3037 714 3105 denique
767 3055 902 3090 anuo
951 3043 1299 3092 consalutavit
1350 3043 1551 3108 Augus-

487 3116 642 3163 tam.'
694 3115 990 3166 Suetonius.
1057 3117 1350 3168 Antoninus
1406 3121 1553 3184 Pius,

485 3190 803 3252 aliquamdiu
829 3199 946 3254 post
980 3192 1273 3255 imperium,
1305 3198 1321 3223 ⁸
1350 3196 1551 3246 Fausti·

482 3278 603 3314 nam
651 3265 937 3328 Augustam
985 3269 1242 3330 appellari
1285 3285 1314 3319 a
1364 3282 1549 3323 senatu

487 3339 754 3403 permisit-⁹
823 3340 987 3391 Notes
1020 3343 1180 3406 igitur
1214 3346 1310 3395 hoc
1347 3355 1547 3411 postea,

483 3426 538 3467 et
565 3415 678 3467 fere
702 3433 732 3467 a
753 3426 933 3469 senatu
957 3418 1172 3478 factum,
1209 3437 1382 3488 neque
1406 3425 1546 3474 aliud

486 3495 809 3559 Capitolinus
834 3497 1016 3558 voluit,
1052 3511 1204 3559 quam
1233 3499 1367 3549 bunc
1390 3503 1547 3562 grati·

484 3572 676 3621 ficandi
711 3573 879 3622 studio
904 3589 1206 3639 properum,
1228 3578 1348 3628 dum
1380 3581 1549 3631 Perti·

485 3655 585 3697 n'ax
607 3648 656 3697 in
682 3650 923 3711 capitolio
945 3659 1046 3714 est,
1079 3665 1196 3702 eum
1226 3655 1433 3706 titulum
1462 3673 1548 3709 sc-

486 3724 748 3773 censuisse
774 3725 938 3774 uxori.
969 3726 1104 3789 Lips-

556 3800 713 3855 Esses,
733 3802 1170 3867 antequamfieres]
1201 3804 1235 3854 i.
1256 3821 1306 3855 e.
1326 3822 1469 3859 esses
1493 3825 1551 3861 re

484 3874 618 3939 ipss,
643 3883 922 3940 antequam
946 3875 1097 3928 fieres
1120 3885 1345 3940 nornine,
1383 3886 1549 3948 publi-

483 3964 651 4015 ceque
684 3951 1050 4004 declarareris.
1118 3957 1350 4008 Eandem
1375 3968 1548 4012 tamen

482 4027 797 4077 sententiam
818 4027 929 4091 jam
955 4036 1078 4079 ante
1101 4030 1168 4081 de
1192 4031 1431 4098 Augusto
1459 4053 1551 4087 ex-

487 4103 683 4166 pressit
714 4101 937 4153 Ovidius
979 4104 1118 4155 Fast-
1154 4121 1223 4159 ιι.
1263 4113 1374 4161 127.
1402 4127 1550 4178 seqq.

487 4186 502 4209 ·
525 4180 721 4232 Sancte
745 4181 910 4231 Pater
934 4184 1152 4247 patrie!
1180 4186 1273 4236 tibi
1298 4188 1466 4251 plebs,
1489 4192 1556 4242 tl·

489 4255 543 4306 bi
567 4258 730 4322 curia,
766 4271 953 4311 nomen
981 4257 1098 4312 Hoc
1128 4260 1312 4327 dedit3
1343 4265 1442 4317 hoe
1463 4265 1552 4321 de·

1185 381 1406 430 1401·AE
1455 381 1861 431 vammum
1914 383 1993 432 ΙΝ

1634 524 1803 575 dimus
1848 540 1941 575 nos
1986 526 2083 576 tibi
2121 540 2307 577 nomen
2344 540 2520 592 eques.
2591 527 2698 578 Res

1636 609 1809 652 tamen
1834 610 1955 652 ante
1980 601 2156 652 dedit:
2196 618 2311 652 sero
2339 619 2549 669 quoqne
2574 619 2699 654 vera

1634 678 1793 727 tulisti
1818 678 2074 738 Nomina;
2099 679 2207 742 jam
2232 678 2432 742 pridem
2454 688 2509 729 tu
2533 681 2701 773 Pater

1632 754 1769 802 orbis
1792 767 1924 803 eras.
1927 755 2218 803 ’Schwart-

1699 831 1760 879 In
1783 831 1973 894 animis,
1994 832 2256 891 injudiciis
2277 832 2478 895 nostris]
2516 830 2697 882 Codex

1635 907 1962 969 Parmensis,
1998 908 2187 957 omissa
2223 909 2587 996 praepositione
2627 908 2701 969 in,

1633 984 1810 1044 habet,
1833 984 1961 1033 Eros
1994 999 2121 1034 enim
2151 984 2346 1041 mimis,
2367 998 2475 1034 eins
2494 984 2703 1046 judicii·

1632 1060 1826 1108 nostris.
1892 1059 1997 1108 Sed
2041 1060 2165 1109 nihil
2205 1061 2553 1109 innovandum
2598 1056 2701 1109 est.

1634 1134 1896 1191 Ceterum,
1921 1134 2101 1185 eodem
2134 1135 2245 1185 fere
2276 1136 2428 1186 modo
2465 1136 2700 1199 loquitur

1633 1210 1837 1261 Plinius
1881 1211 2013 1261 infra
2060 1225 2303 1261 mxxxiv.
2345 1216 2399 1261 8.
2448 1221 2463 1242 ‘
2499 1213 2697 1275 Digna

1632 1295 1754 1335 sunt
1795 1302 1911 1351 quae
1953 1288 2004 1336 in
2043 1289 2223 1336 animis
2258 1288 2448 1336 nostris
2493 1295 2554 1337 et
2590 1289 2700 1337 sint

1633 1372 1685 1413 et
1709 1363 2001 1414 habeantur
2027 1364 2309 1429 Augusta,
2334 1367 2456 1430 quia
2478 1379 2585 1418 non
2611 1380 2699 1415 vo·

1631 1440 1851 1491 cantur-⁹
1886 1442 2037 1491 Idem.

1696 1518 1897 1567 Patrem
1916 1519 2242 1584 experiretur]
2277 1519 2325 1568 1.
2347 1532 2398 1567 e.
2423 1526 2697 1582 paternum

1635 1603 1779 1643 tuum
1818 1595 2060 1655 animum,
2094 1605 2470 1660 paternamque
2501 1610 2698 1651 curant.

1633 1687 1724 1720 usn
1748 1683 2084 1735 cognosceret
2119 1683 2275 1737 atque
2311 1675 2550 1722 sentiret.
2617 1674 2699 1723 Si·

1631 1749 1825 1798 militer
1858 1750 2086 1815 loquitur
2124 1751 2323 1799 Plinius
2361 1749 2696 1811 infr-‚xxva

1629 1828 1678 1875 8.
1711 1824 1821 1873 ‘Ut
1850 1826 1960 1889 jam
2001 1827 2122 1875 iude
2159 1828 2223 1876 ab
2254 1824 2473 1875 infantia
2507 1840 2695 1890 parena-

1632 1909 1735 1952 tem
1760 1904 2021 1967 publicum
2043 1918 2253 1953 munere
2270 1904 2593 1953 educationis
2608 1919 2696 1954 ex-

1633 1980 1961 2042 perirentur-⁸
2030 1981 2098 2030 Et
2137 1980 2309 2044 Epist.
2329 1994 2383 2031 ν.
2420 1985 2466 2029 1.
2499 1988 2515 2011 ‘
2540 1982 2614 2031 Ut
2640 1989 2695 2033 te

1630 2056 1912 2106 coheredes
1950 2058 2050 2107 mei
2086 2057 2494 2108 tractabiliorem
2534 2073 2696 2123 exps—

1630 2132 1872 2183 riantur.’
1911 2135 2061 2184 Idem.

1695 2209 1931 2272 Exerces]
1955 2211 2075 2260 Scio
2093 2210 2551 2275 quidem,verbum
2574 2212 2597 2241 θ
2609 2227 2698 2263 ex·

1631 2286 1849 2336 ercere’
1885 2288 1948 2336 ad
1986 2289 2150 2337 varias
2182 2304 2262 2338 res
2298 2291 2470 2339 solere
2495 2298 2695 2340 socom*-

1630 2361 1869 2423 modat·i;
1905 2369 2138 2412 attamen
2167 2364 2280 2412 haec
2312 2364 2557 2428 loquendi
2591 2364 2697 2414 for·

1631 2438 1787 2501 mula,
1822 2444 1837 2467 ‘
1854 2454 2103 2488 exercere
2126 2455 2310 2489 nomen
2330 2440 2533 2505 patris‚'
2550 2442 2694 2497 mihi,

1631 2517 1808 2565 nescio
1854 2517 2131 2578 quomodo,
2175 2518 2347 2580 paullo
2391 2518 2696 2569 insolentior

1632 2594 1736 2641 visa
1762 2600 1861 2641 est.
1931 2593 2068 2642 Hinc
2085 2594 2401 2656 cogitabam,
2417 2608 2482 2643 an
2506 2592 2697 2645 fortas·

1629 2685 1683 2718 se
1706 2670 1920 2719 verbum
1941 2669 2041 2720 hoc
2070 2671 2340 2734 irrepserit
2365 2686 2458 2734 pro
2482 2686 2696 2735 exerere,

1629 2746 1740 2795 sive
1776 2761 2028 2804 emerem,-
2062 2746 2099 2795 i.
2136 2761 2183 2795 e.
2222 2746 2515 2803 ostendere,
2546 2747 2695 2797 exhi-

1630 2823 1774 2884 bere,
1797 2821 1937 2873 facto
1960 2824 2073 2885 ipso
2101 2820 2389 2885 declarare,
2421 2837 2696 2885 promere-5

1632 2907 1785 2960 prout
1812 2898 1947 2949 Plin.
1970 2899 2140 2960 Epist.
2165 2911 2290 2946 vnt-
2310 2903 2360 2947 7.
2393 2903 2407 2927 ‘
2430 2899 2695 2956 Exeram,'

1628 2975 1820 3037 iuquit,
1856 2976 1940 3025 ‘in
1985 2973 2171 3024 librum
2219 2982 2362 3025 tuum
2402 2976 2512 3038 jus,
2552 2979 2693 3041 qnod

1628 3050 1852 3101 dedisti?
1932 3051 2180 3102 Crebrius
2220 3059 2397 3101 autem
2444 3053 2543 3102 ista
2588 3055 2693 3104 duo

1628 3129 1791 3178 verba
1854 3135 1870 3158 ⁸
1890 3126 2172 3179 exercere'
2205 3136 2260 3178 et
2307 3136 2323 3159 ‘
2346 3143 2567 3179 exerere
2589 3128 2602 3149 '
2637 3130 2690 3179 in

1627 3204 1854 3269 antiquis
1880 3204 2025 3253 libris
2049 3206 2188 3255 inter
2210 3195 2269 3254 se*
2286 3213 2407 3254 sunt
2431 3215 2696 3268 permuta·

1628 3287 1699 3331 ta.
1764 3281 1866 3337 Ita,
1905 3296 2021 3330 cum
2063 3291 2219 3331 antea
2263 3282 2402 3343 apud
2439 3283 2693 3334 Quinctil.

1628 3358 1762 3407 Inst.
1802 3358 1899 3408 Or.
1935 3371 2012 3406 tv.
2050 3361 2097 3406 1.
2129 3358 2178 3406 in
2209 3357 2366 3407 editis
2411 3358 2696 3422 legeretur,

1625 3433 1873 3483 ‘Fiducia
1914 3448 1970 3483 se
2020 3434 2133 3495 ipsa
2181 3433 2393 3483 nimium
2438 3448 2691 3484 exercere

1624 3524 1727 3559 non
1753 3509 1914 3573 debet
1931 3508 1964 3571 ς’
1987 3509 2099 3573 jain
2120 3510 2465 3564 Passeratius,
2484 3509 2694 3559 Philan-

1624 3586 1739 3648 der,
1769 3587 2086 3649 Obreclttus,
2124 3593 2180 3635 et
2220 3586 2300 3637 cl.
2344 3586 2692 3644 Burmannus.

1623 3661 2069 3723 demonstrarunt,
2107 3661 2380 3723 legendum
2421 3676 2537 3710 esse
2567 3662 2690 3712 ‘ex-

1625 3737 1838 3790 serete.'
1901 3738 2055 3801 Apud
2102 3739 2256 3788 eliud.
2291 3739 2445 3788 Deci.
2488 3752 2616 3788 xm.
2641 3745 2694 3791 6.

1625 3813 1691 3863 ab
1734 3814 1847 3863 aliis
1887 3814 2155 3878 vulgatum
2197 3821 2336 3873 erat,
2384 3822 2401 3847 ⁸
2425 3815 2691 3869 Exercete

1625 3891 1923 3940 libertatem
1950 3889 2169 3940 fortibus
2193 3889 2403 3941 'ethim'
2470 3891 2580 3943 Hic
2603 3894 2692 3944 lti-

1625 3965 1742 4016 dem
1779 3966 2100 4029 Obrechtus,
2142 3973 2199 4015 et
2232 3981 2368 4016 nuuc
2406 3968 2691 4021 celeberri-

1626 4056 1739 4092 mus
1773 4043 2102 4092 Burmannus
2137 4042 2328 4104 edidit,
2361 4042 2594 4096 ‘exerite
2626 4047 2690 4097 li·

1625 4117 1920 4172 heruteu:
1967 4118 2003 4166 i.
2021 4131 2070 4167 e.
2090 4117 2267 4167 verbis
2295 4116 2517 4171 fortibus
2547 4130 2605 4169 et
2629 4122 2694 4170 li-

1625 4193 1766 4244 beris
1788 4191 2070 4243 ostendite.
2119 4192 2471 4244 Conferantur
2494 4197 2693 4249 Quine-

1627 4269 1706 4320 til.
1723 4269 1876 4323 Deol.
1889 4281 2090 4323 conv.
2123 4269 2329 4322 Seneea
2344 4270 2411 4322 de
2430 4271 2688 4326 clement.
