3060 4902
752 342 814 386 G.
862 336 1100 388 Ptimu
1153 336 1482 387 SECUNDI
1541 338 1812 387 PANEG.

310 483 398 534 illa
430 481 639 532 scilicet
673 482 888 546 egregia
925 481 1173 544 laudatio,
1205 483 1373 531 Tanto

308 560 531 610 melior!
589 574 653 607 ne
707 573 802 621 ego
847 558 1053 623 quidem
1105 558 1374 609 intellexi-⁹

309 638 514 688 Seneca
551 636 724 699 Epist.
760 639 842 685 81.
891 635 1004 684 ‘Ad
1042 637 1257 685 honesta
1297 635 1372 684 ni·

310 721 506 775 tentes,
524 722 716 775 quanto
733 713 890 776 magis
907 712 1255 775 incubuerint,
1278 714 1372 760 mi·

306 804 506 855 nosque
528 789 624 838 sibi
650 789 780 837 vinci
803 803 865 837 ac
890 789 1104 852 strigare
1128 789 1374 850 permise-

309 868 435 925 rint,
469 866 781 930 admirabor,
827 873 881 915 et
917 866 1168 925 clamabo,
1203 867 1372 915 Tanto

308 944 494 994 melior
525 945 539 992 l
607 944 795 1004 Surge,
831 950 884 991 et
921 941 1154 1005 respira!
1223 941 1371 991 Idem

310 1023 377 1071 de
410 1020 698 1083 Tranquill.
721 1018 915 1074 Animi,
951 1033 1067 1081 cap.
1094 1022 1171 1067 15.
1208 1026 1222 1048 ⁴
1245 1020 1370 1067 Lau-

309 1099 491 1147 demus
537 1101 695 1147 toties
751 1098 960 1158 dignum
1019 1096 1273 1156 laudibus,
1318 1103 1372 1145 et

310 1175 562 1230 dicamus,
596 1175 764 1222 Tanto
798 1172 1009 1222 fortior!
1057 1174 1227 1220 Tamo
1259 1171 1372 1220 feli·

310 1250 469 1300 eiorl‘
537 1250 754 1298 Petron.
789 1253 1007 1310 cap.69.
1046 1250 1244 1296 ‘Tanto
1268 1263 1372 1296 me·

308 1329 435 1378 liorl
486 1327 652 1390 inquit
691 1327 898 1384 Massa3
933 1325 1071 1374 dono
1113 1326 1206 1373 tibi
1247 1325 1370 1373 cali·

308 1403 436 1469 gu:
506 1403 820 1468 Hujusmodi
852 1400 1069 1451 formula
1095 1400 1371 1464 aliquando

310 1484 464 1532 etiam
519 1483 571 1530 in
629 1480 1062 1544 vituperationem
1114 1480 1371 1528 conve—rti-

310 1567 433 1619 tur;
481 1572 529 1606 v.
566 1574 616 1621 g.
656 1556 792 1620 apud
833 1558 1005 1606 Plaut.
1062 1556 1370 1606 Menaechm.

307 1649 374 1684 ιι.
410 1639 460 1684 3.
495 1638 577 1684 79.
613 1635 813 1683 ‘Tanto
843 1634 1057 1697 nequior
1092 1647 1146 1681 es
1164 1632 1194 1683 l'
1230 1640 1283 1682 et
1317 1633 1368 1682 in

311 1712 481 1762 Stich.
527 1726 581 1759 v.
615 1717 664 1760 5.
708 1716 757 1760 8.
819 1712 835 1738 ‘
861 1712 951 1760 ST.
988 1711 1153 1760 Totus
1199 1712 1371 1762 doleo.

308 1791 404 1841 SA.
434 1790 628 1838 Totus?
692 1790 856 1838 Tanto
901 1789 1133 1838 miserior
1157 1789 1188 1838 !’
1234 1791 1367 1852 apud

309 1867 532 1917 Terent.
571 1865 789 1929 Adelph.
829 1880 908 1916 ιν.
955 1871 1001 1917 1.
1048 1871 1125 1918 12.
1176 1868 1369 1919 ‘Tanto

308 1944 530 2007 nequior
549 1941 581 1990 l’
615 1943 765 1992 Idem.

379 2022 532 2071 Tanto
572 2020 745 2083 παιήων]
798 2020 858 2069 In
912 2020 1270 2071 adhortatione
1315 2033 1369 2074 et

309 2097 735 2161 comprobatione
775 2097 1007 2147 formula.
1068 2100 1154 2148 Sic
1189 2101 1239 2148 in
1281 2102 1371 2149 Se-

308 2187 481 2224 neca:
538 2176 554 2203 ‘
580 2174 854 2238 Multoque
917 2175 1096 2224 audire
1153 2179 1371 2239 mavult,

308 2251 479 2301 Tanto
512 2251 708 2307 melior,
745 2267 896 2314 quam
920 2253 1085 2302 Tanto
1115 2252 1370 2303 felicior:'

309 2338 365 2381 et
388 2331 507 2380 alibi
532 2331 581 2378 in
606 2331 806 2380 eodem.
846 2333 983 2393 Lips.

375 2406 437 2458 Si
462 2423 514 2457 ae
542 2407 638 2471 ipse
663 2407 936 2472 submittat]
968 2408 1031 2458 Se
1054 2411 1151 2472 ipse
1173 2409 1369 2458 submit·

307 2489 382 2534 tat
407 2486 574 2535 Lirin.
610 2485 660 2534 in
702 2495 879 2545 textu3
912 2487 1001 2536 sed
1039 2489 1090 2535 iu
1126 2487 1370 2550 margine,

306 2562 356 2612 si
375 2578 425 2611 se
445 2563 545 2626 ipse
565 2562 814 2611 submittat
839 2563 901 2612 V.
928 2564 987 2613 C.
1010 2564 1078 2614 G.
1112 2565 1174 2613 R.

375 2639 437 2688 Si
478 2655 528 2688 se
567 2640 666 2703 ipse
708 2641 980 2704 submittat]
1032 2642 1273 2690 Heinsius
1319 2640 1370 2690 in

310 2715 576 2781 Panegyr.
612 2717 677 2765 de
716 2719 911 2779 Magno
937 2719 1111 2780 Rege:
1148 2717 1372 2781 ‘majes-

311 2800 475 2843 tatem
503 2804 642 2843 tuam
667 2794 969 2857 submisisti,
989 2803 1043 2844 ut
1068 2794 1372 2844 attolleres!

308 2870 447 2920 Bm·

376 2948 591 3011 Longius
629 2948 777 3007 abest,
813 2948 975 3013 quam]
1027 2949 1181 3005 Quam
1226 2949 1372 2999 abest

308 3024 379 3074 V.
411 3025 574 3075 Liria.

286 3103 296 3114 ’
377 3101 710 3165 Humilitatis]
757 3104 1046 3153 Humilitate
1100 3105 1267 3154 Livin.
1319 3107 1370 3154 in

309 3187 494 3242 textn;
529 3183 618 3230 sed
644 3184 695 3231 in
721 3185 969 3245 margine,
1000 3185 1283 3233 Ιιιιηιὲῑίιιιείε
1306 3186 1368 3234 V.

393 3258 728 3323 Humilitutis]
771 3262 1079 3311 Humilitate.
1147 3264 1371 3312 Humilis

308 3333 471 3384 etiam
502 3337 754 3400 principis
783 3340 1028 3389 altissima
1053 3346 1221 3389 tamen
1250 3355 1369 3389 con·

308 3410 461 3461 ditio.
496 3412 649 3462 Ber-n.

382 3488 537 3543 Quom
557 3489 864 3553 humilitatis]
895 3490 1371 3541 Animadvertimus

199 3632 208 3639 “
309 3564 472 3614 etiam
495 3566 579 3615 hic
607 3570 929 3617 varietatem.
1000 3571 1190 3620 Primae
1223 3570 1372 3620 editi·

308 3656 437 3692 ones
462 3644 734 3693 Puteolani
770 3654 823 3694 et
852 3646 1096 3695 Beroaldi
1120 3648 1372 3696 inutiliter

307 3721 507 3771 habent
535 3738 673 3786 qnam
700 3723 960 3772 humilitas.
1030 3724 1372 3780 Philomnsus,

309 3797 546 3861 nimium,
568 3808 628 3848 ut
650 3801 853 3862 opinor,
884 3815 1096 3849 acumen
1133 3811 1372 3863 captans,

311 3873 482 3924 edidit
523 3891 660 3939 quum
694 3875 754 3924 ab
786 3875 1055 3926 humililate
1091 3877 1375 3926 humilitas!

309 3951 606 4009 Quaeris,
643 3952 826 4008 Aldus,
857 3953 1222 4016 crispinianus»,
1257 3955 1371 4003 Ste-

310 4029 486 4093 phani,
525 4030 811 4093 Grypliius,
835 4030 1133 4094 Ascensum,
1165 4032 1372 4081 Sir-har-

311 4104 427 4162 dus,
455 4106 797 4169 Boxhoruius,
823 4116 878 4157 et
908 4109 1013 4171 alii,
1035 4125 1171 4171 quam
1201 4109 1260 4158 ab
1288 4110 1371 4157 liu·

309 4184 532 4235 militam
571 4184 791 4248 Rejecta
814 4194 983 4235 autem
1009 4187 1374 4250 praepositione

1894 341 1946 389 1.
1976 324 2083 389 71.
2382 327 2513 392 927

1447 481 1526 543 ab,
1566 482 1877 546 simpliciter
1911 481 2109 533 habent
2151 496 2289 546 quma
2323 482 2512 533 hamili-

1447 559 1581 615 tatis,
1622 559 1831 608 codices
1865 560 2126 621 Vaticani,
2169 559 2512 623 parisienses,

1447 635 1658 698 Veneti,
1695 635 2110 700 salisburgensis,
2145 635 2513 700 Guelpherby·

1449 719 1619 768 tanus,
1673 712 1913 775 Livineii,
1967 728 2131 777 meus,
2186 719 2241 761 et
2297 714 2513 763 Patavi-

1446 802 1542 836 nus
1582 804 1599 848 ς
1674 797 1830 852 atque
1898 790 1949 837 in
2029 790 2290 852 impressis
2364 791 2510 840 libris

1447 866 1741 922 Rhenanus,
1788 867 2066 930 Gruterus,
2109 868 2390 924 Puteanus,
2427 870 2510 918 De

1445 943 1495 991 la
1511 943 1717 1007 Baune‚
1740 943 1973 1006 Patarol,
1997 943 2337 1004 Arutzenius;
2360 959 2510 1009 quam

1446 1019 1728 1069 lectionem
1766 1021 1923 1068 etiam
1959 1022 2081 1070 stilo
2119 1020 2359 1070 Pliniano
2398 1036 2508 1083 prae

1447 1097 1640 1144 ceteris
1709 1098 2182 1146 convenientiorem
2240 1097 2511 1157 existimo;

1448 1185 1743 1236 quanquam
1783 1182 1836 1221 et
1877 1173 1964 1221 illa
2005 1174 2244 1230 varietas,
2267 1188 2419 1237 quarn
2458 1174 2508 1221 in

1448 1247 1797 1313 Plautiniana,
1820 1249 2256 1312 Berneggeriana,
2282 1249 2509 1298 Hackia·

1448 1339 1533 1386 na,
1555 1333 1609 1373 et
1638 1325 1772 1374 forte
1797 1326 1910 1374 aliis
1936 1325 2238 1390 quibusdam
2274 1326 2509 1375 editioni-

1449 1401 1541 1450 bus
1557 1401 2159 1468 depreliendimus,quom
2181 1405 2241 1451 ab
2264 1404 2509 1453 humilita-

1446 1481 1528 1535 tis,
1551 1479 1753 1530 admitti
1770 1482 1947 1543 possit,
1965 1482 2060 1530 nisi
2075 1482 2282 1530 codices
2302 1483 2428 1530 Mss.
2442 1484 2508 1530 si·

1445 1556 1497 1606 bi
1522 1556 1839 1619 refragantes
1863 1557 2072 1607 habeat.
2118 1560 2313 1607 Tritum
2336 1568 2507 1608 autern

1446 1639 1548 1687 est,
1568 1638 1581 1660 ‘
1609 1633 1911 1683 humilitatis
1937 1633 1952 1654 '
1986 1648 2168 1683 nomen
2208 1636 2346 1699 apud
2390 1649 2508 1699 pro·

1445 1710 1583 1759 batae
1610 1712 1904 1761 Latinitatis
1930 1721 2169 1762 auctores
2195 1713 2243 1760 in
2270 1713 2394 1762 vitio
2418 1729 2507 1776 po·

1444 1790 1518 1851 ni,
1536 1797 1784 1852 quatenus
1809 1804 1903 1852 pro
1931 1791 2099 1839 auimo
2120 1790 2343 1854 dijecto,
2373 1790 2508 1840 frac-

1446 1872 1520 1926 to,
1540 1873 1595 1915 et
1621 1866 1817 1922 timido,
1838 1871 2131 1930 usurpatur,
2148 1868 2380 1931 adeoque
2399 1870 2509 1917 ani·

1445 1954 1528 1989 mo
1545 1954 1730 2007 magno
1752 1952 1806 1992 et
1830 1945 2036 1993 excelso
2058 1945 2355 2008 opponitur.
2402 1946 2507 1995 Un-

1445 2017 1511 2067 de
1550 2019 1661 2070 Cic.
1696 2019 1850 2071 Offic.
1875 2036 1963 2072 ιιι.
1985 2026 2066 2072 32.
2088 2023 2187 2072 ista
2208 2025 2473 2088 conjungit
2496 2042 2509 2074 :

1447 2097 1463 2123 ‘
1490 2096 1832 2160 Perspicuum
1856 2108 1958 2163 est,
1977 2115 2092 2163 qnae
2118 2101 2297 2150 timido
2325 2103 2509 2158 animo,

1445 2171 1640 2234 humili,
1663 2173 1900 2231 demisso,
1923 2175 2214 2240 fractoque,
2247 2176 2410 2238 fiant;
2435 2211 2449 2227 .
2468 2211 2479 2225 .
2499 2208 2514 2224 .

1446 2264 1547 2298 non
1589 2265 1702 2299 esse
1743 2252 1912 2310 utilia,
1949 2253 2068 2315 quia
2104 2253 2208 2300 sint
2239 2250 2509 2314 flagitiosa,

1442 2325 1597 2383 foeda,
1624 2327 1830 2391 turpia-⁹
1885 2327 1957 2377 At
1975 2328 2113 2391 apud
2136 2329 2385 2392 sequioris
2409 2332 2506 2379 evi

1443 2405 1747 2469 scriptores,
1762 2413 1814 2455 et
1834 2405 2152 2470 potissimum
2170 2406 2508 2468 ChristianoS,

1440 2483 1754 2533 ‘humilitas’
1778 2483 1999 2533 habetur
2025 2498 2117 2547 pro
2143 2484 2353 2541 virtute,
2389 2500 2504 2547 quas

1442 2570 1740 2623 opponatur
1772 2560 2030 2623 superbiae
2065 2568 2117 2610 et
2140 2560 2316 2618 fastui,
2340 2570 2394 2610 et
2417 2563 2507 2610 ali-

1443 2637 1567 2701 quid
1594 2638 1707 2700 plus
1743 2646 1910 2694 notat,
1936 2653 2087 2704 qnam
2124 2639 2287 2687 solum
2320 2653 2506 2687 nomen

1443 2716 1458 2743 ‘
1476 2715 1785 2766 modestioe!
1821 2715 1954 2765 Vide
1980 2717 2258 2765 Cellarium
2283 2716 2333 2764 in
2358 2716 2508 2765 Anti·

1445 2792 1591 2842 barb.
1617 2808 1739 2856 pag.
1765 2796 1876 2842 178.
1900 2792 2022 2841 etin
2044 2792 2197 2842 Curis
2220 2794 2506 2841 Posterior.

1448 2885 1499 2931 p.
1518 2874 1636 2919 244.
1663 2878 1824 2928 atque
1855 2869 2151 2918 Heumann.
2176 2870 2358 2919 Poecil.
2385 2879 2508 2919 tom.

1446 2960 1485 2993 1.
1510 2946 1602 2995 lib.
1626 2960 1710 2993 ιιι.
1737 2959 1788 3007 ρ.
1811 2949 1926 2993 427.
1982 2943 2062 2993 Cf.
2091 2945 2309 2993 Excurs.
2340 2958 2413 2993 iv.
2440 2949 2505 2992 ad

1446 3037 1522 3072 tv.
1545 3029 1594 3072 5.
1630 3030 1644 3050 ‘
1675 3022 1885 3071 Humile
1906 3020 1919 3040 '
1944 3029 2117 3069 autem
2146 3021 2355 3083 proprie
2378 3022 2505 3069 dici·

1448 3109 1553 3161 tur,
1569 3099 1703 3164 quod
1718 3099 1856 3147 hunni
1876 3096 2078 3146 declive
2097 3106 2302 3157 est,nec
2326 3114 2379 3146 se
2400 3106 2505 3145 ter-

1445 3192 1501 3225 ra
1541 3178 1693 3225 altius
1739 3177 1919 3224 tollere
1960 3183 2170 3238 potest;
2216 3174 2402 3223 deinde
2441 3176 2503 3223 ad

1447 3255 1568 3313 alia,
1591 3261 1646 3302 et
1672 3254 1889 3301 maxime
1909 3252 1973 3299 ad
1998 3251 2241 3313 animum,
2266 3251 2506 3302 refertur.

1447 3330 1689 3379 Schwarz.

1511 3407 1724 3456 Intentio
1743 3404 1870 3468 ejus]
1906 3404 1968 3453 In
2001 3403 2180 3453 codice
2218 3418 2332 3454 meo
2356 3405 2507 3454 omis·

1447 3500 1558 3533 sum
1584 3493 1662 3533 est
1690 3497 1975 3547 pronomen
1999 3481 2133 3542 ἠως
2166 3482 2302 3547 quod
2328 3491 2379 3530 et
2403 3481 2505 3531 for·

1448 3570 1584 3612 tasse
1601 3562 1782 3610 abesse
1806 3568 2029 3625 poterat,
2047 3561 2086 3607 si
2111 3561 2272 3622 ipsius
2294 3561 2505 3623 Trajani

1448 3641 1809 3694 intentionem,
1864 3638 1975 3688 sive
2028 3637 2207 3700 ingens
2261 3637 2507 3697 studium,

1447 3731 1793 3781 magnumque
1808 3717 1972 3765 nisum
1987 3714 2374 3764 commendandi
2388 3728 2506 3762 can·

1447 3796 1671 3854 didatos,
1693 3795 1970 3856 intelligas.
2038 3791 2110 3840 At
2149 3791 2308 3840 tutius
2335 3799 2505 3838 tamen

1449 3875 1708 3938 sequimur
1761 3884 2065 3919 consensum
2112 3877 2402 3916 ceterorum
2448 3868 2503 3915 li·

1448 3951 1674 4000 brorum.
1744 3950 1891 3997 Sicut
1928 3958 2114 4007 nempe
2151 3943 2286 4007 apud
2314 3944 2505 3994 Quinc-

1449 4028 1685 4076 tilianum
1707 4039 1848 4086 saepe
1874 4023 2078 4082 dicitur,
2114 4022 2128 4048 ‘
2153 4019 2371 4068 intentio
2398 4022 2505 4067 aui-

1448 4106 1556 4164 mi,'
1587 4111 1601 4133 ⁴
1629 4101 1849 4151 intentio
1874 4098 2081 4156 mentis;
2102 4097 2113 4116 ’
2146 4098 2218 4145 ita
2249 4096 2404 4145 etiam
2430 4098 2505 4144 ‹li-

1447 4181 1582 4231 citur
1607 4180 1621 4206 ⁴
1647 4178 1865 4228 intentio
1890 4174 2062 4239 operis
2095 4172 2383 4237 destinati,'
2419 4175 2506 4225 ln-
