3060 4902
746 357 810 405 c.
861 355 1101 405 niun
1152 352 1484 405 saeuum
1542 353 1815 405 ranno.
1893 357 1943 404 1.
1988 338 2097 405 32.

306 503 724 563 etmet
744 499 1043 563 imperinm,
1075 500 1128 550 in
1157 499 1260 549 hoc
1291 508 1375 548 ar·

304 583 558 639 gumento
592 575 736 624 idem
780 574 1098 639 significant,
1138 576 1374 639 adeoque

303 665 400 702 nec
457 665 578 701 raro
622 652 1034 715 conjunguntur.
1101 653 1206 704 Qui
1251 650 1374 700 fidel

305 737 511 778 tuntum
557 730 737 793 populi
774 729 989 778 Romani
1024 743 1081 778 se
1103 731 1374 779 commise-

301 812 446 859 rant,
468 806 700 870 quatnvis
721 804 963 870 inaequali
994 803 1193 854 foedere
1220 805 1377 868 junc-

305 882 364 937 ti,
414 881 694 945 imperium
728 882 1161 947 majestatemque
1199 883 1375 945 populi

304 957 537 1007 Romani
571 958 793 1007 comiter
821 971 1129 1008 conservare
1161 973 1377 1007 ner-esse

302 1034 600 1094 haberenu
625 1048 728 1083 non
751 1040 924 1084 tamen
947 1048 1148 1085 omnem
1173 1037 1377 1085 emitte·

305 1110 438 1160 bant
470 1112 792 1175 libertatem,
824 1119 880 1161 et
914 1112 1128 1162 meliore
1163 1113 1378 1162 uteban-

307 1194 397 1237 tur
437 1187 762 1251 conditione,
808 1187 1184 1252 benigniusque
1221 1190 1379 1238 hube-

308 1264 524 1324 bantur,
547 1279 702 1326 quam
721 1265 774 1313 in
794 1264 1061 1320 ditionem,
1082 1264 1378 1315 formulam-

304 1358 415 1410 que
458 1345 767 1408 provincia,
808 1344 1038 1406 redacti;
1093 1361 1209 1410 qnae
1259 1360 1377 1395 vero

304 1421 585 1471 servitulis
622 1428 749 1473 nola
784 1430 916 1472 erat.
985 1424 1279 1472 Discrimen
1312 1423 1378 1471 is·

307 1496 410 1546 tud
440 1496 825 1562 quiedammodo
860 1498 1058 1548 indicat
1091 1499 1211 1547 Val.
1237 1499 1378 1548 Max.

308 1586 394 1623 vt.
418 1579 472 1623 ⁵.
508 1576 753 1639 exemplo
787 1576 1142 1625 Faliscorum:
1179 1580 1194 1605 ‘
1219 1577 1380 1625 Falis-

308 1648 406 1710 ci:
442 1649 629 1713 inquit,
664 1649 960 1700 ‘beneficio
999 1650 1181 1714 magis,
1226 1666 1379 1715 quam

307 1726 494 1789 nmis,
527 1727 670 1789 victi,
696 1736 874 1791 portas
898 1729 1140 1777 Romanis
1165 1742 1382 1792 aperue-

311 1811 462 1851 runt.
501 1834 719 1853 ......
741 1803 1004 1853 Adversus
1049 1820 1197 1868 quam
1254 1805 1381 1855 civi·

310 1888 481 1928 tatem
518 1881 708 1929 sarire
752 1882 968 1943 cupiens
1022 1881 1243 1943 populus
1281 1882 1380 1929 Ro·

310 1969 519 2018 manns,
577 1963 850 2022 postquam
899 1973 929 2008 a
992 1958 1206 2020 Papirio
1259 1957 1381 2006 doc·

311 2043 399 2082 tus
434 2043 538 2095 est,
574 2035 804 2085 Faliscos
842 2050 944 2085 non
983 2034 1249 2098 potestati,
1289 2034 1380 2083 sed

315 2108 466 2172 fidei,
528 2124 589 2159 se
648 2111 990 2160 Romanorum
1048 2110 1385 2170 commisisse,

309 2201 520 2235 omnem
540 2187 669 2235 iram
691 2186 897 2251 placida
915 2195 1090 2236 mente
1108 2185 1383 2250 deposuit!

316 2263 564 2325 Interim,
585 2264 601 2290 ‘
628 2262 758 2312 fides
778 2262 793 2284 '
814 2272 871 2312 et
891 2264 907 2290 ⁴
930 2262 1096 2319 ditio,'
1122 2263 1232 2312 sive
1255 2264 1269 2289 ‘
1293 2279 1382 2327 po·

315 2338 525 2401 testas:
572 2347 662 2389 ant
705 2345 721 2368 ⁸
756 2339 1072 2404 imperium,'
1119 2354 1219 2389 non
1266 2355 1384 2390 raro

312 2417 727 2480 conjunguntur.
794 2416 974 2467 Cesar
997 2417 1061 2466 B.
1083 2416 1223 2467 Gall.
1252 2431 1314 2467 ιι.
1337 2423 1384 2467 8.

311 2503 326 2524 ·
355 2497 510 2546 Remi
541 2510 600 2544 se
625 2508 824 2560 suaque
850 2497 1022 2545 omnia
1053 2496 1106 2544 in
1127 2495 1282 2546 fidem
1309 2504 1384 2545 at·

312 2586 418 2637 qne
445 2579 763 2636 potestatem
789 2573 961 2635 populi
1002 2573 1146 2621 Rom.
1173 2573 1386 2635 permit·

315 2648 472 2699 tere.'
526 2646 680 2696 Idem
706 2648 768 2697 B.
790 2648 856 2698 G.
882 2662 944 2697 ιι.
971 2652 1051 2697 13.
1079 2656 1094 2679 ⁴
1119 2649 1385 2698 Bellovaci

314 2740 501 2776 munus
526 2724 593 2774 ad
626 2725 885 2774 cesarem
912 2724 1144 2782 tendere,
1169 2736 1221 2776 et
1258 2742 1386 2777 voce

308 2803 611 2869 siguificare
662 2811 953 2867 ceperunt,
998 2819 1113 2853 sese
1167 2806 1219 2854 in
1275 2805 1386 2867 ejus

315 2882 475 2931 fidem
513 2895 579 2930 ac
613 2886 924 2944 potestatem
955 2881 1169 2931 venire.'
1237 2882 1383 2931 Idem

315 2960 377 3009 Β.
405 2960 475 3009 G.
515 2973 554 3009 ι.
578 2963 662 3007 ³1.
698 2960 713 2987 ‘
740 2957 922 3024 Neque
946 2974 999 3007 se
1037 2969 1388 3022 recusaturos,

316 3052 419 3101 qno
455 3037 626 3085 minus
649 3036 743 3085 snb
765 3035 968 3085 illorum
1000 3035 1198 3085 ditione
1231 3044 1385 3101 atque

316 3114 541 3177 imperio
565 3112 775 3162 esseut.'
842 3114 953 3162 Cic.
977 3128 1072 3177 pro
1093 3114 1244 3163 Font.
1269 3128 1314 3163 c.
1344 3118 1390 3163 1.

313 3191 330 3218 ⁸
355 3190 639 3244 Civitates,
672 3203 789 3254 quae
824 3188 920 3237 sub
954 3191 1136 3253 populi
1175 3188 1389 3239 Romani

316 3265 602 3330 imperinm
646 3264 1000 3329 ditionemque
1046 3264 1390 3317 ceciderunt-⁹

322 3343 552 3394 Aliunde
575 3349 748 3391 antem
765 3343 876 3406 jam
901 3350 1124 3403 constat,
1149 3357 1238 3391 eos
1271 3346 1390 3405 βαρ·

315 3417 550 3484 θαμίζων,
567 3419 655 3484 qui
677 3420 983 3468 vocabulum
997 3420 1013 3446 ‘
1031 3419 1240 3467 ditionis
1260 3418 1273 3440 '
1294 3432 1389 3483 pro

318 3498 558 3559 regione,
582 3501 675 3543 aut
694 3503 844 3558 parte
869 3502 1141 3558 terrarum,
1175 3502 1389 3560 ponunt.

319 3572 473 3622 Ident-

385 3647 492 3705 Qus‘
522 3643 787 3708 terrarum]
829 3644 892 3694 In
929 3644 1105 3694 multis
1139 3645 1293 3695 editis
1329 3646 1389 3694 li-

317 3725 426 3775 bris
449 3726 564 3773 laaec
588 3723 746 3773 verba
768 3723 923 3772 aliter
955 3722 1126 3771 locate
1150 3729 1206 3771 et
1228 3724 1388 3771 inter·

320 3808 520 3866 puncta
570 3800 838 3862 leguntur,
877 3804 1127 3861 postquam
1183 3799 1390 3860 conligit

315 3878 538 3940 prium
591 3882 849 3931 murum,
893 3875 976 3938 qui
1018 3874 1388 3936 secunditatem,

319 3957 401 4016 spe.
449 3952 708 4003 cellarius
732 3950 991 4000 duntaxat
1015 3952 1217 4015 signum
1245 3953 1390 4001 incisi

321 4031 395 4079 sic
434 4026 884 4092 transponendum
928 4027 1267 4083 existimavit,
1292 4058 1307 4074 .
1332 4062 1346 4077 .
1376 4060 1391 4079 .

324 4107 571 4170 Princeps,
617 4110 862 4156 terrarum
901 4104 985 4168 qui
1026 4103 1395 4167 secunditatem,

320 4184 399 4243 ξε.
460 4183 565 4232 Sed
580 4182 692 4246 jam
715 4180 1091 4244 crispinianus,
1108 4181 1393 4246 Gryphius,

324 4271 375 4315 et
401 4263 644 4327 Baunins,
666 4263 805 4314 istas
840 4257 971 4309 duas
1008 4273 1160 4310 voces
1192 4260 1283 4317 ila,
1318 4260 1391 4309 uti

2386 340 2505 405 611

1452 498 1731 561 edidimus,
1749 499 2153 550 translocarunt.
2187 498 2329 551 Quae
2356 507 2521 550 trans-

1452 576 1644 626 locatio
1672 578 1897 626 omnium
1931 576 2168 626 codicum
2192 577 2320 628 Mus.
2343 588 2520 627 aucto·

1453 655 1610 704 ritate
1627 654 1978 716 confirmatur,
1994 660 2046 704 el
2066 669 2095 702 a
2111 654 2347 704 Gesnero
2360 655 2522 705 etiam

1451 739 1611 796 atque
1635 730 1916 781 Arumnio
1942 737 2160 793 recepta
2182 737 2280 781 est.
2316 731 2467 780 Idem.

1520 810 1775 871 Princeps,
1790 809 1873 872 qui
1887 806 2148 870 rer-nrum]
2176 807 2409 872 Princeps
2424 814 2521 859 eeu·-

1450 902 1616 936 mroem
1653 887 1771 950 qui,·
1809 885 1900 934 sed
1946 882 2199 948 Princeps,
2240 884 2324 948 qui
2367 891 2519 935 terr-u-

1451 979 1562 1012 rum
1586 964 1646 1013 C.
1674 963 1743 1011 G.
1776 961 1941 1011 Livin-

1541 1041 1642 1098 Qui
1694 1036 1973 1100 diremtum]
2042 1037 2173 1089 Cod.
2236 1037 2522 1089 Vaticanus

1453 1120 1601 1166 8⁴61.
1627 1115 1961 1170 Parisiensis,
1986 1107 2237 1170 Venetus,
2270 1122 2325 1163 et
2360 1130 2523 1178 inens,

1457 1192 1653 1240 habent
1707 1193 1790 1255 qui
1842 1192 2095 1254 direptam.
2179 1192 2524 1241 Occasionem

1455 1267 1576 1317 huic
1615 1267 1803 1316 mendo
1829 1266 1979 1315 dedit
2015 1268 2223 1317 omissio
2251 1269 2525 1328 scripturae

1456 1344 1862 1402 compendiosae,
1895 1342 2148 1407 dir-qnam,
2174 1344 2207 1393 i.
2238 1357 2285 1392 e.
2318 1345 2525 1408 diremp-

1454 1426 1573 1470 tum.
1608 1422 1867 1471 Schwart-

1523 1499 1659 1547 Μαι-ι’
1690 1499 1906 1563 gentem]
1952 1497 1988 1548 i.
2012 1511 2062 1550 e.
2099 1495 2374 1562 AEgyptios
2415 1505 2528 1547 toto

1457 1588 1610 1639 piene
1655 1576 1782 1623 mari
1826 1574 2211 1624 mediterraneo
2256 1575 2323 1625 ab
2369 1574 2528 1626 Italia

1458 1651 1748 1714 sejunctos.
1786 1651 2004 1700 Putarol.

1524 1728 1703 1790 Populi
1740 1727 1978 1790 plebisque
2018 1727 2271 1792 Romanae]
2310 1726 2392 1776 De
2425 1726 2528 1777 dis·

1457 1805 1671 1854 crimine
1715 1806 1891 1853 horum
1938 1806 2197 1854 nominum
2245 1818 2347 1853 non
2401 1806 2530 1855 nihil

1458 1880 1676 1943 exposui
1702 1881 1765 1930 ad
1795 1894 1930 1931 xxv.
1952 1885 1999 1928 5.
2034 1880 2277 1930 Schmun.

1524 1955 1750 2018 Esca-10]
1788 1958 1915 2007 Cod.
1934 1956 2160 2021 Guelpll.
2180 1971 2276 2020 pro
2299 1963 2347 2007 et
2370 1958 2527 2007 habet

1457 2048 1500 2082 e.
1567 2035 1702 2083 Vide
1746 2048 1890 2098 vero,
1936 2048 2001 2082 eo
2059 2048 2223 2097 usque
2280 2033 2528 2097 progredi

1459 2112 1748 2160 orationem
1776 2112 1951 2168 Plinii,
1974 2119 2034 2160 ut
2055 2102 2336 2173 Trajanuni
2369 2112 2530 2160 etiam

1460 2195 1731 2250 comparet
1758 2203 1873 2236 curu
1907 2189 2057 2249 coelo,
2081 2196 2242 2252 atque
2265 2202 2382 2236 eum
2408 2188 2530 2237 huic

1463 2262 1733 2327 praeferat.
1783 2264 2091 2327 Quanquam
2119 2278 2242 2312 vero
2267 2272 2445 2328 postea
2463 2264 2531 2312 ad

1461 2340 1768 2390 modestiam
1793 2340 1962 2388 redire
1986 2340 2241 2397 videatur,
2262 2341 2349 2389 ubi
2375 2349 2529 2390 terrae

1460 2415 1792 2488 fluminisque
1843 2416 2021 2481 genios
2069 2423 2355 2482 precatur,
2412 2431 2532 2467 mox

1464 2502 1639 2544 tamen
1663 2494 1762 2543 illis
1787 2492 2023 2543 fallacem
2049 2495 2198 2544 unius
2221 2496 2339 2544 anni
2373 2495 2530 2545 fidem

1462 2571 1608 2635 quasi
1631 2571 1934 2635 exprobrat,
1954 2574 2312 2637 postulatque,
2336 2578 2393 2621 ut
2416 2587 2530 2622 eam

1462 2647 1700 2697 omnibus
1757 2656 1939 2712 postea
1995 2649 2203 2699 soeculis
2259 2657 2528 2698 excusent.

1464 2723 1617 2773 Idem·

1533 2801 1705 2850 Terras
1719 2800 1907 2863 uberet]
1935 2800 2166 2850 Verbum
2186 2800 2377 2850 ‘ubero
2393 2801 2405 2820 ⁹
2422 2801 2531 2849 fere

1464 2877 2530 2941 insulensest,quamviscompositum·ex-

1463 2952 1652 3003 ubero’
1695 2952 2021 3018 frequentius
2065 2960 2319 3001 occurrat.
2396 2952 2527 3001 Cum

1465 3029 1516 3079 in
1576 3028 1799 3093 antiquis
1858 3027 2175 3077 editionibus
2231 3028 2532 3091 Symmachi

1465 3106 1632 3169 Epist.
1668 3118 1707 3155 ι.
1748 3107 1831 3154 37.
1872 3104 1983 3153 sive
2018 3104 2303 3153 secundum
2353 3117 2533 3153 recen·

1468 3183 1647 3239 tiores,
1685 3186 1767 3230 43.
1820 3183 2085 3245 legeretur
2131 3190 2146 3211 ⁴
2176 3181 2385 3239 Hunc‚'
2437 3181 2534 3233 Ju-

1465 3258 1681 3321 lianum,
1712 3259 1845 3307 ‘tibi
1888 3259 1940 3306 in
1983 3271 2207 3314 manum,
2249 3259 2329 3306 vel
2370 3260 2534 3322 magis

1465 3336 1517 3386 in
1550 3335 1796 3396 animum,
1818 3334 1984 3383 libens
2010 3335 2177 3384 trado.
2248 3336 2384 3385 Nam
2410 3337 2535 3384 milii

1465 3428 1660 3464 summa
1698 3413 1899 3463 curatio
1939 3418 2038 3475 est,
2073 3418 2131 3460 ut
2176 3413 2405 3461 amicitia
2445 3421 2534 3461 tua

1467 3493 1585 3542 boui
1629 3488 1969 3550 inuberent3'
2006 3490 2218 3553 Sciopp.
2251 3490 2535 3539 Verisimil.

1467 3582 1529 3618 ιι.
1555 3574 1603 3617 6.
1630 3568 1694 3617 ad
1733 3569 1887 3617 istum
1924 3568 2092 3615 locum
2127 3567 2242 3615 haec
2277 3580 2535 3616 commen·

1469 3652 1649 3695 tatur:
1699 3650 1714 3673 ⁴
1744 3645 1983 3706 Cori-ige,
2024 3643 2232 3692 volente
2275 3644 2378 3692 Ms.
2466 3645 2535 3691 Ut

1463 3722 1727 3772 amicitiam
1761 3728 1893 3770 tuam
1928 3720 2038 3769 boui
2078 3720 2286 3769 uber-ene.
2354 3722 2368 3745 ‘
2394 3720 2532 3767 Ube-

1466 3799 1615 3850 rare’
1655 3814 1781 3863 ergo
1823 3813 1938 3862 pro,
1976 3811 2187 3860 augere,
2230 3796 2442 3845 uberem
2480 3803 2536 3845 et

1464 3877 1749 3927 auctiorem
1781 3874 2021 3930 reddere,
2047 3873 2216 3935 posuit
2242 3888 2254 3921 ε
2297 3873 2431 3937 quod
2459 3882 2534 3921 ta-

1467 3968 1584 4002 men
1612 3967 1858 4018 nusquam
1897 3952 2016 4012 legi,
2041 3949 2137 3997 nisi
2166 3951 2302 4013 apud
2332 3950 2536 3998 Pallsdss

1467 4031 1534 4081 de
1576 4032 1652 4079 Re
1696 4030 1849 4086 Rust‚
1893 4040 1971 4077 ιιι.
2012 4031 2062 4074 8.
2096 4030 2147 4073 3.
2188 4028 2203 4052 ‘
2234 4025 2351 4073 Hoc
2394 4025 2537 4072 velut

1466 4107 1608 4156 coitu
1663 4105 1864 4154 steriles
1909 4100 2121 4151 arbores
2176 4098 2540 4147 uberantur.’'

1468 4183 1580 4244 Ego
1605 4195 1726 4230 vero
1751 4180 1919 4228 malini
1942 4176 2076 4226 tueri
2102 4174 2371 4237 pristinam
2390 4174 2536 4238 Syru-

1469 4258 1639 4308 machi
1676 4257 1967 4307 lectionem.
2032 4251 2136 4299 Sed
2172 4265 2290 4300 cum
2323 4252 2535 4301 Piccar—
