3060 4902
530 344 704 414 1036

596 513 744 578 Pejor
775 512 906 577 odio]
939 510 1075 562 Quis
1105 509 1266 560 falsus
1295 526 1438 564 amor
1468 513 1626 577 plus

526 600 699 646 nocet,
714 605 866 655 quam
891 588 1175 652 professum
1199 588 1394 639 odium.
1426 590 1566 654 Lips.

593 668 743 729 Pq’or
759 667 891 730 odio]
925 665 1071 727 Peior·
1089 667 1221 716 ordo.
1256 667 1423 717 Livin-
1447 668 1585 718 odio.-

527 746 834 797 rectissime.
868 746 999 795 Ritt.

590 825 741 886 Peior
753 822 882 886 odio]
920 822 1061 884 Pq’or
1071 825 1202 872 ordo.
1241 823 1352 873 Etsi
1371 824 1444 873 ita
1462 838 1581 888 pro-

525 900 655 951 dant
682 900 797 950 libri
826 899 956 949 editi
979 901 1279 963 scriptique,
1303 903 1453 950 nem'o
1475 909 1581 952 tam

523 984 607 1027 est
624 976 797 1027 obesae
815 976 968 1033 naris,
984 977 1101 1042 quin
1121 976 1311 1027 sentiat
1329 993 1580 1042 reponen-

525 1059 648 1107 dum
681 1063 729 1107 et
757 1056 889 1121 pejor
918 1057 1040 1119 odio,
1061 1063 1117 1106 ut
1147 1066 1264 1105 ante
1299 1058 1473 1121 plures
1497 1073 1580 1107 re-

523 1141 608 1184 tro
626 1148 784 1183 annos
802 1132 1032 1197 conjeci;
1065 1147 1232 1196 neque
1248 1134 1401 1182 aliter
1416 1136 1579 1185 etiam

523 1225 703 1274 margo
717 1209 835 1259 libri
850 1209 1301 1272 Bongarsiani,aut
1319 1211 1477 1262 editio
1493 1213 1579 1263 Li·

523 1288 698 1337 vineii.
747 1286 897 1336 Unde
912 1285 1106 1335 factum
1126 1287 1440 1351 putarim,nt
1459 1290 1579 1354 Lip-

523 1365 629 1413 sius
652 1363 862 1426 adjecto
889 1362 978 1413 illo
997 1365 1128 1424 ordo,
1149 1364 1363 1412 alteram
1397 1378 1579 1416 vocem

519 1441 758 1502 dignatus
780 1441 850 1489 sit
871 1440 1066 1490 bonore
1086 1447 1380 1490 contextus.
1413 1443 1560 1491 Grae.

585 1515 733 1576 Pejor
753 1516 882 1579 odio]
914 1517 978 1565 Iu
1003 1532 1116 1567 meo
1137 1517 1337 1573 codice,
1353 1524 1407 1567 et
1424 1532 1455 1566 a
1473 1519 1578 1581 pri·

522 1608 603 1643 ms
627 1608 778 1643 manu
800 1595 854 1643 in
885 1593 1281 1659 salisburgensi,
1303 1608 1576 1659 perperam

518 1669 768 1734 scriptum
803 1676 907 1730 est,
936 1671 1072 1732 prior
1101 1672 1230 1719 ordo.
1298 1671 1400 1720 Sed
1437 1679 1493 1722 et
1524 1671 1575 1721 in

518 1745 819 1806 Parmensi,
833 1752 1049 1810 utroque
1067 1747 1293 1810 Veneto,
1305 1748 1577 1810 Patavino,

517 1828 571 1871 et
587 1837 655 1872 ex
667 1823 985 1872 correctione
1002 1824 1052 1870 in
1071 1822 1463 1885 salisburgensi,
1479 1825 1576 1874 eti·

515 1911 599 1947 am
637 1899 820 1947 vitiose
853 1907 1116 1948 exaratum
1157 1909 1236 1949 est
1273 1900 1406 1963 pq'or
1441 1903 1575 1950 ordo.

517 1974 706 2038 Neque
737 1976 885 2023 aliter
915 1976 965 2023 iu
994 1974 1146 2024 editis
1178 1990 1472 2039 expressum
1499 1977 1572 2025 le-

515 2050 677 2114 gitur,
700 2064 863 2112 usque
886 2050 951 2099 ad
978 2051 1143 2114 Lipsii
1167 2059 1429 2114 tempora3
1461 2052 1573 2117 qui,

512 2135 760 2192 quantum
788 2129 911 2177 mibi
940 2135 1161 2185 constat,
1185 2129 1374 2192 primus
1395 2143 1570 2180 veram

512 2204 790 2256 lectionem
808 2207 1086 2270 evulgavit,
1098 2220 1250 2271 quam
1268 2205 1434 2255 secuti
1449 2215 1571 2256 sunt

512 2284 675 2334 ceteri
689 2284 937 2345 editores,
944 2284 1157 2348 jamque
1171 2282 1476 2334 confirmant
1488 2297 1571 2333 co·

512 2359 657 2411 dices
687 2362 948 2418 Vaticani,
974 2368 1029 2410 et
1061 2359 1571 2424 Guelpberbytanus.

511 2437 775 2490 Quantum
806 2453 928 2488 vero
961 2438 1216 2488 simulatio
1238 2444 1420 2486 noceat
1444 2437 1571 2486 ami·

511 2515 668 2571 citiae,
691 2514 849 2564 docet
878 2516 987 2564 Cic.
1010 2515 1191 2570 Laelio,
1216 2529 1262 2563 c.
1280 2519 1364 2564 24.
1397 2518 1413 2542 ⁸
1438 2514 1568 2565 Cum

510 2592 732 2640 omnium
765 2605 934 2639 rerum
965 2591 1227 2640 simulatio
1248 2598 1327 2640 est
1350 2591 1566 2652 vitiosa;

509 2667 644 2715 tollit
665 2667 800 2714 enim
815 2667 1067 2730 judicium
1092 2669 1220 2731 veri,
1243 2667 1398 2731 idque
1422 2667 1567 2717 adul-

507 2749 678 2805 terst3
714 2752 821 2792 tum
852 2744 1093 2793 amicitias
1122 2753 1377 2810 repugnat
1406 2747 1568 2796 maxi-

506 2836 609 2871 me.
676 2823 833 2872 Delet
855 2823 988 2870 enim
1013 2823 1306 2877 veritatem,
1329 2825 1439 2872 sine
1463 2839 1567 2889 qua

504 2914 689 2950 nomen
727 2900 968 2950 amicitiae
1007 2900 1182 2949 valere
1228 2914 1329 2948 non
1370 2908 1563 2964 potest.

507 2979 664 3036 Nam,
687 2992 803 3028 cum
836 2977 1082 3026 amicitiae
1114 2977 1190 3026 vis
1220 2977 1288 3026 sit
1321 2978 1373 3026 in
1401 2991 1486 3041 eo,
1507 2985 1566 3029 ut

503 3070 637 3106 uuus
657 3054 750 3104 fiat
770 3069 835 3104 ex
858 3053 1122 3118 pluribus;
1153 3054 1240 3119 qui
1263 3054 1313 3103 id
1337 3054 1449 3104 fieri
1471 3069 1563 3119 po·

505 3133 648 3189 terit,
664 3133 704 3181 si
725 3147 792 3181 ne
810 3131 861 3180 iu
877 3145 979 3180 uno
994 3131 1197 3194 quidem
1217 3145 1419 3195 quoque
1436 3146 1563 3180 uuus

503 3209 705 3259 animus
719 3210 839 3269 erit,
856 3207 1096 3270 idemque
1113 3221 1345 3270 semper3
1369 3206 1461 3256 sed
1476 3221 1564 3255 va-

505 3287 634 3348 rius,
668 3284 1060 3342 commutabilis,
1100 3285 1368 3349 multiplex
1390 3284 1426 3333 ?'
1464 3288 1564 3334 &c-

505 3362 635 3412 Ideo
651 3379 771 3414 vero
787 3366 960 3415 Plinio
971 3364 1210 3413 simulatio
1225 3363 1419 3412 dicitur
1431 3364 1565 3427 pejor

500 3440 607 3487 odio
617 3454 638 3497 ,·
674 3445 793 3503 quia
820 3442 1101 3504 simulator,
1126 3442 1235 3489 sive
1258 3438 1415 3489 falsus
1436 3441 1561 3490 ami-

502 3528 609 3569 cus,
632 3517 793 3565 multo
826 3520 942 3579 plus
976 3531 1162 3566 nocere
1194 3523 1384 3580 potest,
1408 3532 1559 3580 quam

501 3589 844 3653 adversarius,
871 3591 1042 3642 odium
1079 3593 1248 3656 palam
1286 3591 1562 3658 professus.

500 3665 743 3716 Sca-om.

565 3742 759 3793 Amoris
778 3741 1042 3803 simulatio]
1076 3751 1089 3772 ‘
1111 3744 1173 3792 Iu
1200 3745 1463 3808 amicitia,'
1483 3746 1559 3795 in-

499 3820 613 3885 quit
633 3820 744 3871 Cic.
771 3820 804 3867 l.
826 3832 873 3866 c.
906 3821 922 3845 ⁴
941 3819 1080 3867 nulla
1100 3820 1261 3882 major
1281 3828 1363 3869 est
1380 3821 1560 3881 pestis,

497 3912 648 3962 quam
665 3896 914 3957 adulatio,
929 3894 1339 3955 blanditiae‚'&c.
1373 3897 1444 3946 Et
1459 3897 1559 3946 Ta-

497 3976 633 4026 citus
670 3975 722 4023 in
746 3972 1010 4037 Agricola,
1042 3972 1057 3998 ‘
1080 3971 1364 4020 Pessimum
1392 3972 1556 4021 inimi·

496 4066 674 4102 corum
694 4066 852 4113 genus
871 4047 1173 4100 laudantes.’
1224 4048 1402 4100 Quare
1422 4049 1555 4100 Pbo-

495 4130 611 4178 cion
644 4128 867 4185 cuidam,
890 4142 922 4177 a
952 4141 1007 4177 se
1037 4126 1291 4191 quaerenti
1323 4140 1429 4176 rem
1464 4141 1554 4190 pa-

495 4218 607 4254 rum
626 4206 911 4269 honestam,
926 4203 1215 4268 respoudit,
1239 4204 1256 4231 ‘
1272 4205 1390 4255 Non
1416 4206 1555 4254 vales

493 4281 812 4333 Phocionem
836 4282 1053 4333 amicum
1073 4290 1128 4333 et
1148 4280 1469 4333 adulatorem
1486 4282 1554 4333 si-

1223 365 1437 415 ⁸0⁰1·AE
1487 366 1832 418 VAmoRu
1845 368 1895 417 Μ
1945 368 2029 420 ΙΝ

1659 513 2007 566 ιιιιιΙΙιιΙιει-οέ
2037 513 2311 566 Plutarch.
2325 513 2512 600 Pras.
2498 530 2549 567 ta
2561 516 2735 583 Agid-

1658 592 1876 642 Putat-ol.

1723 669 1786 717 Iu
1819 669 2111 734 principans]
2151 670 2216 719 In
2259 670 2593 734 Panegyrico
2627 672 2725 736 qni

1655 745 1940 797 Theodosio
1953 744 2123 796 dictus
2142 763 2159 796 =
2191 748 2208 775 ⁴
2226 747 2420 808 Ecquis
2438 750 2725 811 imperato·

1656 838 1769 873 rum
1789 839 2010 890 unquam
2031 826 2238 886 putavit
2254 825 2497 874 amicitia·
2519 826 2727 877 cultum

1657 899 1710 949 in
1744 902 1889 964 regia
1925 900 2077 950 laude
2118 900 2442 964 ponendum?
2485 901 2727 952 Humilis

1654 975 1768 1025 hoec
1786 977 1967 1032 virtus,
1989 975 2325 1039 dubiumque,
2344 990 2408 1025 aa
2430 975 2619 1037 virtus,
2632 979 2727 1041 jn·

1654 1053 1944 1111 dicabatur,
1969 1069 2067 1104 nee
2093 1055 2295 1117 palatiis
2318 1054 2488 1118 digna,
2507 1054 2600 1104 sed
2628 1069 2728 1120 pe-

1655 1130 1850 1193 riculis,
1872 1130 2204 1182 habebatur.’
2232 1131 2367 1193 ΗΡ..

1719 1206 1783 1256 In
1809 1208 2078 1271 principans
2108 1208 2269 1273 denso]
2306 1208 2524 1258 Latinus
2549 1208 2726 1259 Paea-

1655 1289 1738 1332 tus
1774 1285 1825 1331 iu
1861 1284 2211 1347 Panegyrico,
2231 1298 2385 1348 quem
2416 1284 2721 1336 Theodosio

1652 1358 1777 1422 imp.
1798 1359 1952 1424 dixit,
1973 1373 2092 1424 cap.
2118 1363 2197 1410 lo.
2237 1363 2253 1390 ⁸
2280 1360 2474 1424 Ecquis
2496 1361 2721 1424 impera·

1654 1441 1823 1486 torum
1848 1451 2071 1500 unquam
2096 1437 2316 1500 putavit,
2338 1436 2580 1486 amicitie
2605 1439 2724 1487 cnl-

1653 1518 1760 1562 tum
1791 1514 1843 1562 in
1876 1513 2019 1578 regia
2051 1512 2203 1563 laude
2238 1513 2566 1577 ponendam?
2602 1514 2721 1563 Hu-

1652 1590 1786 1638 milis
1806 1590 1920 1639 baec
1958 1591 2139 1654 virtus,
2162 1590 2497 1654 dubiumque,
2522 1604 2588 1639 an
2614 1592 2722 1640 vir-

1655 1673 1753 1723 tus,
1781 1665 2139 1729 judicabatur,
2162 1681 2261 1716 nec
2293 1667 2501 1731 palatiis
2533 1667 2720 1733 digna,

1652 1742 1742 1791 sed
1770 1743 2030 1808 periculis,
2061 1743 2364 1793 habebatur.
2431 1744 2564 1794 Inde
2587 1744 2719 1796 faci·

1653 1818 1751 1869 lius
1776 1821 2053 1882 inveneris,
2074 1822 2162 1885 qui
2196 1823 2466 1882 pecuniam
2491 1836 2556 1872 ex
2580 1837 2716 1873 ora-

1652 1898 1743 1953 rio,
1761 1912 1911 1962 quam
1937 1898 2024 1963 qui
2046 1913 2113 1947 ex
2136 1900 2306 1949 auimo
2338 1899 2515 1958 fidem,
2536 1915 2714 1964 prom-

1650 1973 1830 2023 serint.
1866 1973 2115 2038 Optimus
2135 1975 2223 2025 ille
2246 1975 2471 2040 ditabat,
2486 1990 2589 2025 non
2608 1979 2714 2028 eti-

1647 2062 1731 2099 am
1791 2049 2039 2114 diligebat
2065 2066 2081 2112 ς
2146 2050 2392 2117 prodesse
2454 2062 2712 2115 noveram

1647 2142 1820 2177 amare
1843 2128 2127 2178 nesciebat.
2191 2130 2271 2178 Tu
2294 2129 2592 2191 amicitiam,
2617 2146 2713 2181 no-

1646 2219 1764 2253 men
1788 2212 1911 2255 ante
1932 2204 2214 2268 privatum,
2239 2220 2341 2256 non
2380 2207 2544 2257 solum
2567 2208 2712 2258 intra

1646 2282 1814 2331 aulam
1831 2283 2032 2332 vocasti
2048 2297 2066 2342 3
2100 2283 2192 2332 sed
2211 2283 2443 2333 indutam
2457 2298 2711 2348 purpura,

1646 2372 1770 2408 auro
1793 2359 2107 2424 gemmisque
2142 2360 2453 2421 redimitam,
2472 2363 2604 2412 solio
2628 2376 2714 2412 re·

1641 2435 1867 2501 cepisti,’
1899 2440 2002 2489 διο.
2067 2437 2188 2488 Nou
2228 2453 2316 2489 me
2350 2438 2534 2503 piguit,
2568 2440 2711 2492 bunc

1641 2515 1809 2564 locum
1847 2514 1948 2565 buc
1986 2514 2201 2578 referre,
2229 2519 2466 2580 quamvis
2501 2518 2572 2567 sit
2593 2518 2710 2568 loss-

1643 2594 1773 2656 gior,
1796 2607 1856 2640 ac
1872 2593 1987 2657 jam
2011 2607 2042 2641 a
2066 2594 2333 2654 Cotuato,
2355 2594 2591 2658 aliisque,
2611 2609 2706 2645 an-

1641 2674 1867 2717 notatus.
1933 2669 2165 2719 Primum
2205 2670 2340 2719 enim
2368 2671 2447 2720 sie
2469 2671 2709 2721 luculen—

1611 2750 1752 2810 ⁸tum
1797 2743 2023 2808 antiquoe
2066 2744 2365 2794 imitationis
2405 2748 2702 2810 exemplum

1638 2822 1798 2871 oculis
1819 2821 2106 2883 subjicitur.
2167 2821 2312 2871 Sicut
2324 2822 2462 2871 euim
2486 2823 2705 2872 Latinus

1640 2898 1869 2947 Pacatus
1895 2897 2273 2961 Panegyricum
2310 2897 2469 2947 Plinii
2501 2898 2614 2948 aliis
2645 2899 2702 2948 in

1639 2976 1763 3026 locis
1789 2977 2019 3027 imitatus
2045 2983 2160 3037 est3
2192 2976 2270 3026 ita
2288 2976 2590 3038 cumprimis
2608 2976 2706 3026 bn-

1630 3052 1719 3117 jus
1742 3053 1840 3103 loci
1863 3054 2086 3103 imitatio
2107 3053 2302 3102 elucet.
2338 3052 2542 3103 Deinde
2564 3052 2706 3103 bunc

1637 3132 1802 3194 ipsum
1843 3132 2007 3180 locum
2043 3130 2206 3179 libero
2243 3129 2452 3192 mendo,
2483 3131 2623 3194 quod
2648 3132 2706 3196 ii,

1636 3208 1724 3272 qui
1754 3208 1867 3257 baee
1902 3206 2059 3257 verba
2088 3206 2470 3271 excitaverunt,
2501 3208 2704 3258 retinn-

1636 3298 1744 3332 ere.
1812 3282 2043 3332 Primum
2086 3282 2221 3331 enim
2258 3281 2311 3330 in
2355 3296 2471 3330 meo
2514 3283 2702 3333 codiee

1635 3358 1753 3423 lego
1794 3359 2042 3409 humiliant
2075 3358 2247 3414 oin-las,
2281 3357 2370 3406 ubi
2407 3357 2495 3408 alii
2540 3360 2701 3423 vulgo

1633 3436 1826 3485 habent
1861 3435 2052 3484 milis
2087 3434 2259 3483 virtus.
2322 3434 2556 3494 Deinde,
2577 3450 2698 3485 cum

1635 3513 1785 3574 vulgo
1820 3509 2017 3560 editum
2053 3511 2125 3560 sit
2159 3512 2245 3560 sed
2272 3510 2520 3574 perieulis,
2554 3519 2614 3562 et
2643 3514 2701 3563 ia

1634 3604 1750 3639 meo
1773 3588 1953 3637 codice
1976 3588 2182 3650 legatur
2201 3602 2287 3636 aec
2302 3587 2546 3650 pede-tis,
2560 3588 2702 3639 Gro-

1633 3666 1813 3715 novius
1835 3665 1991 3715 Obss.
2007 3678 2071 3713 ιι.
2088 3668 2174 3714 22.
2194 3667 2472 3728 perspicue
2495 3666 2700 3730 docuit,

1633 3743 1830 3792 rectius
1868 3741 2144 3803 legendum
2186 3754 2301 3788 esse
2331 3742 2416 3790 sed
2445 3744 2701 3804 pergatis,-

1632 3821 1721 3870 ubi
1751 3826 1766 3850 ⁸
1792 3816 2053 3882 pergulm’
2089 3823 2209 3866 sunt
2250 3816 2369 3867 vilia
2414 3819 2698 3881 tuguriola,

1634 3909 1749 3961 quae
1773 3893 1978 3957 palatiis
1989 3898 2334 3956 opponantur.
2398 3891 2698 3958 Proterea,

1631 3975 1675 4022 si
1701 3974 1991 4023 retineatur
2025 3971 2234 4032 vulgata
2256 3971 2434 4030 lectio,
2471 3974 2697 4037 Opti-n

1628 4050 1712 4099 ille
1733 4048 1936 4109 ditabat,
1956 4061 2049 4097 nont
2072 4047 2215 4095 etius·
2244 4047 2499 4108 ditigebat,
2521 4058 2578 4100 et
2598 4065 2693 4115 per

1630 4134 1645 4157 ‘
1667 4126 1917 4188 optimum
1933 4122 1949 4147 '
1972 4122 2294 4186 intelligatur
2314 4124 2581 4189 Trajan-ns,
2599 4140 2693 4177 en-

1620 4202 1709 4267 jus
1741 4201 1790 4250 id
1832 4202 2094 4265 proprium
2133 4196 2234 4249 fuit
2261 4211 2692 4265 cognomentum3

1629 4288 1755 4330 tnnc
1776 4278 2004 4331 Pacatus
2025 4282 2207 4343 aparte
2229 4282 2288 4329 et
2314 4280 2544 4330 oratorie
2566 4294 2693 4332 coa-
