3060 4902
543 340 675 405 952

543 498 747 553 lumini,
771 512 870 561 qno
894 504 1031 559 ntor,
1066 496 1430 561 explicationis
1460 511 1605 547 caus-

541 590 622 635 sa,
653 589 809 637 super
838 576 1192 636 expostulatum
1223 580 1316 638 est,
1353 576 1608 638 scriptum

543 665 655 698 esse
680 650 1019 713 deprehendi.
1087 651 1205 701 Jam
1233 651 1448 700 verbum
1483 654 1500 680 ‘
1521 665 1606 700 ex-

542 726 812 789 postulare
833 726 848 747 ’
903 726 1023 775 alibi
1072 727 1279 790 quidem
1335 725 1608 789 siguificat,

542 802 690 864 queri
711 800 778 850 de
797 802 1006 865 injuria,
1031 800 1169 865 apud
1198 817 1314 852 eum
1333 803 1419 867 qui
1444 802 1571 853 fecit
1593 819 1610 863 ς

543 876 637 925 sed
676 877 791 928 ltaec
829 877 1145 940 significatio
1181 879 1264 927 liic
1304 879 1470 927 locum
1505 894 1607 929 non

540 950 738 1012 haben
774 953 859 1002 ubi
883 955 898 979 ‘
917 954 1250 1016 expostulare
1273 952 1287 973 '
1320 955 1445 1002 nihil
1469 954 1605 1003 aliud

543 1027 821 1091 significat,
841 1044 996 1093 quam
1010 1028 1320 1093 efflagitare,
1344 1031 1499 1080 etiam
1526 1039 1607 1080 at-

545 1119 645 1168 que
668 1105 826 1153 etiam
851 1119 1050 1169 rogare,
1084 1105 1231 1153 valde
1251 1106 1608 1156 vehementer-

546 1194 648 1243 que
669 1182 952 1243 postulare.
990 1182 1078 1230 Sic
1095 1183 1318 1230 Cic.hoc
1339 1183 1494 1231 verbo
1513 1198 1609 1232 sae·

546 1256 661 1317 pius
708 1256 912 1319 quidem
952 1271 1047 1320 pro
1081 1257 1302 1321 ‘queri,’
1333 1257 1608 1321 aliquando

547 1339 720 1378 tannen
762 1331 918 1379 etiam
957 1346 1052 1395 pro
1085 1338 1100 1362 ⁸
1126 1330 1273 1380 valde
1314 1332 1612 1396 postulare,'

544 1420 665 1454 usus
691 1414 806 1468 est;
842 1422 889 1454 v.
926 1422 975 1470 g.
1015 1421 1111 1471 pro
1133 1408 1200 1458 Q.
1231 1408 1434 1464 Roscio,
1460 1423 1505 1458 c.
1530 1413 1609 1457 17.

543 1485 560 1511 ‘
580 1484 680 1531 Vix
707 1493 780 1546 tu,
804 1485 984 1544 Fanni,
1005 1499 1035 1532 a
1050 1484 1307 1545 Ballione,
1325 1492 1414 1534 aut
1433 1485 1608 1547 aliquo

543 1561 658 1623 ejus
683 1561 857 1622 simili,
894 1562 989 1610 hoc
1011 1562 1343 1624 expostulare
1369 1561 1609 1621 auderes,

545 1644 602 1686 et
642 1638 924 1700 impetrare
964 1638 1168 1702 posses.’
1231 1638 1446 1687 Sueton-
1489 1638 1609 1686 Tib.

543 1728 663 1775 cap.
686 1717 765 1762 1³.
797 1722 812 1744 ‘
832 1715 1055 1764 Coactus
1071 1723 1171 1777 est,
1191 1721 1293 1762 tam
1316 1715 1438 1770 suis,
1455 1729 1609 1779 qnam

544 1791 729 1839 matris
757 1790 1146 1854 impensissimis
1180 1790 1438 1853 precibus,
1475 1789 1608 1838 redi·

543 1876 653 1915 tum
680 1868 1049 1930 expostulare!
1095 1868 1240 1916 Idem
1266 1869 1465 1917 Domit.
1490 1883 1607 1931 cap.

541 1948 627 1993 28.
662 1950 675 1973 ⁸
700 1947 1057 2008 Expostulatis
1095 1945 1158 1993 ad
1201 1960 1402 2008 poenam
1445 1947 1609 2007 perti-

540 2020 814 2069 nacissime
847 2020 1005 2069 caedis
1040 2021 1372 2069 auctoribus.’
1437 2023 1607 2074 Tacit.

543 2095 849 2146 Annat.wxv.
875 2101 955 2146 17.
988 2099 1003 2123 ⁴
1023 2096 1118 2145 Ille
1146 2094 1444 2145 Armeniam
1482 2114 1609 2159 quo·

544 2187 644 2236 que
680 2173 902 2222 diversis
949 2172 1209 2237 praesidiis
1246 2188 1459 2222 vacuam
1496 2172 1607 2223 fieri

544 2249 947 2313 expostulabat?
1015 2250 1080 2298 In
1130 2250 1375 2313 proximis
1420 2251 1609 2308 verbis,

543 2341 604 2374 ne
625 2325 826 2390 affectus
847 2332 1055 2387 nostros,
1092 2326 1257 2376 codex
1283 2328 1610 2391 Guelpherb.

545 2417 642 2466 pro
666 2405 920 2467 particula
935 2419 1009 2461 ne,
1027 2404 1186 2455 habet
1200 2409 1288 2462 ut,·
1312 2405 1447 2469 quod
1471 2419 1610 2454 meu·

546 2480 669 2530 dum
707 2490 819 2542 (ηις
854 2482 953 2530 uisi
992 2489 1161 2544 putes,
1197 2493 1467 2547 utramque
1495 2498 1610 2546 par-

546 2557 776 2613 ticulam,
809 2563 863 2607 ut
890 2574 966 2621 ne,
1001 2559 1071 2607 ibi
1107 2560 1227 2608 olim
1252 2560 1430 2608 sedem
1452 2560 1608 2609 habu·

543 2633 666 2682 isse.
701 2635 852 2685 Idem.

615 2709 968 2772 Supprimeres]
1002 2711 1140 2762 Quia
1184 2711 1393 2762 nolebas
1441 2712 1609 2775 publi·

545 2785 654 2844 ¹cari
677 2787 758 2834 vel
786 2785 962 2835 incidi.
998 2787 1135 2849 Lips.

611 2863 841 2926 Exemplo
857 2862 1153 2926 provideres]
1188 2863 1385 2913 Unicus
1409 2864 1609 2914 Gesne-

550 2955 660 3003 rns,
682 2951 864 2989 contra
897 2941 1268 2989 auctoritatem
1301 2942 1524 2991 omnium
1552 2944 1608 2992 li·

544 3019 780 3080 brorum,
810 3032 1091 3082 eorumque
1131 3020 1442 3082 scriptorum
1475 3022 1610 3084 pari·

547 3107 634 3147 ter
676 3105 833 3161 atque
875 3110 1205 3156 excusorum,
1245 3095 1412 3146 edidit
1455 3112 1610 3146 exem·

543 3176 677 3237 plum
709 3174 1001 3237 provideres.
1066 3173 1172 3222 Sed
1212 3170 1332 3237 quid
1364 3187 1493 3236 opus
1530 3181 1611 3223 est

546 3250 942 3300 emendatione?
989 3248 1188 3297 Plinius
1208 3249 1280 3298 ita
1303 3248 1386 3298 hic
1409 3250 1612 3299 locutus

548 3335 649 3387 est,
683 3328 757 3374 uti
792 3327 965 3389 Epist.
1001 3340 1092 3374 ιιι.
1133 3330 1181 3376 9.
1214 3329 1261 3376 6.
1294 3328 1310 3354 ‘
1333 3327 1610 3376 Provisum

547 3403 611 3466 (i.
637 3416 684 3450 e.
707 3409 917 3451 cautum
950 3402 1061 3465 est)
1092 3402 1190 3452 hoc
1211 3402 1428 3466 legibus,
1449 3403 1611 3453 inter·

545 3477 758 3524 missum
806 3475 1015 3525 tamem·
1085 3479 1197 3525 Cic.
1234 3478 1388 3526 Verr.
1432 3493 1484 3527 v.
1525 3483 1610 3528 48.

546 3551 562 3577 ⁸
583 3550 666 3598 Ne
701 3549 909 3611 publice
944 3565 974 3598 a
1008 3553 1201 3614 populo
1237 3552 1470 3602 Romano
1493 3569 1611 3618 spo-

546 3626 816 3686 liarentur,
838 3623 1020 3673 officiis
1041 3641 1099 3674 ac
1118 3625 1219 3675 fide
1240 3629 1615 3690 providerunt.'

546 3701 715 3753 Tacit.
755 3700 892 3750 Hist.
929 3713 966 3747 ι.
997 3704 1078 3748 29.
1113 3710 1125 3730 ⁸
1151 3704 1421 3754 Provisum
1447 3707 1608 3771 adop-

554 3782 697 3831 tione
723 3775 1030 3826 videbatur.’
1077 3777 1218 3838 Ergo
1239 3781 1253 3803 ‘
1272 3780 1321 3827 iu
1348 3789 1607 3840 posterum

547 3857 826 3925 providere
883 3855 1159 3918 exemplo:
1216 3864 1294 3905 est
1339 3862 1606 3911 consulere

549 3937 868 4004 posteritati,
904 3936 1014 3984 sive
1053 3943 1276 3998 posterae
1310 3937 1475 3995 aetati,
1514 3954 1607 4002 per

547 4016 861 4079 exemplum,
877 4011 1014 4077 quod
1030 4020 1292 4074 sequatur.
1318 4013 1420 4062 Sed
1441 4017 1609 4077 possis

544 4092 768 4141 fortasse
793 4090 984 4139 rectius
1008 4088 1104 4138 hoc
1124 4088 1280 4137 Plinii
1309 4089 1420 4138 loco
1444 4092 1495 4138 in
1522 4106 1609 4140 no-

547 4169 686 4217 mine
740 4168 950 4230 exemplo
1006 4180 1286 4230 agnoscere
1356 4166 1609 4227 dativum,

548 4250 705 4309 prout
734 4243 894 4299 idem.
929 4243 1097 4309 Epist·
1130 4256 1193 4293 tt.
1219 4247 1269 4294 7.
1296 4243 1480 4296 eadem
1516 4260 1610 4297 no-

1238 355 1456 404 NOTAE
1507 353 1917 403 vARlORtJM
1969 354 2048 402 ΙΝ

1686 497 1830 546 tione
1876 496 2027 554 dixit,
2078 496 2095 523 ‘
2122 497 2242 548 Quo
2303 494 2514 561 quidem
2559 495 2763 544 honore

1685 589 1786 623 non
1823 577 1975 624 modo
2015 573 2249 624 defuncti
2282 573 2562 629 memorie.
2581 574 2760 621 dolori

1686 649 1869 713 patris,
1913 665 2092 699 verum
2132 651 2292 700 etiam
2329 650 2595 711 exemplo,
2635 663 2761 710 prov

1684 734 1921 788 spectum
1945 726 2064 775 est.'
2130 726 2257 776 Pari
2281 727 2421 775 enim
2446 726 2601 776 modo
2623 726 2758 773 diei·

1688 810 1791 858 tur,
1835 802 1851 828 ‘
1872 802 2152 864 providere
2200 801 2357 863 νήια(
2390 808 2405 829 ·
2424 800 2626 858 saluti‚'
2656 801 2756 850 rei·

1684 877 1947 940 publice,²
1969 880 2068 928 διο.
2114 879 2203 928 Sic
2227 879 2341 928 Cic.
2367 878 2493 926 Nat.
2518 878 2689 927 Deor.
2713 890 2757 927 ι.

1683 957 1733 1003 2.
1766 953 1923 1017 dixit,
1966 956 1983 982 ‘
2002 970 2032 1004 a
2057 955 2171 1004 Diis
2204 957 2322 1004 vita
2346 955 2609 1007 hominum
2633 969 2757 1004 oon-

1685 1030 1802 1090 suli,
1842 1045 1904 1080 ac
1942 1031 2227 1093 provideri,
2262 1039 2317 1080 et
2354 1029 2621 1094 prospici.'
2687 1031 2755 1080 In

1684 1106 1864 1155 codice
1895 1107 2154 1156 Vaticano
2185 1112 2332 1157 3461.
2370 1114 2426 1157 et
2459 1107 2754 1170 Guelpher-

1686 1182 1898 1245 bytano,
1944 1191 2054 1233 tota
2089 1185 2200 1232 haec
2237 1185 2518 1238 sententia.
2551 1185 2756 1247 denique

1683 1263 1739 1307 ut
1757 1259 1806 1307 in
1820 1264 2062 1321 posterum
2084 1262 2300 1323 exemplo
2318 1261 2613 1323 provideres,
2635 1275 2753 1325 per-

1686 1349 1865 1398 peram
1891 1344 1973 1385 est
1993 1336 2196 1384 omissa.
2232 1336 2474 1386 Schmun.

1751 1411 2070 1475 Habeantque
2104 1415 2315 1462 muneris
2348 1412 2447 1475 tui]
2488 1412 2538 1461 1.
2573 1426 2625 1462 e.
2663 1412 2754 1462 ha·

1687 1486 1950 1551 beantque
1974 1489 2025 1536 id
2051 1489 2276 1537 muneris
2301 1490 2398 1549 tui,
2421 1490 2534 1538 sive
2559 1490 2753 1539 benefi-

1685 1563 1771 1611 cii.
1841 1564 2085 1612 Pertinet
2106 1564 2217 1613 hoec
2241 1564 2402 1613 dictio
2419 1564 2485 1612 ad
2508 1565 2752 1614 ἐλλεη-η-

1683 1638 1771 1687 aas·
1786 1637 2054 1699 formulas,
2084 1640 2269 1703 quibus
2289 1638 2478 1689 desunt
2496 1642 2751 1690 voeabula

1688 1713 2026 1778 ‘negotium,'
2068 1714 2231 1771 ‘res‚'
2285 1722 2342 1764 et
2386 1712 2614 1776 similia;
2662 1725 2752 1766 aut

1685 1807 1799 1855 quae
1824 1791 2133 1855 supplendae
2165 1806 2261 1854 per
2295 1793 2603 1855 pronomina
2628 1807 2752 1842 neu-

1688 1871 1815 1919 trius
1840 1870 2068 1932 generis,
2099 1873 2114 1897 ⁸
2131 1869 2266 1925 hoc.⁸
2285 1877 2300 1898 ⁸
2323 1869 2411 1925 id:
2443 1876 2459 1898 ⁶
2477 1870 2606 1919 illud
2625 1868 2663 1931 ς’
2685 1870 2750 1920 de

1686 1945 1869 2009 quibus
1891 1946 2001 2007 agit
2025 1946 2269 1997 Sanctius
2289 1946 2341 1996 in
2356 1947 2622 2009 Minerva,
2637 1961 2754 2012 cap.

1684 2035 1764 2071 ιν.
1801 2037 1854 2084 p.
1890 2026 2007 2070 689.
2073 2022 2162 2071 Sic
2186 2029 2366 2072 noster
2384 2022 2547 2073 etiam
2573 2038 2749 2087 supra,

1685 2111 1782 2146 ιιι.
1807 2104 1857 2147 5.
1891 2104 1906 2127 ⁸
1925 2098 2153 2152 Pueris,
2168 2133 2183 2149 .
2198 2129 2244 2147 ..
2265 2098 2573 2163 illius,qnod
2592 2101 2749 2151 bene·

1685 2172 1869 2231 facins,
1914 2175 2143 2224 muneris
2187 2189 2319 2235 esse,
2357 2175 2448 2238 qui
2483 2185 2537 2225 te
2565 2176 2751 2227 dedit:

1684 2250 1798 2299 Cic.
1821 2250 1886 2299 de
1914 2253 2036 2313 Leg.
2062 2265 2127 2299 ιι.
2152 2256 2203 2300 3.
2237 2260 2250 2280 ·
2268 2252 2539 2316 Tanquam
2572 2253 2627 2302 id
2662 2255 2749 2303 ha-

1685 2325 1856 2375 buerit
1900 2329 2075 2390 operis
2129 2342 2192 2377 ac
2244 2327 2516 2378 numeris?
2586 2329 2748 2380 Ovid.

1682 2402 1840 2451 Trist.
1865 2417 1902 2454 1.
1924 2407 1973 2453 6.
2006 2411 2021 2432 ⁸
2040 2403 2096 2453 Si
2125 2402 2249 2467 quid
2281 2402 2453 2454 adhuc
2486 2418 2588 2468 ego
2617 2420 2747 2468 snm,

1683 2479 1908 2528 muneris
1949 2494 2101 2529 omne
2141 2483 2217 2531 tui
2252 2481 2371 2530 est.’
2438 2481 2589 2531 Idem
2617 2483 2748 2531 Met.

1686 2568 1806 2604 xiv.
1843 2560 1956 2605 125.
1991 2558 2218 2621 ‘Meque
2261 2557 2469 2607 fatebor
2513 2558 2747 2607 Muneris

1683 2647 1792 2681 esse
1820 2631 1932 2681 tui-⁹
2002 2634 2110 2682 Pro
2137 2634 2375 2697 proximo
2391 2632 2553 2683 verbo
2570 2635 2749 2683 discer-

1681 2723 1809 2765 nere.
1862 2710 1912 2758 in
1956 2709 2146 2759 codice
2192 2710 2485 2773 Putavinn,=
2512 2719 2569 2759 et
2615 2711 2746 2760 libro

1683 2786 1956 2844 Vossiano‚
1974 2788 2221 2850 scriptum
2245 2796 2326 2836 est
2340 2789 2607 2837 decernere.
2639 2787 2722 2838 Id.

1751 2863 1927 2926 Decipi
1948 2878 2042 2913 non
2058 2863 2335 2928 potuerunt]
2362 2864 2573 2929 Nempe
2591 2865 2747 2913 simu-

1685 2939 1792 2988 lato
1818 2941 2023 3003 gaudio,
2055 2940 2296 3003 fictisque
2324 2939 2564 2989 laudibus
2586 2949 2641 2989 et
2663 2955 2747 2990 ac·

1684 3017 2098 3066 clamationibus.
2165 3015 2371 3066 Plinius
2408 3030 2584 3079 snpra,
2618 3029 2751 3066 ιιιι.

1684 3095 1734 3141 9.
1769 3093 1998 3156 ‘Singuli
2041 3092 2289 3157 decipere
2325 3101 2380 3141 et
2418 3091 2593 3157 decipi
2634 3107 2746 3157 pos-

1685 3175 1838 3228 sunt;
1871 3183 2022 3218 nemo
2046 3182 2241 3225 omnes,
2267 3168 2528 3218 neminem
2551 3182 2749 3232 omnes,

1682 3241 2020 3294 fefellerunt!
2088 3245 2271 3295 Codex
2299 3244 2628 3308 Parisiensis,
2652 3259 2748 3310 pre

1676 3325 1919 3382 poterunt,
1942 3320 2098 3371 habet
2116 3323 2317 3385 possint.
2350 3320 2519 3370 Idem.

1751 3397 1866 3445 Non
1887 3398 2217 3462 deserendum]
2238 3396 2373 3446 Vide
2390 3412 2545 3461 quam
2568 3397 2748 3462 inepte

1683 3472 1922 3522 librarius
1967 3477 2021 3523 in
2047 3473 2228 3524 codice
2253 3473 2661 3538 salisburgensi,
2693 3483 2749 3525 et

1682 3564 1819 3611 meo,
1844 3551 2135 3614 corruperit
2152 3551 2535 3615 inverteritqne
2552 3550 2646 3601 has
2664 3566 2748 3602 vo·

1683 3641 1790 3688 ces,
1814 3626 1934 3676 dum
1974 3642 2068 3690 pro
2100 3628 2161 3676 iis
2193 3627 2424 3689 reposuit
2455 3628 2543 3676 sed
2572 3643 2667 3677 non
2687 3630 2749 3677 cd

1681 3705 1947 3754 secundam.
2012 3703 2150 3753 Item
2177 3718 2278 3753 non
2308 3703 2474 3753 minus
2508 3704 2747 3754 librarius

1682 3780 1875 3830 codicis
1899 3780 2137 3829 Patavini
2155 3778 2388 3829 turbavit
2403 3779 2542 3829 hunc
2560 3782 2746 3843 locum,

1680 3860 1796 3922 iter,
1811 3861 1893 3909 sed
1915 3859 2276 3918 bommsumuns
2297 3874 2391 3908 nott
2413 3860 2745 3915 deserenda-⁸3

1682 3937 1815 3985 unde
1849 3937 2156 3985 deserendam
2195 3936 2353 3984 etiam
2390 3944 2672 3986 annotatur
2694 3938 2744 3984 in

1683 4012 1815 4062 libro
1843 4013 2117 4061 vossiano.
2151 4013 2416 4067 Ceterum,
2437 4010 2611 4062 refero
2631 4013 2745 4066 huc,

1681 4102 1796 4150 quae
1844 4089 2048 4139 Plinius
2092 4086 2301 4150 scripsit
2339 4085 2516 4149 Epist.
2556 4100 2635 4136 ιν.
2667 4091 2748 4136 29.

1680 4168 1696 4191 ⁸
1719 4163 2029 4227 Instituere‚
2066 4165 2148 4214 vel
2185 4163 2455 4225 reducere,
2493 4163 2746 4227 ejusmodi

1680 4243 1998 4308 exemplum,
2038 4255 2142 4292 non
2169 4241 2270 4291 nisi
2304 4241 2508 4304 severi3
2540 4241 2747 4292 institn-
