3060 4902
771 384 838 431 c.
887 382 1130 432 num
1181 382 1512 432 saeuum
1567 382 1840 431 mune.
1922 385 1969 432 1.
2015 368 2121 433 81.

333 540 452 578 nem
506 524 772 591 gentilium
816 526 1115 590 cultumque
1164 523 1396 575 fiebunt?

335 606 601 667 scaligero
627 614 820 664 tamen,
842 603 1134 653 poet-xm.
1152 608 1234 653 90.
1259 602 1398 651 aliis-

333 695 434 744 que
461 681 585 728 viris
607 680 796 737 doctis,
821 680 984 741 magis
1008 681 1259 741 probatur
1284 694 1398 741 pos-

335 756 499 806 terior
521 755 854 818 etymologis.
907 756 1109 803 Seneca
1133 756 1300 817 Epist.
1318 757 1400 802 41.

334 835 352 862 ⁸
377 833 434 881 Si
470 832 566 881 tibi
596 832 823 881 occurrit
856 832 1080 882 vetustis
1113 831 1399 891 arboribus,

337 915 392 959 et
430 910 638 958 solitum
676 908 999 957 altitudinem
1040 909 1261 971 egressis
1298 907 1399 956 fre·

338 998 502 1050 quens
525 985 690 1042 luens,
708 992 761 1033 et
779 993 1114 1046 conspectum
1134 985 1250 1033 coeli
1277 984 1400 1033 den·

339 1063 496 1112 nitate
520 1076 796 1122 rumorum,
832 1062 1044 1109 oliorum
1069 1061 1193 1110 ulios
1232 1069 1400 1123 prote-

341 1139 593 1203 gentium,
631 1137 960 1199 submovens,
997 1137 1082 1184 illa
1120 1138 1403 1199 proceritas

339 1216 501 1276 silve,
524 1222 580 1263 et
615 1222 869 1264 secretum
902 1213 1022 1275 loci,
1046 1221 1099 1262 et
1125 1212 1403 1262 admiratio

342 1291 560 1350 umbre,
587 1291 637 1340 in
680 1297 865 1352 aperto
902 1297 1004 1338 tsm
1040 1290 1215 1338 densa
1249 1299 1405 1352 atque

342 1368 621 1429 continua»,
657 1366 811 1415 fidem
848 1366 944 1416 tibi
985 1366 1204 1414 numinis
1239 1364 1406 1414 facit.’

344 1444 504 1495 ovid.
541 1442 718 1492 Amor.
743 1454 832 1491 ut.
862 1447 905 1490 1.
949 1442 1105 1490 ‘Stat
1144 1448 1314 1502 vetus,
1351 1449 1405 1490 et

343 1521 533 1570 multos
556 1519 762 1569 incidite
787 1519 917 1567 silva
943 1532 1037 1581 per
1055 1532 1244 1578 ennos3
1281 1517 1405 1566 Cre·

345 1598 507 1647 dibile
549 1602 650 1651 est,
696 1597 769 1645 illi
813 1610 998 1644 numen
1044 1595 1214 1643 inesse
1261 1593 1413 1643 loco.'

345 1675 427 1724 De
450 1674 1058 1736 consecratisgentilium
1085 1672 1228 1730 lucis,
1247 1672 1296 1719 in
1319 1686 1406 1734 pe-

346 1752 525 1801 culiari
563 1751 954 1809 dissertatione,
1002 1764 1083 1796 an.
1126 1753 1272 1797 1686.
1318 1748 1408 1797 Al·

346 1827 481 1878 torfii
538 1826 730 1883 habits,
775 1839 840 1873 ex
897 1825 1137 1872 instituto
1184 1824 1292 1886 egit
1333 1824 1409 1871 vir

347 1902 604 1968 quondum
647 1902 989 1955 doctissimus,
1034 1900 1197 1948 Andr.
1238 1900 1407 1949 Cliris·

348 1981 521 2030 tisuus
547 1978 980 2028 Esclienbscliius.
1015 1976 1254 2026 Scltwurz.

418 2059 682 2106 Occursare
704 2052 996 2114 nuntinibus]
1033 2053 1078 2102 1.
1108 2068 1156 2101 e.
1191 2053 1406 2103 numini·

348 2133 446 2183 bus
476 2130 781 2182 venerandis
807 2131 1174 2193 plac-udisque
1198 2145 1409 2192 operam

350 2209 495 2258 dare.
577 2208 732 2257 Unde
774 2215 828 2257 et
871 2208 972 2256 boc
1017 2208 1225 2256 verbum
1273 2208 1410 2270 spud

351 2287 610 2338 Romanos
634 2286 904 2335 diceb-tur
940 2284 1004 2333 de
1037 2284 1206 2333 studio
1233 2284 1411 2333 candi·

352 2364 612 2426 datorum,
630 2364 715 2427 qui
739 2362 1080 2411 occurrebant
1105 2362 1167 2409 iis
1186 2362 1412 2410 salutau-

352 2439 432 2491 dis
449 2446 501 2490 et
522 2438 841 2504 prensandis,
862 2454 1078 2504 quorum
1107 2438 1414 2488 benevolen-

352 2521 478 2569 tium
504 2524 558 2568 et
580 2516 874 2578 suffragium
901 2516 998 2564 sibi
1033 2517 1312 2565 conciliare
1339 2518 1413 2565 ni·

353 2595 617 2646 tebsntur.
682 2594 794 2643 Cic.
820 2607 915 2656 pro
941 2592 1155 2652 Milone,
1195 2607 1309 2654 cap.
1332 2595 1414 2642 35.

352 2673 369 2700 ⁶
393 2671 601 2720 Vestras
625 2677 680 2719 et
705 2677 988 2719 vestrorum
1014 2670 1416 2724 occursationvs,

355 2747 547 2807 studia,
585 2761 867 2806 sermones,
903 2760 1261 2808 quemcunque
1300 2759 1415 2793 cnr-

353 2840 466 2874 sum
501 2822 712 2872 fortuna
748 2823 973 2883 dederit,
1008 2836 1179 2871 secum
1221 2821 1416 2869 ablatu-

355 2916 470 2950 rum
509 2898 669 2949 dicit.'
753 2897 836 2948 Cf.
872 2906 1050 2947 notata
1091 2898 1152 2945 ad
1193 2911 1332 2946 xxv.
1371 2903 1418 2946 5.

355 2978 438 3027 Ex
483 2976 799 3039 mythologie
843 2990 963 3023 vero
1019 2982 1246 3034 constat,
1301 2989 1417 3038 quae

355 3053 680 3117 potissimum
733 3052 939 3100 numina
992 3052 1299 3100 venantibus
1344 3050 1418 3098 fa·

355 3144 485 3180 vere
515 3127 719 3177 creditu
751 3127 871 3182 sint,
904 3135 957 3175 et
990 3127 1040 3174 in
1081 3127 1225 3175 silvis
1260 3127 1420 3188 agris-

356 3221 461 3273 que
485 3207 583 3256 coli
607 3206 992 3255 consueverint:
1021 3221 1207 3267 nempe
1227 3206 1420 3260 Diana,

357 3284 491 3348 (vid.
507 3283 684 3332 Nostr.
703 3283 870 3346 Epist.
892 3296 930 3330 ι.
949 3282 1028 3345 6.)
1049 3284 1177 3337 Pan,
1195 3283 1423 3343 Faunus,

358 3365 557 3429 Satyri,
594 3365 850 3426 Silvanus,
900 3363 1177 3426 Nympliae‚
1217 3368 1271 3410 et
1317 3362 1420 3412 alii.

362 3444 518 3493 Idem.

429 3519 745 3583 Numinibus]
784 3519 1058 3569 Lucerum.
1078 3514 1424 3575 fontium,flu-

360 3596 574 3652 minum,
619 3597 804 3660 quilius
849 3593 1061 3654 singulis
1106 3608 1200 3641 sus
1245 3592 1424 3640 edesse

360 3673 577 3723 numius
601 3680 805 3721 veteres
824 3671 1185 3733 opinabantur.
1210 3668 1428 3717 Patami.

435 3748 590 3812 Olim]
644 3746 926 3796 Abundsnt
973 3746 1226 3808 exemplis
1271 3746 1426 3792 bisto-

363 3826 585 3875 ricorum
629 3830 684 3872 et
731 3822 1003 3884 poetarum
1042 3821 1177 3870 libri.
1248 3820 1427 3868 Videri

364 3908 542 3966 potest
568 3915 674 3964 prae
706 3899 896 3948 ceteris
930 3898 1216 3961 Xenophon
1237 3898 1302 3945 de
1328 3898 1425 3945 Ve-

364 3979 598 4028 nutione.
633 3977 785 4026 Idem.

389 4077 400 4084 ·
433 4055 564 4103 otim
602 4054 704 4102 itoec
737 4050 1054 4116 experientia]
1109 4050 1322 4107 Dubito,
1363 4064 1428 4099 sn

362 4145 493 4192 non,
515 4131 851 4192 experimenta.
920 4129 1022 4177 Sed
1057 4126 1262 4190 qnando
1286 4125 1433 4176 olim?

368 4211 455 4256 vix
486 4219 609 4256 sune
642 4213 840 4254 veteres
867 4206 1121 4253 Romanos
1158 4202 1431 4252 factitasse

369 4285 534 4349 leges,
577 4282 664 4348 qni
712 4296 742 4330 a
786 4283 948 4344 prima
993 4280 1343 4332 adolescentis
1379 4282 1432 4330 in

2409 369 2539 433 995

1473 526 1676 585 militis,
1693 532 1781 575 sut
1804 526 1914 590 ejus
1936 526 2200 576 exercitiis
2218 532 2383 575 erant.
2435 527 2538 575 Sed

1476 611 1530 652 et
1555 605 1763 653 Sallust.
1785 605 1940 654 Catil.
1967 618 2044 653 iv.
2068 607 2116 653 2.
2149 605 2165 631 ⁸
2193 618 2371 666 agrum
2403 604 2539 653 colo·

1478 694 1553 735 re,
1577 688 1632 728 et
1660 682 1859 743 venari,
1893 682 2164 731 servilibus
2199 678 2415 731 officiis'
2450 680 2541 730 ad·

1476 757 1674 807 scribit.
1756 757 1907 806 Licet
1946 767 2115 805 tamen
2152 758 2368 820 opinari,
2404 758 2539 808 baud

1476 833 1766 895 neglexisse
1793 848 2019 896 prorsus,
2043 833 2141 882 etsi
2176 834 2227 881 in
2266 833 2417 882 laude
2448 841 2540 884 siit

1477 925 1604 960 curs
1627 926 1727 960 non
1753 910 2011 959 babuisse.
2044 910 2239 958 Postea
2262 908 2541 960 invaluisse

1476 986 1613 1034 haud
1640 1001 1790 1047 nego,
1815 986 1961 1042 odeo,
1992 994 2048 1033 ut
2083 985 2396 1035 Maximinus
2421 986 2539 1050 (sed

1476 1063 1651 1111 Thrax
1690 1064 1792 1117 ille,
1826 1070 1878 1111 et
1916 1062 2188 1126 barbarus)
2210 1064 2362 1111 ‘solis
2387 1078 2540 1112 vena-

1478 1138 1708 1187 tionibus
1766 1138 1994 1201 legiones
2043 1137 2345 1203 freqnonter
2391 1154 2542 1188 exer·

1478 1214 1663 1264 ceret.'

1480 1294 1529 1339 8.
1566 1290 1701 1351 Lips.

1551 1367 1707 1430 Olim]
1740 1367 1928 1415 Statim
1966 1367 2213 1416 Romulus
2249 1375 2305 1416 et
2332 1368 2542 1418 Remus.

1483 1445 1597 1493 Liv.
1624 1449 1729 1494 1.4.
1765 1445 1779 1471 ‘
1810 1445 1938 1493 Cum
1964 1445 2185 1506 primum
2210 1445 2440 1494 adolevit
2474 1460 2541 1494 ω·

1484 1528 1580 1584 tas,
1615 1536 1711 1570 nec
1746 1522 1797 1569 in
1834 1520 2073 1581 stabulis,
2114 1536 2211 1569 nec
2245 1520 2310 1569 ud
2356 1535 2545 1584 pecora

1483 1612 1684 1660 segnes,
1710 1598 1945 1646 venando
1970 1610 2248 1660 peragrare
2273 1597 2413 1647 circs
2448 1599 2545 1646 ssl-

1486 1682 1589 1723 tns.
1643 1672 1783 1722 Hinc
1806 1674 1987 1722 robore
2011 1673 2315 1735 corporibus
2340 1674 2551 1722 animis·

1485 1765 1583 1813 que
1606 1748 1813 1813 sumto,’
1835 1752 1936 1797 ὅτε.
1994 1750 2185 1798 Pollux
2210 1747 2431 1799 Praefat.
2457 1748 2548 1798 lib.

1488 1843 1544 1876 v.
1571 1828 1636 1876 de
1662 1829 1967 1876 venatione:
2001 1833 2015 1855 ⁸
2042 1827 2157 1876 Hoc
2195 1828 2421 1877 studium
2462 1827 2551 1876 be·

1487 1908 1678 1953 roicnm
1704 1907 2007 1968 regiumque
2032 1912 2133 1964 est,
2154 1905 2288 1953 etad
2314 1906 2549 1968 corporis

1486 1982 1748 2044 animique
1777 1981 1962 2030 bonam
1987 1980 2407 2030 constitutionem
2431 1995 2552 2029 con·

1487 2059 1619 2121 fert3
1645 2069 1825 2123 estque
1851 2067 1953 2108 tam
1974 2059 2193 2123 placidae
2218 2058 2554 2121 fortitudinis,

1486 2151 1638 2201 quam
1664 2136 1901 2184 militaris
1930 2136 2155 2184 asidaeiae
2182 2136 2467 2199 specimen,
2485 2135 2550 2183 sd

1490 2212 1790 2260 virilitatem
1826 2210 1989 2260 utile.'
2060 2211 2197 2259 Hinc
2234 2211 2440 2274 publice
2467 2227 2552 2260 ve·

1491 2289 1595 2335 nari
1623 2295 1831 2337 coactus
1853 2302 1942 2335 rex
1963 2288 2261 2336 Persarum.
2309 2288 2554 2350 Xenopb.

1491 2365 1770 2428 Cyropaed.
1806 2378 1845 2413 ι.
1885 2370 1935 2413 6.
2008 2364 2125 2413 Hoc
2161 2364 2332 2413 studio
2362 2374 2415 2413 et
2450 2365 2554 2412 Mi·

1491 2440 1781 2492 thridates:
1818 2439 2078 2490 ‘Insidias
2119 2440 2318 2502 vitavit,
2346 2445 2401 2489 et
2440 2455 2553 2489 cor-

1491 2535 1589 2583 pus
1630 2520 1696 2568 nd
1736 2534 1935 2568 omnem
1976 2519 2281 2582 patientiam
2316 2516 2559 2580 duravit,'

1493 2605 1551 2646 ut
1594 2596 1756 2646 refert
1801 2596 1992 2648 Justin.
2040 2610 2268 2645 xxxvii.
2315 2600 2364 2644 2.
2398 2600 2446 2644 9.
2490 2595 2555 2644 sd

1490 2688 1641 2738 quem
1662 2673 1777 2721 vide
1795 2681 1967 2722 notum
1985 2674 2249 2735 Bernegg.
2272 2672 2501 2722 Frischm.

1566 2750 1695 2797 Olim
1717 2751 1817 2798 Itoec
1838 2748 2157 2812 experientia]
2193 2750 2411 2798 Bebrius
2437 2762 2557 2797 ceu-

1493 2835 1593 2882 set,
1618 2827 1843 2875 Plinium
1866 2842 1957 2888 per
1977 2842 2150 2877 vocem
2170 2828 2279 2874 olim
2300 2825 2564 2889 respicere

1493 2902 1765 2953 historiam
1792 2901 2108 2962 fabularem3
2144 2917 2328 2965 nempe
2354 2901 2559 2950 Hercu·

1494 2979 1614 3036 lem,
1652 2987 1706 3028 et
1744 2980 2086 3041 Meleagrum,
2125 2987 2177 3026 et
2208 2979 2403 3039 priscos
2432 2979 2558 3027 alios

1494 3054 1708 3115 bero’es3
1745 3069 1957 3118 quorum
1998 3055 2084 3102 ille
2123 3055 2324 3102 leonem
2367 3052 2557 3101 Neme-

1497 3147 1650 3191 aeum,
1683 3131 1815 3179 alter
1851 3144 2031 3192 aprum
2074 3129 2428 3184 caledonium,
2472 3129 2557 3177 alii

1495 3208 1630 3258 feras
1668 3208 1810 3268 alias,
1842 3205 2180 3261 confecerint.
2216 3220 2402 3267 magno
2426 3205 2562 3268 agri·

1498 3286 1724 3336 colurum
1783 3284 2149 3332 emolumento.
2237 3283 2356 3331 Non
2413 3297 2563 3344 nego,

1498 3358 1788 3411 istiusmodi
1811 3358 2163 3421 exemplabile
2182 3355 2363 3406 referri
2384 3372 2532 3419 posse
2550 3373 2565 3416 ς

1499 3446 1550 3486 at
1592 3446 1738 3500 puto,
1778 3450 1876 3483 nec
1915 3443 2118 3484 veteres
2159 3435 2412 3483 Romanos
2448 3435 2568 3483 binc

1498 3512 1730 3572 excludi,
1780 3513 1932 3561 immo
1976 3511 2298 3574 potissimum
2346 3511 2563 3573 intelligi

1500 3590 1714 3651 debere,
1750 3589 1869 3652 qnia
1911 3589 2167 3651 sequitur,
2201 3590 2215 3616 ‘
2252 3587 2327 3636 liis
2372 3588 2564 3637 artibus

1501 3666 1660 3714 duces
1706 3662 2118 3713 imbuebantur.’
2212 3663 2564 3713 Romanorum

1504 3752 1676 3792 sutem
1702 3741 1940 3807 quaedam
1965 3743 2202 3804 exempla
2227 3751 2278 3790 et
2304 3743 2411 3803 ipse
2433 3741 2570 3788 Beli-

1730 1215 2014 1277 Gspitolin.
2037 1215 2086 1263 in
2111 1216 2226 1280 ejus
2252 1216 2393 1279 Vits,
2428 1230 2544 1279 esp.

1503 3821 1607 3868 rins
1631 3820 1923 3869 annotavit.
1980 3821 2067 3868 Sic
2090 3821 2201 3868 Liv.
2230 3832 2265 3866 ι.
2289 3823 2335 3866 4.
2359 3818 2424 3867 de
2442 3816 2569 3878 ipsis

1503 3897 1681 3961 primis
1703 3896 1841 3944 urbis
1863 3897 2039 3944 Roma».
2066 3894 2442 3954 conditoribus,
2470 3894 2569 3942 Ro-

1505 3974 1641 4022 mulo
1671 3980 1725 4019 et
1752 3972 1952 4020 Remo:
1988 3980 2002 4000 ‘
2029 3971 2157 4019 Cum
2192 3970 2411 4032 primum
2445 3970 2569 4020 ado-

1503 4050 1632 4098 levit
1668 4057 1814 4107 aetos,
1851 4047 2088 4095 venando
2114 4061 2407 4110 peragrare.
2430 4048 2572 4097 eirca

1505 4126 1684 4172 saltus.
1766 4122 1904 4170 Hinc
1931 4122 2116 4175 robore
2141 4123 2444 4185 corporibus
2469 4127 2575 4174 sni.

1507 4202 1705 4260 misque
1730 4205 1915 4254 sumto,
1941 4200 2050 4262 jam
2077 4214 2176 4249 non
2202 4199 2341 4247 feros
2368 4209 2570 4251 tantum

1506 4276 1813 4339 subsistere,
1855 4275 1963 4325 sed.
2006 4276 2081 4326 iu.
2111 4277 2338 4326 lstrones
2395 4279 2573 4342 prreds
