3060 4902
786 397 857 444 0.
907 395 1158 444 Pmml
1205 392 1536 445 8301]an
1590 396 1867 446 PANEG.

348 536 701 589 obstinatione
731 545 859 589 sunt
896 538 1110 600 snrdae3
1145 554 1261 605 quae
1301 545 1424 590 sunt

345 615 720 680 inexorabiles,
743 631 845 666 nec
866 624 1049 681 patent
1074 617 1285 666 aliorum
1305 631 1421 681 pre·

344 693 513 753 cibus,
534 694 992 758 sermonibusque,
1014 694 1221 742 etiamsi
1238 693 1420 743 andire

345 771 566 831 possint.
630 770 722 819 Sic
771 771 961 819 Tacito
1013 770 1152 819 Hist.
1206 783 1294 819 ιιι.
1341 775 1421 819 67.

348 846 368 871 ‘
397 847 574 895 surdae
623 845 689 894 ad
744 844 903 895 sortia
948 846 1162 895 consilia
1205 847 1421 895 Vitellio

351 921 543 977 aures,’
566 920 852 982 dicuntur3
877 930 929 971 et
947 922 1300 972 Quinctiliauo
1320 923 1421 971 De·

349 997 502 1045 clam.
530 1010 611 1046 vr.
643 1000 694 1047 3.
727 1002 743 1024 ¹
769 997 911 1046 surdi
948 999 1082 1045 votis
1119 998 1249 1046 Dii.’
1292 998 1421 1046 Cur-

351 1072 458 1122 tius
480 1085 563 1121 rx.
585 1077 639 1121 2.
675 1076 692 1100 ⁸
719 1071 900 1121 surdas
922 1072 1232 1136 jamdudum
1271 1088 1422 1121 aures

351 1151 504 1212 pulso
520 1148 556 1210 ς’
590 1157 647 1198 et
688 1163 805 1213 cap.
845 1153 926 1198 lo.
971 1152 986 1178 ⁸
1020 1150 1191 1201 Quum
1232 1149 1424 1199 frustra

352 1225 538 1275 surdas
563 1240 714 1274 aures
740 1226 879 1289 regis
900 1225 1223 1290 fatigarent!
1271 1228 1421 1275 Idem.

418 1303 589 1351 Donec
616 1302 822 1366 scirent]
857 1303 1027 1353 AEtate
1070 1304 1124 1353 in
1168 1309 1420 1353 maturam

351 1386 647 1429 crescente.
684 1379 905 1428 Pater-ol.

421 1455 591 1503 Donec
607 1455 971 1519 plane-scirent]
1019 1453 1302 1518 Quousque
1329 1455 1421 1516 igi-

351 1531 481 1579 tur?
523 1529 591 1578 ad
629 1530 957 1578 undecimum
994 1543 1202 1592 annum,
1238 1545 1301 1578 ex
1344 1531 1420 1578 his

353 1606 590 1655 Suetonii
605 1619 723 1668 cap.
747 1610 829 1655 41.
851 1607 904 1654 in
931 1605 1066 1667 Aug.
1097 1606 1113 1633 ‘
1137 1606 1421 1669 Congiaria

351 1685 552 1747 populo
584 1681 890 1747 frequenter
925 1683 1088 1739 dedit,
1126 1696 1190 1731 ac
1225 1698 1292 1731 ne
1330 1684 1421 1732 mi·

349 1773 507 1809 nores
524 1759 733 1823 quidem
750 1774 939 1823 pueros
957 1759 1234 1823 praeteriit,
1246 1774 1422 1822 quam-

352 1835 429 1884 vis
456 1843 583 1884 ante
606 1850 710 1883 non
735 1836 828 1884 nisi
862 1835 929 1884 ab
958 1835 1227 1884 undecimo
1252 1837 1423 1884 aetatis

351 1925 491 1961 anno
516 1911 758 1975 accipere
781 1911 1155 1961 consuessent.’
1189 1911 1420 1974 Majores

349 1987 517 2050 igitur
546 1989 721 2051 pueri,
755 1988 847 2037 sed
874 1995 1048 2037 tamen
1081 1986 1250 2038 adbuc
1274 1988 1422 2052 pueri

351 2063 658 2127 capiebant.
701 2065 837 2128 Lips.

367 2156 372 2161 ‘
415 2144 814 2210 Differebontwr]
852 2145 924 2195 H.
959 2159 1008 2194 e.
1051 2144 1422 2209 rejiciebantur

350 2219 404 2269 in
427 2220 570 2269 alind
599 2230 826 2285 tempus,
864 2229 918 2270 et
956 2222 1174 2270 maxime
1214 2222 1264 2269 in
1306 2235 1418 2269 eam

352 2305 589 2359 aetatem,
627 2297 718 2346 nbi
744 2298 856 2361 jam
893 2298 1094 2361 planius
1130 2298 1426 2360 intelligere*

349 2382 586 2437 possent,
607 2374 727 2437 quid
753 2380 1013 2438 peterent,
1046 2373 1233 2438 quidve
1259 2375 1420 2437 impe·

348 2458 575 2500 trarent.
610 2451 828 2501 Sueten.
857 2449 990 2514 Aug.
1013 2465 1125 2513 cap.
1142 2456 1224 2501 41.
1248 2448 1422 2513 docet,

352 2529 481 2577 alias
515 2542 707 2591 pueros
741 2530 1046 2594 plerumque
1080 2545 1180 2578 non
1221 2529 1322 2577 nisi
1355 2530 1420 2579 ab

349 2604 629 2655 undecimo
654 2606 824 2656 aetatis
840 2620 975 2655 anno
998 2607 1315 2669 congiarium
1335 2621 1420 2655 ac·

348 2683 531 2746 cipere
547 2696 844 2732 consuesse.
889 2683 1152 2738 Ceterum,
1177 2681 1419 2746 frequen-

349 2759 552 2808 tissime
596 2759 806 2823 quidem
849 2773 967 2818 res;
1004 2775 1054 2809 v.
1096 2775 1147 2823 g.
1194 2770 1421 2823 tempus,

352 2848 519 2897 arma,
575 2833 793 2898 bellum,
843 2836 1129 2892 consilium,
1186 2837 1307 2896 iter,
1364 2845 1420 2885 et

349 2915 601 2960 sexcenta
620 2911 752 2972 alia3
783 2911 946 2960 rarius
969 2918 1139 2960 autem
1161 2926 1420 2976 personae,

349 2989 461 3038 sive
480 2989 733 3045 homines,
756 2986 953 3038 differri
971 2988 1232 3038 dicuntur.
1269 2990 1420 3037 Dixit

350 3071 531 3114 tamen
556 3063 669 3127 ipse
690 3063 803 3114 Cic.
826 3063 891 3112 ad
914 3065 1061 3113 Fam.
1089 3077 1144 3112 v.
1166 3069 1246 3114 12.
1282 3065 1297 3089 ‘
1326 3066 1418 3114 Sin

351 3150 534 3191 autem
575 3138 753 3190 differs
790 3154 875 3189 me
921 3140 974 3189 in
1020 3147 1227 3203 tempus
1266 3140 1423 3202 aliud,

350 3232 532 3268 coram
557 3225 731 3266 tecum
754 3213 967 3281 loquar!
999 3216 1169 3264 Tacit.
1191 3215 1333 3264 Hist.
1359 3230 1420 3264 n.

349 3299 436 3345 ⁷1.
488 3303 505 3325 ’
536 3293 783 3343 Vitellius
824 3292 1089 3342 Valerium
1135 3292 1420 3355 Marinum,

350 3371 673 3421 destinatum
701 3382 733 3418 a
760 3369 928 3420 Galba
948 3368 1232 3430 consulem,
1254 3369 1419 3418 distu-

349 3449 449 3500 lit.’
515 3449 589 3497 Et
617 3446 757 3497 Hist.
793 3458 881 3495 nr.
921 3449 1002 3494 ⁶1.
1042 3448 1057 3474 ⁴
1090 3447 1420 3495 Distulerant

348 3526 650 3591 gregarium
679 3522 926 3588 equitem,
957 3532 1201 3587 tanquam
1224 3523 1422 3587 majora

351 3605 622 3663 meritum,
658 3614 811 3666 quam
837 3613 952 3665 quae
980 3599 1156 3649 statim
1184 3601 1422 3649 exsolve-

350 3678 575 3730 rentur!
603 3677 844 3728 Schmun.

415 3755 733 3818 Sestinuissi]
768 3753 814 3803 1.
837 3768 886 3803 e.
922 3760 975 3802 tu
1008 3766 1074 3802 ne
1098 3752 1305 3817 quidem
1330 3768 1419 3803 ex-

350 3835 602 3901 pectasti,
624 3834 745 3883 dum
765 3830 1038 3895 rogareris.
1105 3831 1419 3881 Germanice

350 3912 578 3962 reddere
623 3909 817 3976 possis,
858 3908 948 3957 Du
989 3908 1098 3956 host
1138 3909 1250 3957 dicti
1286 3909 1420 3957 nicht

348 3990 558 4040 εἰπυιαυ
587 4003 640 4038 so
673 3989 817 4049 longe
846 3985 1086 4049 geduleet,
1119 3983 1192 4033 bis
1226 3988 1290 4035 du
1327 4001 1420 4035 nur

347 4065 540 4118 cratia-1⁸
575 4079 658 4115 um
692 4066 774 4115 die
806 4062 1042 4112 moluntur
1071 4061 1249 4111 wiirese
1271 4079 1418 4125 onge-

344 4144 565 4208 nprocken
582 4143 797 4193 worden.
833 4139 850 4167 ⁶
869 4139 1160 4189 sustinere·
1184 4139 1417 4190 hocloco

350 4232 441 4285 est,
472 4221 618 4287 quasi
651 4232 774 4269 cum
808 4215 1064 4279 patientia
1084 4215 1304 4279 quadam
1328 4221 1436 4266 ex-'

343 4308 586 4364 pectere3
622 4300 681 4349 ot
715 4292 799 4344 sic
829 4302 974 4355 saepe
994 4288 1188 4341 dicitur
1207 4290 1275 4342 de
1305 4306 1417 4344 cre·

1944 396 1991 443 1.
2036 379 2145 445 26.
2432 380 2563 447 565

1497 539 1774 595 ditoribus,
1828 539 1915 605 qui
1963 538 2230 603 patienter
2273 546 2564 602 expectant

1496 617 1803 665 solutionem
1849 616 2157 665 debitorum.
2226 615 2311 665 Ita
2344 617 2564 679 conjun-

1498 693 1577 757 git
1611 693 1721 742 haec
1758 693 1918 742 verba
1956 694 2184 742 Martiai.
2224 706 2303 742 tx.
2335 698 2384 741 4.
2417 697 2431 721 ⁸
2460 695 2562 742 Ex-

1498 777 1725 832 speetes,
1767 779 1818 816 et
1865 771 2136 830 sustineas,
2176 769 2433 831 Auguste,
2474 784 2565 818 ne·

1500 861 1642 894 cesse
1668 853 1779 905 est3
1820 847 1952 894 Nam
1980 847 2069 893 tibi
2096 846 2232 908 qtrod
2257 846 2445 903 solvat,
2463 860 2564 895 uon

1498 924 1653 971 habet
1679 936 1797 969 arca
1820 923 2006 973 Jovis!
2043 924 2155 971 Cic.
2177 922 2240 969 ad
2268 923 2432 971 Attic.
2458 937 2564 972 ΧΠ.

1498 1004 1579 1047 51.
1616 1008 1627 1027 ‘
1655 1001 1975 1047 Sustine-uda
2011 1008 2203 1061 tamen,
2232 1000 2273 1046 si
2304 1000 2394 1047 tibi
2424 1001 2565 1049 vide·

1499 1076 1659 1136 bitur,
1695 1078 1882 1124 solutio
1906 1084 1986 1124 cst
2012 1076 2229 1124 nominis
2254 1077 2567 1137 Caerelliani,

1498 1152 1620 1200 dum
1661 1159 1715 1199 et
1753 1152 1817 1199 de
1852 1153 2092 1214 Metoue,
2129 1159 2184 1199 et
2220 1151 2286 1200 de
2324 1151 2565 1216 Faberio,

1499 1226 1761 1277 sciamus!
1798 1228 1949 1276 Idem.

1562 1304 1871 1366 Sustinuisti]
1920 1312 1933 1334 ⁸
1958 1305 2136 1354 Caesar
2174 1319 2275 1352 non
2322 1304 2568 1353 sustinuit

1497 1380 1727 1436 imitari,’
1762 1383 1903 1430 Suet.
1939 1397 1986 1430 c.
2008 1386 2090 1429 75.
2126 1389 2139 1411 ·
2168 1382 2286 1430 Non
2319 1381 2568 1430 sustinuit

1498 1460 1548 1507 ei
1599 1459 1824 1520 nocere,'
1873 1474 1922 1509 c.
1962 1465 2044 1509 74.
2098 1462 2114 1489 ‘
2159 1461 2277 1508 Non
2325 1461 2568 1509 occidere

1497 1539 1780 1601 sustinuit,'
1816 1539 1932 1586 Val.
1954 1539 2102 1588 Max.
2125 1552 2251 1588 vm.
2271 1543 2319 1586 9.
2337 1544 2385 1587 2.
2420 1540 2435 1566 ‘
2456 1540 2567 1588 De-

1500 1614 1704 1676 precari
1730 1629 1823 1677 pro
1848 1629 1902 1662 se
1928 1628 2029 1662 non
2049 1613 2399 1675 sustinerent,’
2432 1614 2569 1663 Ven.

1499 1690 1681 1738 Pater.
1708 1704 1768 1738 ιι.
1793 1695 1873 1739 86.
1907 1691 1922 1716 ‘
1950 1692 2122 1739 Nemo
2154 1698 2378 1739 armatus
2412 1704 2567 1754 opem

1500 1781 1530 1814 a
1565 1768 1676 1815 Diis
1709 1775 1892 1830 petere
1925 1766 2210 1821 sustinuit,’
2246 1767 2393 1816 Curt.
2418 1781 2491 1816 w.
2513 1771 2565 1814 4.

1501 1842 1674 1891 Adok.
1713 1857 1790 1891 vr.
1825 1858 1980 1906 capp.
2016 1847 2062 1891 l.
2097 1847 2143 1890 7.
2163 1847 2213 1891 8.
2248 1846 2297 1891 9.
2366 1843 2434 1891 Et
2466 1844 2565 1892 Pa-

1500 1935 1619 1983 neg.
1648 1935 1732 1969 nx.
1754 1927 1802 1969 5.
1827 1933 2062 1969 Lxxxw.
2085 1925 2135 1968 6.
2169 1920 2324 1968 Rern.

1568 1997 1833 2061 Conspectu
1876 1998 2103 2065 Romame
2145 1996 2318 2044 sobolis
2353 1995 2567 2059 impleri]

1499 2073 1695 2122 Unicus
1734 2075 1864 2122 liber
1900 2074 2180 2121 Vossianus
2218 2073 2355 2122 bunc
2393 2073 2565 2122 locum

1497 2150 1769 2212 insiguiter
1810 2156 2063 2199 mutatum
2095 2149 2274 2213 refert,
2309 2157 2376 2211 et,
2402 2165 2565 2213 quam-

1496 2242 1634 2289 quam
1669 2228 1942 2275 laetissimus
1978 2227 2123 2272 oculis
2162 2225 2261 2273 tuis
2300 2232 2419 2274 esset
2455 2242 2566 2273 con·

1496 2309 1681 2365 spectus
1707 2304 1935 2351 Romana*
1961 2304 2129 2351 sobolis
2143 2319 2161 2358 ,·
2194 2302 2385 2363 impleri
2408 2318 2569 2352 omnes

1496 2387 1672 2435 tumen,
1697 2415 1710 2428 .
1739 2413 1751 2427 .
1774 2380 1938 2441 recipi,
1960 2379 2126 2431 incidi,
2136 2378 2349 2436 jussisti.
2417 2380 2568 2429 Licet

1497 2472 1620 2506 vero
1666 2457 1927 2505 sententia
1974 2456 2133 2504 Plinii
2180 2457 2254 2504 sic
2299 2456 2424 2504 satis
2463 2456 2565 2505 sibi

1497 2541 1704 2583 constet
1726 2550 1741 2594 ;
1778 2533 1942 2581 minus
1967 2532 2237 2579 commode
2258 2539 2430 2580 tamen
2451 2546 2565 2580 ver-

1498 2610 1618 2659 bum
1644 2611 1830 2672 impleri
1864 2610 1942 2658 vel
1976 2610 2037 2656 ad
2075 2610 2360 2671 posteriora
2403 2609 2566 2659 verba

1497 2686 1848 2743 referendum,
1867 2686 1970 2747 vel,
1991 2693 2174 2734 contra
2193 2685 2563 2735 auctoritatem

1497 2765 1723 2811 omniurn
1752 2764 1967 2811 aliorum
1998 2761 2387 2824 exemplarium,
2421 2764 2566 2824 peni-

1496 2847 1578 2888 tus
1622 2839 1932 2902 ejiciendum
1972 2846 2126 2886 esset.
2194 2838 2424 2901 Vulgata
2460 2838 2566 2887 lec·

1497 2917 1593 2977 tio,
1640 2924 1696 2964 ut
1735 2925 1878 2963 recte
1925 2913 2296 2961 animadvertit
2340 2913 2565 2961 Arntze·

1494 2994 1631 3053 nius,
1666 2993 1789 3041 nihil
1827 2991 2004 3050 habet,
2036 2990 2173 3052 quod
2213 2992 2460 3038 lectorem
2486 2989 2564 3038 of-

1494 3068 1712 3127 fendat3
1769 3068 1844 3116 sic
1891 3076 1944 3116 et
1992 3067 2191 3114 Plinius
2229 3067 2339 3128 jam
2386 3081 2564 3130 supra,

1494 3159 1642 3196 xxn.
1669 3151 1717 3195 2.
1754 3144 1907 3201 dixit,
1942 3144 1957 3171 ‘
1982 3144 2159 3191 oculos
2184 3143 2390 3192 insolito
2413 3157 2561 3207 spec·

1495 3225 1669 3272 taculo
1702 3220 1961 3285 implere.’
1994 3219 2236 3268 Schwarz.

1566 3300 1631 3348 Te
1668 3300 1900 3358 viderent,
1937 3296 2213 3360 odirentve]
2248 3296 2311 3346 ln
2351 3294 2562 3361 quibus·

1495 3375 1613 3426 dam
1640 3374 1869 3424 Catanaei
1893 3373 2204 3421 editionibus
2225 3372 2443 3434 legimus
2458 3374 2563 3422 adi-

1492 3459 1692 3508 rentur,-
1726 3451 1817 3499 sed
1847 3464 1938 3498 uos
1976 3450 2209 3497 ultimam
2232 3450 2433 3497 literam
2457 3465 2484 3499 e
2508 3451 2561 3500 in

1494 3545 1540 3592 r,
1561 3545 1627 3579 ex
1655 3526 2094 3591 typographorum
2118 3524 2265 3588 vitio,
2292 3534 2561 3589 mutatam,

1497 3612 1965 3670 propagatamque,
1981 3611 2240 3665 putamus.
2278 3601 2412 3651 Illud
2433 3617 2558 3652 vero

1495 3681 1913 3731 consideratione
1981 3677 2184 3741 dignius
2252 3686 2351 3738 est,
2416 3680 2556 3743 quod

1496 3758 1780 3821 Gryplrius,
1820 3756 2115 3816 Siclrardus,
2152 3765 2203 3803 et
2239 3756 2403 3803 Henr.
2437 3757 2559 3804 Ste-

1496 3834 1716 3898 phanus,
1758 3835 1809 3880 in
1849 3832 2077 3892 margine
2113 3829 2395 3878 editionum
2438 3846 2555 3880 sua·

1496 3925 1630 3969 rum,
1676 3912 1787 3958 loco
1825 3909 1992 3956 ultimi
2033 3906 2196 3966 verbi,
2239 3914 2557 3957 annotarunt

1494 3989 1790 4037 audirentce.
1864 3984 1938 4033 Ea
1962 3982 2095 4031 enim
2124 3981 2367 4042 varietas,
2401 3985 2442 4030 si
2470 3997 2556 4031 ve.

1496 4073 1662 4115 terum
1683 4062 1918 4112 codicum
1944 4059 2256 4107 auctoritate
2283 4058 2555 4114 niteretur,

1492 4141 1792 4203 neutiquam
1848 4134 2138 4198 spernenda
2193 4141 2371 4192 esset3
2435 4147 2554 4184 cum

1492 4226 1617 4268 tunc
1640 4215 1796 4265 facile
1830 4212 2030 4267 credas,
2065 4217 2283 4273 propter
2317 4208 2556 4259 similitu.

1492 4295 1667 4349 dinem
1698 4292 1809 4344 soni
1840 4290 2112 4357 particular
2143 4302 2217 4351 oe,
2244 4284 2378 4336 forte
2402 4287 2560 4335 omis·
