3060 4902
748 399 815 444 c,
870 395 1104 445 Ριικιι
1156 394 1483 444 sacuam
1539 395 1812 445 nnnc.
1895 397 1942 444 1.
1973 382 2080 446 42.

306 546 513 590 veteres
547 537 825 598 dicebant,
852 555 1024 604 quam,
1052 546 1108 589 ut
1132 554 1226 590 nos
1250 540 1379 589 dici·

303 630 434 672 mus,
469 623 484 645 ⁴
514 632 544 666 a
567 616 690 677 me,'
716 625 811 665 aut
834 620 849 645 ⁸
875 618 937 666 ab
962 616 1109 668 illo.”
1137 617 1377 667 Schmun-z.

368 692 553 742 Amris
573 693 953 756 adulationibus]
979 696 993 722 ‘
1021 694 1383 745 Adulationes'

306 773 636 830 μετωνυμικὸς
680 769 929 818 dicuntur
977 776 991 797 ⁴
1028 770 1231 833 avarae,'
1264 785 1377 834 quae

309 847 376 902 ei,
413 847 501 896 cui
539 848 653 910 quis
681 847 940 905 adulatur,
973 848 1239 896 avaritiam
1264 862 1379 896 sua·

311 924 456 979 dent.
479 937 706 986 eumque
731 922 955 971 reddunt
980 938 1208 972 avarum.
1280 925 1378 972 Eo-

311 999 429 1050 dem
467 1000 623 1049 modo
660 1000 832 1048 Plinio
866 1008 1064 1061 nostro,
1101 1000 1271 1061 Epist.
1299 1013 1380 1049 tx.

315 1080 393 1126 1³.
443 1081 523 1126 16.
566 1075 760 1125 dicitur
796 1077 811 1103 ‘
841 1081 1056 1125 cruenta
1095 1076 1325 1126 adulatio
1349 1077 1381 1137 ς’

311 1153 494 1202 Tacito
530 1152 713 1202 Annal.
754 1165 833 1201 ιν.
866 1157 947 1202 20.
980 1152 996 1179 ‘
1023 1166 1178 1203 saevae
1203 1154 1379 1203 adula-

313 1231 516 1280 tiones.’
549 1231 703 1279 Idem.

377 1308 503 1357 Plus
525 1307 707 1370 tamen]
740 1306 978 1356 Antehac
1003 1308 1157 1371 vulgo
1180 1307 1378 1359 editum

314 1392 412 1445 est,
448 1391 504 1434 ut
549 1384 655 1443 tibi,
698 1399 805 1433 cum
843 1384 1101 1447 plurimum
1137 1401 1224 1447 pro
1263 1385 1379 1446 tuis,

315 1465 415 1510 tum
469 1476 556 1523 pro
605 1461 803 1520 nostris,
855 1460 1062 1510 moribus
1115 1462 1378 1512 debeamus.

317 1535 566 1586 Nostram
614 1537 892 1586 lectionem
939 1537 1248 1587 confirmant
1293 1554 1379 1589 co·

312 1612 454 1664 dices
479 1614 612 1663 Mas.
636 1614 902 1670 Vaticani,
930 1614 1253 1675 parisiensis,
1273 1617 1375 1665 Ve-

313 1698 483 1745 netus,
538 1690 965 1754 Salisbnrgensis,
1017 1691 1379 1755 Guelpherby-

314 1775 482 1828 tanus,
520 1778 575 1818 et
599 1778 814 1829 nostem
849 1769 1075 1833 itemque
1099 1771 1148 1819 in
1172 1773 1380 1821 excusis

313 1844 509 1909 primns
532 1844 890 1908 Cuspinianus.
925 1846 1075 1895 Idem.

379 1922 481 1971 Pro
501 1921 705 1984 nostris]
740 1920 870 1970 Cum
894 1921 1033 1971 enim
1064 1922 1213 1972 malas
1238 1930 1379 1974 artes

315 1996 453 2061 apud
480 1999 768 2061 principem
806 1998 974 2047 locum
1014 2013 1115 2048 non
1141 2000 1383 2061 habeant,

315 2073 431 2123 ideo
454 2073 642 2123 iisdem
663 2088 761 2123 non
783 2076 1080 2136 stndemns;
1104 2077 1193 2124 secl
1214 2091 1381 2126 mores

315 2159 515 2202 nostros
531 2154 864 2212 castigamus,
890 2155 1009 2219 quia
1025 2154 1101 2203 sic
1120 2156 1380 2219 placemus

315 2228 638 2290 imperatori.
676 2231 899 2278 Patarol.

381 2309 483 2356 Pro
505 2308 621 2363 tuis,
641 2308 747 2370 plus
771 2314 924 2356 tamen
945 2322 1031 2371 pro
1053 2309 1254 2372 nostris]
1282 2310 1381 2358 Pro

316 2384 432 2440 tuis.
470 2390 528 2433 tu
558 2399 646 2447 pro
679 2385 875 2440 nostris,
915 2385 1083 2434 Livin.
1123 2386 1173 2434 in
1212 2395 1380 2435 textu.

315 2461 418 2511 Sed
446 2462 498 2510 in
524 2463 775 2521 margine.
810 2462 912 2510 Pro
941 2463 1057 2521 tuis,
1090 2464 1196 2525 plus
1226 2469 1381 2512 tamen

310 2552 398 2602 pro
419 2542 600 2588 nostris
623 2539 684 2585 V.
705 2539 766 2588 C.
792 2546 951 2588 recte.
986 2539 1220 2588 Riuersh.

380 2615 585 2663 Nostris
624 2613 855 2675 moribus]
923 2615 1025 2665 Qui
1081 2614 1242 2663 bonos
1288 2629 1380 2664 nos

316 2688 462 2747 facis,
492 2692 580 2756 qui
611 2690 678 2738 ab
712 2689 1095 2738 adulationibus
1119 2692 1193 2740 sic
1216 2704 1384 2740 arces.

381 2846 518 2893 Car.
547 2857 684 2893 xan.
726 2843 966 2908 Voconiae]
1005 2845 1112 2893 Lex
1149 2845 1383 2894 Voconia

316 2930 485 2976 vetus,
512 2934 576 2968 ne
603 2921 714 2983 quis
744 2921 987 2969 heredem
1013 2920 1275 2983 seminam,
1301 2924 1381 2971 vel

316 2999 521 3047 unicam
555 2999 712 3046 etiam
757 2996 937 3056 filiam,
981 2997 1204 3061 faceret,
1248 3001 1382 3049 ultra

314 3076 653 3141 quadrantem
677 3076 1001 3125 hereditatis.
1036 3076 1170 3141 Lips.

387 3150 612 3200 Voconia
655 3150 803 3213 leges]
861 3152 1081 3214 Proprie
1124 3154 1381 3218 loquendo

317 3239 419 3275 non
441 3235 581 3289 erat,
607 3227 704 3274 uisi
731 3241 833 3276 uua
861 3229 938 3275 lex
966 3228 1228 3289 Voconiam
1265 3245 1381 3293 quae

317 3316 459 3365 vero,
491 3302 616 3366 quia
647 3302 796 3363 plura
833 3304 1280 3365 complectebatur
1302 3319 1382 3354 ca-

317 3379 448 3444 pita,
476 3381 635 3427 etiam
674 3393 890 3427 numero
915 3380 1260 3428 multitudinis
1292 3395 1384 3445 ap·

315 3455 629 3518 pellabatur.
683 3454 742 3503 Id
772 3454 909 3518 qnod
936 3464 991 3505 et
1016 3455 1080 3503 de
1106 3458 1219 3519 lege
1242 3457 1383 3508 Julia

316 3540 397 3581 est
434 3531 738 3580 notandum.
805 3533 871 3582 Q,
895 3546 1082 3595 nempe
1120 3535 1383 3584 Voconius

315 3609 470 3671 Saxa,
490 3608 731 3657 tribunus
755 3600 941 3670 plebis,
967 3609 1199 3658 studiose
1224 3611 1383 3674 cavit,

316 3698 380 3734 ne
405 3693 681 3749 parentum
702 3684 1212 3751 propinquorumque
1232 3687 1383 3747 bona,

316 3769 514 3822 prater
536 3759 735 3814 dotem,
759 3761 836 3809 vel
861 3775 923 3809 ex
949 3770 1277 3826 testamento,
1303 3765 1381 3813 vel

315 3837 384 3885 ab
428 3838 707 3896 intestato,
764 3851 988 3899 unquam
1045 3840 1383 3902 perciperent

316 3913 525 3961 ferninae
552 3929 567 3971 ;
620 3927 771 3975 qnam
821 3914 871 3961 in
919 3928 1048 3976 rem,
1102 3915 1167 3964 Α.
1214 3917 1283 3965 U.
1323 3919 1383 3966 C.

318 4001 633 4039 ncaxxxtv.
691 3988 807 4036 tulit
866 3990 1209 4050 rogationem,
1267 4006 1382 4053 quae

318 4066 492 4112 sanxit
514 4063 568 4111 in
595 4072 881 4125 posterum,
907 4064 993 4126 qui
1021 4075 1137 4127 post
1164 4066 1228 4114 Α.
1258 4067 1383 4115 Pos-

321 4140 537 4189 tumium
582 4144 638 4186 et
694 4139 761 4188 Q.
811 4138 1066 4200 Fulvium,
1121 4154 1385 4204 censores,

320 4229 504 4265 census
540 4221 703 4275 esset,
735 4228 800 4263 ne
832 4214 1076 4264 heredem
1116 4217 1384 4283 virginem,

320 4305 450 4344 nere
489 4292 783 4348 mulierem,
839 4288 1060 4350 faceret,
1114 4302 1171 4344 ut
1222 4294 1386 4345 tradit

2390 379 2519 446 681

1456 536 1568 587 Cic.
1591 539 1747 588 Verr.
1776 553 1813 590 1.
1838 542 1887 590 4.
1953 538 2088 591 Quia
2129 552 2251 588 vero
2288 544 2522 588 metnen-

1456 613 1579 662 dum
1616 623 1752 678 crat,
1784 631 1847 664 ne
1885 624 2120 678 testator,
2154 616 2358 681 quando
2380 615 2519 664 aliud

1456 692 1584 740 nihil
1611 700 1840 755 poterat,
1873 695 2233 756 patrimonium
2268 708 2414 742 suum
2448 694 2522 742 le-

1454 769 1587 831 gatis
1629 770 1678 817 in
1726 768 1962 834 feminas,
1998 787 2124 836 quas
2164 770 2384 819 heredes
2423 770 2519 820 sibi

1455 848 1637 908 vellet,
1676 857 1954 910 erogaret;
1987 858 2131 897 certa
2161 863 2386 913 quoque,
2423 847 2515 896 sed

1456 924 1662 984 exigua,
1717 923 1899 972 eadem
1958 925 2073 987 lege
2131 923 2385 988 praefinita
2440 929 2522 972 est

1456 1012 1673 1057 summa,
1715 1001 1847 1048 ultra
1878 1016 2030 1065 quant
2066 1001 2206 1048 nullo
2241 1000 2390 1048 modo
2413 1000 2520 1049 cui·

1458 1075 1594 1136 piam
1632 1076 1831 1124 mulieri
1868 1076 2053 1125 liceret
2090 1083 2394 1125 testamento
2427 1076 2520 1123 ali-

1458 1154 1579 1218 quid
1608 1156 1919 1219 relinquere.
1987 1158 2041 1206 Si
2084 1158 2197 1221 quis
2237 1172 2358 1207 vero
2396 1157 2520 1221 qnid

1456 1240 1640 1281 contra
1693 1234 1824 1282 hanc
1882 1235 2048 1297 legem
2108 1233 2314 1282 seminae
2365 1234 2521 1283 relin-

1457 1316 1659 1372 queret,
1707 1309 1756 1358 id
1795 1309 1953 1360 fiebat
1991 1311 2263 1373 caducum,
2304 1318 2374 1367 et,
2421 1311 2519 1360 sub

1456 1385 1875 1448 imperatoribus,
1892 1387 2015 1437 fisco
2031 1388 2273 1446 cedebat,
2293 1389 2375 1438 vel
2393 1404 2520 1438 aera·

1457 1462 1563 1522 rio;
1599 1462 1733 1510 unde
1759 1462 1911 1512 fiscus
1948 1471 2002 1512 et
2041 1466 2279 1512 aerarium
2306 1466 2424 1514 inde
2451 1466 2519 1514 lo·

1456 1539 1714 1601 cupletari
1771 1538 2094 1590 dicebantur.
2182 1541 2299 1590 Non
2346 1548 2519 1591 tamen

1455 1614 1661 1677 integra
1699 1617 1781 1664 lex
1825 1616 1921 1665 ista
1965 1617 2198 1666 Voconia
2236 1617 2300 1666 ad
2337 1618 2520 1667 Domi·

1458 1690 1583 1739 tiaui
1602 1700 1653 1740 et
1669 1693 1874 1756 Trajani
1896 1708 2057 1756 usque
2079 1701 2329 1757 tempora,
2347 1694 2521 1749 immo,

1455 1765 1676 1816 docente
1697 1769 1991 1829 Perizonio,
2011 1783 2074 1817 ne
2089 1769 2295 1833 quidem
2311 1769 2375 1818 ad
2394 1777 2522 1819 tem·

1455 1858 1583 1907 pora
1617 1843 1727 1893 fisci
1762 1845 2035 1894 constituti
2076 1846 2293 1908 amplius
2324 1846 2378 1895 in
2426 1860 2520 1895 usu

1455 1919 1597 1980 fuit3
1632 1921 1723 1969 sed
1765 1921 1965 1970 Plinius
2008 1922 2119 1971 sine
2159 1921 2320 1972 dubio
2352 1923 2519 1972 Voco-

1456 1997 1590 2047 niam
1616 1999 1820 2047 vocavit
1855 1998 2020 2062 legem
2054 2006 2204 2063 parte
2232 1999 2308 2048 sni
2346 1999 2521 2062 aliqua

1456 2086 1520 2121 ex
1541 2074 1626 2121 illa
1641 2081 1826 2135 ortam,
1847 2090 1937 2124 sen
1961 2077 2011 2122 iu
2030 2089 2178 2138 quam
2202 2076 2519 2137 precipuum

1456 2149 1571 2211 ejus
1600 2159 1757 2213 capnt
1796 2151 1862 2198 ab
1889 2153 2126 2213 Augusto
2166 2149 2266 2199 fuit
2305 2152 2520 2200 transla-

1458 2232 1584 2274 tum.
1650 2226 1914 2288 Augustus
1956 2228 2094 2274 enim
2138 2227 2404 2274 revocavit
2441 2241 2522 2275 re·

1458 2303 1806 2364 tractavitque
1842 2303 2008 2364 legem
2041 2303 2347 2362 Voconiam,
2384 2302 2521 2366 ejus-

1457 2391 1559 2439 que
1604 2377 1916 2426 mentionem
1956 2386 2009 2426 et
2057 2387 2253 2441 partem
2298 2378 2522 2443 aliquam

1459 2470 1627 2517 aeque,
1663 2470 1723 2504 ac
1746 2455 1901 2506 Juliae
1939 2456 2004 2504 de
2043 2457 2347 2506 maritandis
2382 2457 2521 2507 ordi-

1458 2531 1628 2587 nibus.
1651 2532 1701 2580 in
1728 2532 1943 2594 Papiam
1969 2533 2255 2596 Poppaeam
2272 2534 2522 2597 contuli13

1459 2606 1523 2655 de
1563 2624 1663 2671 qua
1702 2624 1819 2659 mox
1859 2610 2107 2660 dicemus.
2177 2613 2309 2663 Qum
2347 2612 2522 2661 omnia

1458 2686 1693 2748 pluribus
1740 2688 1977 2750 exposuit
2023 2687 2256 2738 Jacobus
2311 2689 2522 2738 Perizo-

1457 2764 1594 2824 nius,
1614 2763 1663 2810 iu
1681 2764 1884 2813 erudita
1905 2766 2275 2815 dissertatione
2300 2765 2365 2814 de
2383 2767 2522 2829 Lege

1460 2838 1695 2888 Voconia
1728 2841 2156 2904 Fetuinarumque
2191 2842 2329 2904 apud
2362 2843 2524 2891 Vete-

1459 2930 1541 2964 res
1569 2916 1983 2966 Hereditatibus.
2023 2919 2264 2967 Scluoarz.

1532 2992 1750 3040 Voconioe
1779 2998 1825 3041 et
1854 2993 2028 3054 Julioe]
2066 2993 2174 3039 Lex
2218 2990 2452 3040 Voconia
2492 3007 2525 3042 a

1460 3068 1698 3116 Voconio
1725 3071 1828 3117 lata
1849 3068 2088 3127 cavebat,
2120 3082 2184 3115 ne
2211 3067 2323 3132 quis
2347 3068 2525 3117 mulie·

1460 3157 1566 3194 rem
1602 3145 1840 3193 heredem
1877 3146 2196 3194 institueret.
2262 3144 2525 3194 Memorat

1459 3221 1596 3270 Geli.
1619 3234 1714 3269 xx.
1743 3225 1786 3269 1.
1839 3221 1990 3271 Julioe
2024 3234 2146 3268 vero
2181 3220 2418 3283 plurimae
2445 3219 2524 3268 fu·

1457 3304 1642 3355 erunt;
1667 3298 1750 3346 hic
1775 3306 1940 3346 tamen
1966 3298 2182 3359 intelligi
2210 3305 2336 3360 puto
2356 3298 2523 3349 Julias

1458 3374 1525 3423 de
1561 3374 1876 3423 Maritundis
1906 3375 2215 3436 Ordinibus,
2252 3391 2281 3424 a
2317 3376 2522 3426 Caesare

1458 3452 1679 3516 primum
1719 3452 1870 3513 latas,
1907 3465 2025 3498 mox
2056 3450 2121 3498 ab
2148 3452 2384 3513 Angusto
2408 3467 2525 3502 con·

1458 3528 1701 3591 firmatas,
1721 3528 1898 3576 addita
1913 3529 2070 3576 etiam
2089 3527 2256 3590 Papia
2275 3528 2525 3593 Poppaea,

1460 3605 1697 3668 augendo
1713 3606 1914 3663 aerario,
1932 3602 2101 3652 Tacit.
2124 3605 2307 3655 Annal.
2327 3606 2417 3656 lib.
2439 3620 2527 3656 ιιι.

1461 3683 1680 3730 Patami.

1522 3757 1677 3804 Juliae
1712 3755 1863 3818 leges]
1903 3755 2072 3805 Variae
2111 3755 2262 3819 hujus
2306 3758 2525 3808 nominis

1458 3830 1606 3881 fuere
1649 3831 1808 3893 leges,
1855 3846 1982 3895 quas
2018 3831 2067 3878 in
2106 3833 2411 3894 compendio
2448 3848 2525 3882 re·

1460 3915 1640 3956 censet
1668 3906 2050 3968 Hotomanuus,
2088 3908 2138 3955 in
2167 3908 2352 3956 Primis
2378 3909 2525 3960 Juris

1462 3985 1645 4034 Civilis
1673 3984 1972 4042 Elemeutis,
1993 3984 2056 4031 P.
2084 3996 2142 4032 ιι.
2181 3984 2401 4034 Poterat
2425 3986 2526 4035 huc

1461 4062 1644 4112 referri
1668 4063 1750 4110 lex
1762 4061 1905 4112 Julia
1924 4062 2284 4123 Vicesimaria,
2308 4061 2372 4109 de
2391 4061 2527 4112 vice-

1460 4140 1592 4189 sima
1628 4137 1993 4198 hereditatum,
2028 4136 2092 4185 ‹le
2130 4151 2230 4200 qua
2263 4152 2421 4200 supra
2457 4139 2524 4188 ad

1464 4232 1585 4280 pag.
1606 4219 1720 4264 654.
1752 4215 1981 4275 egimus3
2020 4220 2228 4274 poterat
2268 4223 2323 4262 et
2354 4216 2525 4265 locum

1462 4294 1652 4344 babere
1698 4292 1786 4340 lex
1830 4289 1971 4339 Julia
2015 4288 2329 4352 Majestatis,
2381 4294 2525 4359 cujus
