3060 4902
497 362 629 430 540

497 539 660 589 suque
686 523 978 588 principum
1013 523 1211 588 aliquot
1234 522 1395 571 millia
1418 522 1567 572 victi·

497 617 694 652 marum
750 601 950 651 fuerint
1007 609 1236 650 mactata
1266 599 1284 647 ?
1349 602 1562 649 Sueton.

499 679 667 741 Calig.
700 693 817 741 cap.
836 682 916 726 13.
941 686 995 727 et
1020 683 1098 727 111.
1132 680 1148 705 ⁴
1170 678 1241 727 Ut
1269 692 1298 725 a
1321 676 1566 739 Miseno,’

495 753 685 816 inquit,
720 754 736 779 ‘
764 753 919 803 Caius
942 756 1079 803 inter
1103 754 1307 815 altaria,
1332 762 1386 801 et
1415 754 1563 802 victi-

495 843 621 885 mas,
657 830 1004 893 ardentesque
1039 830 1223 891 taedas,
1260 829 1564 880 densissimo

496 911 552 952 et
575 905 836 954 laetissimo
855 907 1057 968 agmine
1080 906 1314 967 incessit,
1338 942 1351 955 .
1375 939 1389 953 .
1414 915 1562 955 tauta

491 980 698 1042 letitia,
720 990 777 1030 nt
805 981 970 1030 tribus
1005 984 1252 1045 proximis
1280 983 1561 1043 mensibus,

494 1074 556 1108 ac
601 1074 665 1107 ne
715 1060 835 1109 totis
876 1059 1103 1124 quidem,
1149 1075 1306 1123 snpra
1347 1069 1558 1110 centum

493 1137 765 1198 sexaginta
818 1138 978 1185 millia
1025 1139 1353 1187 victimarum
1411 1154 1558 1187 caesoe

490 1211 801 1262 tradantur.’
870 1213 1103 1261 Plurima
1138 1213 1431 1276 hujusmodi
1469 1229 1556 1262 ex-

493 1290 785 1353 emplajam
811 1304 1119 1339 recensuere
1146 1293 1288 1354 Lips.
1305 1292 1367 1338 ad
1386 1292 1554 1341 Tacit.

490 1369 629 1419 Hist.
655 1383 718 1417 11.
741 1374 890 1418 70.οῑ
906 1370 1240 1419 Casaubonus
1259 1370 1322 1419 ad
1342 1372 1555 1420 Suetou.

491 1447 653 1509 Calig.
677 1461 792 1509 cap.
817 1450 897 1495 13.
968 1447 1156 1512 Neque
1180 1447 1449 1496 Gesnerus
1488 1448 1554 1496 ab

489 1523 585 1572 hac
613 1523 835 1572 lectione
861 1523 1084 1571 alienum
1123 1537 1199 1585 se,
1238 1523 1287 1571 111
1315 1524 1555 1584 Epistola

488 1600 803 1664 Appendice
849 1600 914 1649 ad
968 1601 1215 1655 Plinium,
1261 1600 1552 1663 profitetur.

491 1677 734 1728 Schwarz.

499 1770 505 1775 ·
553 1755 614 1803 Iu
637 1755 776 1803 unius
806 1753 980 1816 salute]
1018 1753 1260 1817 vulgaris
1301 1767 1554 1815 gramma·

488 1830 622 1878 tices
660 1831 791 1878 ratio
819 1831 1129 1894 requireret,
1166 1841 1224 1876 ut
1259 1830 1552 1890 legeremus

485 1908 702 1955 salutem.
765 1907 834 1955 Et
855 1906 989 1955 hunc
1013 1920 1185 1955 casum
1223 1906 1430 1968 plurimi
1471 1921 1551 1953 re·

486 1983 773 2032 centiorum
816 1982 1046 2038 edidere,
1094 1983 1166 2030 ita
1216 1982 1447 2045 quidem,
1493 1989 1552 2030 ut

485 2065 632 2107 recte
669 2058 927 2106 annotarit
951 2056 1283 2112 Arntzenius,
1317 2065 1437 2105 ante
1473 2057 1548 2105 Si-

485 2132 730 2182 cbardnm
787 2133 940 2181 aliter
994 2132 1217 2181 edidisse
1276 2133 1550 2182 neminem.

485 2209 735 2258 Restituit
763 2208 895 2257 adeo
928 2210 1015 2257 ille
1046 2223 1220 2257 casum
1254 2219 1456 2256 sextum
1477 2225 1554 2256 sa·

482 2286 613 2343 lute3
645 2299 746 2333 non
781 2284 944 2333 solum
985 2292 1202 2349 propter
1242 2284 1436 2332 similes
1477 2285 1549 2332 lo·

483 2362 675 2425 quendi
744 2359 1012 2423 formulas,
1078 2376 1195 2423 qnae
1262 2360 1548 2409 identidem

483 2436 622 2500 apud
667 2445 872 2487 veteres
911 2437 1192 2501 scriptores
1234 2444 1547 2497 occurrant3

483 2512 574 2560 sed
620 2520 694 2569 et,
741 2513 862 2575 quia
892 2512 1038 2575 liujus
1078 2512 1349 2572 scripturae
1391 2521 1545 2561 notas

480 2589 739 2638 invenerit
781 2589 832 2637 in
874 2590 1141 2651 excerptis
1185 2588 1451 2637 Vossianis
1491 2597 1548 2639 et

483 2665 757 2716 Gudianis.
824 2666 926 2714 Sed
954 2666 1001 2714 in
1026 2679 1087 2714 eo
1115 2665 1247 2714 libro
1274 2667 1542 2725 vossiano,

480 2743 630 2804 cujus
668 2742 929 2804 excerptis
966 2742 1084 2789 mibi
1117 2743 1342 2804 contigit
1372 2746 1465 2804 uti,
1490 2753 1545 2794 et

479 2818 534 2865 in
561 2817 672 2879 ipso
696 2817 881 2865 codice
904 2817 1166 2871 Gudiano,
1204 2819 1291 2882 qui
1330 2834 1465 2869 nunc
1490 2822 1542 2870 in

479 2894 944 2958 Guelplierbytana
975 2895 1290 2943 bibliotheca
1313 2911 1544 2946 asserva-

478 2978 586 3030 tur,
611 2986 709 3019 non
736 2973 830 3020 nisi
855 2972 1128 3020 lectionem
1155 2986 1340 3021 recena
1366 2975 1540 3032 vulga-

478 3054 584 3093 tam
611 3046 888 3095 observare
913 3047 1030 3095 milii
1058 3048 1200 3095 licuit
1229 3063 1243 3107 ;
1280 3049 1376 3096 nisi
1402 3049 1541 3112 quod

475 3122 528 3170 in
568 3122 722 3184 libro,
759 3139 911 3185 quem
942 3139 1070 3172 voco
1095 3123 1313 3175 alterum
1340 3126 1540 3175 Gudia-

474 3211 617 3251 num,
660 3198 866 3246 omnino
900 3206 1046 3247 extet
1081 3203 1250 3248 salute.
1318 3202 1383 3249 Et
1407 3201 1540 3251 hanc

475 3273 818 3335 posteriorem
858 3274 1170 3335 scripturam
1215 3275 1371 3323 etiam
1419 3291 1539 3326 con-

475 3347 687 3397 firmant
724 3349 887 3397 ceteri
924 3349 1151 3411 codices,
1184 3365 1369 3413 nempe
1391 3354 1537 3402 Vati-

475 3425 615 3485 cani,
643 3425 968 3482 parisiensis,
999 3427 1250 3481 Venetus,
1279 3427 1537 3476 Salisbur-

477 3502 664 3565 gensis,
683 3516 843 3552 meus.
878 3503 1069 3550 Fateor
1092 3509 1284 3559 tamen,
1309 3502 1537 3552 Plinium

474 3584 705 3625 nostrum
759 3593 926 3642 neque
982 3577 1104 3625 alibi
1150 3576 1304 3625 facile
1347 3580 1537 3628 sectari

473 3652 832 3703 insolentiores
867 3652 1112 3716 loquendi
1147 3652 1412 3709 formulas,
1447 3669 1535 3705 ne.

472 3743 574 3794 qne
599 3743 629 3776 a
650 3736 897 3778 consueta
920 3727 1071 3790 liujus
1098 3728 1238 3777 verbi
1271 3737 1537 3781 structura

471 3805 724 3855 recedere
768 3805 970 3866 videri3
1006 3803 1149 3865 dum,
1199 3819 1247 3852 v.
1293 3821 1343 3868 g.
1386 3808 1534 3866 infra,

471 3895 611 3933 xcu-
648 3887 699 3930 6.
738 3882 832 3942 ait,
861 3882 876 3907 ‘
902 3882 1037 3930 iuter
1075 3882 1306 3931 secunda
1345 3887 1533 3943 omina,

470 3965 526 4010 et
552 3965 670 4008 vota
704 3958 982 4017 certantia,
1012 3973 1127 4021 quae
1169 3962 1414 4020 praesenti
1439 3963 1533 4011 tibi

467 4032 841 4086 conferentur!
882 4035 946 4082 Et
972 4035 1144 4097 Epist.
1169 4048 1256 4084 111.
1282 4040 1358 4086 19.
1382 4039 1397 4064 ‘
1416 4053 1529 4101 quae

467 4126 626 4163 unum
651 4112 897 4162 inlocum
921 4109 1197 4173 conferas,’
1224 4114 1322 4163 &c.
1390 4115 1530 4166 Quin

468 4202 565 4239 nec
588 4187 726 4251 apud
754 4187 880 4235 alios
904 4193 1164 4247 auctores,
1191 4189 1331 4250 mibi,
1353 4204 1532 4253 quam.

467 4265 546 4320 vis
563 4277 664 4317 non
685 4259 1032 4327 perfunctorie
1052 4255 1343 4328 indaganti,
1364 4266 1530 4320 simile

1189 380 1410 427 No'rAE
1461 379 1871 428 VARIORUM
1927 382 2005 429 m

1642 527 1872 575 occurrit
1895 525 2225 590 exemplum;
2260 526 2357 576 nisi
2388 527 2525 592 apud
2550 545 2710 581 unum

1640 603 1878 651 Frontin.
1912 604 2146 666 Strateg.
2182 617 2272 653 111.
2310 609 2358 654 4.
2393 610 2444 654 6.
2479 606 2617 669 quod
2654 614 2713 656 et

1641 679 1877 728 laudatus
1938 680 2249 729 Arntzenius
2297 685 2711 747 praeoccupavit,

1637 760 1945 808 ‘Tectorum
1972 757 2224 813 ramcrae,'
2250 759 2435 821 inquit,
2474 760 2491 785 ‘
2512 762 2562 808 in
2593 761 2710 824 qui·

1639 837 1750 895 bus,
1784 838 1920 899 [pro.
1955 837 2040 885 ‘in
2077 834 2258 897 quas']
2296 836 2344 882 id
2387 834 2704 885 frumentum

1637 913 2026 972 conferebatur,
2082 911 2350 971 rescissa-x
2390 915 2491 961 διο.
2561 912 2707 961 Nihil

1639 1000 1809 1042 autem
1836 995 2045 1049 attinet,
2071 995 2285 1041 aliorum
2309 993 2585 1042 verborum
2613 1007 2706 1042 ex-

1636 1070 1826 1132 empla,
1850 1069 1934 1117 ubi
1962 1071 2265 1133 praepositio
2303 1072 2373 1124 in,
2412 1071 2709 1130 promiscue

1636 1164 1750 1197 cum
1776 1166 1898 1199 casu
1937 1150 2210 1200 accusandi
2234 1159 2289 1200 et
2319 1150 2585 1200 auferendi
2611 1152 2707 1200 ali·

1635 1227 1842 1288 qnando
1879 1228 2231 1290 conjungitur,
2267 1228 2317 1275 in
2344 1230 2492 1276 ·hunc
2533 1229 2703 1278 locum

1634 1319 1944 1368 congerere3
1984 1320 2099 1368 quae
2125 1306 2235 1366 jam
2264 1305 2369 1370 alii,
2406 1320 2450 1352 ν.
2474 1321 2524 1366 g.
2551 1305 2703 1354 Lina-

1633 1395 1741 1441 eer‚
1783 1382 2045 1436 Sanctius,
2091 1380 2350 1437 Gifanius,
2406 1381 2703 1445 Scioppius,

1632 1460 1865 1521 Vossius,
1889 1459 2171 1516 Muncker,
2200 1460 2449 1521 Bangius,
2481 1460 2705 1522 Davies,

1632 1536 1862 1596 Cortius,
1900 1538 2006 1596 alii,
2041 1538 2441 1586 cumulatissime
2481 1546 2701 1587 annota-

1631 1619 1772 1669 runt,
1805 1619 1859 1661 et
1900 1629 2013 1674 quae
2053 1622 2226 1663 tamen
2251 1615 2363 1677 ipsa
2386 1629 2529 1676 saepe
2555 1616 2701 1663 varie

1630 1689 1826 1751 scripta
1871 1691 2224 1752 reperiuntur.
2291 1691 2420 1739 Cum
2469 1691 2703 1750 Lampri-

1630 1764 1745 1812 dius
1786 1767 1836 1814 in
1863 1766 2168 1826 Commodo,
2188 1780 2233 1815 c.
2258 1772 2307 1817 8.
2344 1767 2496 1821 dixit,
2532 1767 2699 1818 ‘Dal-

1630 1842 1849 1890 maticus
1891 1844 1939 1890 in
1981 1843 2185 1905 publico
2230 1842 2527 1906 processit;’
2561 1845 2698 1894 bene

1629 1918 1824 1967 monuit
1853 1919 2210 1980 casaubonus,
2234 1928 2247 1948 ·
2271 1921 2320 1967 111
2347 1920 2555 1983 publico
2581 1936 2698 1983 pro·

1628 1995 1855 2051 cedere,’
1902 2011 1995 2057 pro
2040 1997 2125 2044 ‘in
2172 1995 2470 2059 publicum,'
2515 2011 2698 2046 recen·

1628 2072 1811 2120 tiorem
1838 2088 1950 2122 esse
1977 2073 2333 2133 Latinitatem,
2364 2081 2418 2121 et
2450 2074 2523 2123 sic
2556 2075 2697 2137 apud

1627 2148 1845 2196 Gra‘cos
1881 2150 2068 2208 passim
2104 2149 2218 2196 illos
2252 2148 2380 2198 duos
2404 2164 2550 2199 casus
2573 2166 2699 2201 con-

1627 2222 1791 2272 fundi.
1859 2226 2113 2288 Equidem
2148 2226 2286 2275 haud
2321 2242 2581 2285 assevero,
2609 2245 2699 2280 ve·

1627 2306 1767 2348 teres
1802 2316 2012 2364 prorsus
2038 2301 2102 2350 ab
2127 2302 2381 2363 ejusmodi
2418 2303 2694 2354 verborum

1624 2383 1889 2425 structura
1944 2376 2296 2426 abstinuisse:
2351 2393 2466 2427 cnm
2517 2386 2695 2429 tamen

1622 2461 1823 2502 certum
1867 2454 1954 2514 sit,
1992 2454 2201 2503 labente
2245 2456 2451 2505 demum
2496 2457 2693 2506 Latini·

1622 2538 1753 2585 tate,
1779 2531 1928 2579 nimis
1954 2532 2235 2580 invaluisse
2262 2532 2410 2581 istam
2447 2533 2694 2596 loquendi

1621 2607 1893 2661 rationem,
1932 2621 2117 2654 vereor
2152 2607 2355 2669 saltem,
2389 2622 2454 2656 ne
2490 2608 2692 2660 librarii

1621 2686 1879 2745 permulta
1924 2691 2161 2730 veterum
2207 2683 2316 2731 loca
2364 2685 2426 2730 ad
2469 2683 2691 2734 eandem

1621 2757 1934 2813 inflexerint.
1980 2758 2214 2822 adeoque
2259 2759 2473 2816 suadeo,
2515 2768 2571 2810 nt
2602 2762 2693 2825 ju-

1622 2844 1806 2883 ventus
1842 2835 2092 2896 studiosa,
2125 2835 2178 2884 in
2214 2836 2440 2900 antiquis
2464 2838 2693 2887 anctori-

1619 2912 1713 2962 bus
1754 2913 1986 2973 legendis
2024 2912 2554 2977 interpretandisque,
2586 2915 2693 2966 ista

1619 2990 1859 3052 exempla
1895 2988 2057 3050 magis
2094 2988 2356 3043 observet,
2387 3004 2538 3052 quam
2575 2991 2690 3040 imi-

1619 3074 1777 3115 tetur.
1844 3065 2064 3114 Interim
2111 3065 2272 3114 nihilo
2319 3065 2485 3114 minus
2530 3069 2691 3117 mirus

1617 3142 1703 3190 ille
1726 3142 1773 3189 in
1799 3141 1895 3190 11οο
1921 3141 2034 3189 loco
2061 3148 2138 3190 tot
2164 3141 2401 3190 codicum
2423 3143 2553 3193 Mss.
2576 3144 2688 3193 edi-

1616 3218 1913 3280 tionumque
1952 3225 2187 3265 veterum
2227 3232 2508 3267 consensus
2544 3220 2686 3282 apud

1613 3309 1695 3342 me
1744 3295 1853 3355 jam
1909 3294 2205 3356 praevaluit,
2252 3302 2310 3344 ut
2351 3296 2687 3360 crediderim,

1613 3370 1841 3418 Plinium
1888 3369 2015 3417 1111111
2063 3369 2129 3418 ab
2172 3369 2409 3433 ἄνιλογῖᾳ
2458 3371 2683 3423 alienum

1612 3443 1898 3503 admisisse,
1951 3459 2069 3493 cum
2122 3448 2455 3510 participium
2510 3447 2686 3499 collatis

1612 3534 1727 3568 cum
1763 3535 1884 3568 casu
1920 3528 2072 3570 sexto
2105 3524 2474 3586 conjunxerit3
2507 3526 2547 3574 si
2570 3527 2684 3590 qui-

1611 3594 1729 3644 dem
1743 3597 1914 3646 collata
1934 3605 2057 3648 tunc
2072 3599 2316 3648 dicantur
2331 3601 2346 3627 ⁸
2363 3603 2684 3665 conjuncta,’

1611 3681 1665 3722 et
1698 3674 1712 3702 ‘
1733 3673 1914 3733 unita,'
1946 3689 2059 3736 qnoe
2098 3676 2261 3738 magis
2298 3684 2491 3726 statum
2516 3693 2681 3743 quen·

1609 3751 1744 3804 dam,
1781 3759 1832 3799 et
1872 3752 2120 3815 quietem,
2154 3767 2306 3814 quam
2343 3760 2538 3803 motum
2576 3757 2681 3818 sig·

1607 3826 1839 3876 nificent.
1906 3828 2060 3877 Unde
2096 3829 2196 3877 ista
2230 3830 2391 3879 Plinii
2427 3831 2586 3880 verba
2606 3835 2683 3885 sie

1607 3903 2002 3965 interpretanda
2048 3902 2262 3953 forent:
2313 3906 2388 3956 Ut
2434 3907 2485 3955 in
2533 3909 2680 3960 unius

1607 3980 1856 4043 principis
1903 3982 2070 4028 salute
2117 3982 2400 4044 conjuncta
2445 3983 2681 4048 fuerunt,

1607 4064 1661 4105 et
1684 4057 1827 4120 quasi
1858 4056 2232 4120 acquieverunt
2268 4059 2496 4109 omnium
2524 4066 2676 4113 vota!

1609 4131 1762 4181 Hanc
1809 4147 1930 4181 vero
1977 4133 2261 4193 notionem,
2305 4144 2501 4198 praeter
2549 4139 2679 4190 alios

1604 4210 1906 4272 scriptores,
1952 4210 2109 4259 etiam
2166 4212 2277 4273 ipse
2326 4211 2528 4261 Plinius
2568 4216 2677 4264 ali.

1604 4286 1811 4351 quando
1835 4286 2048 4350 subjicit
2070 4286 2199 4338 huic
2214 4286 2398 4350 verbo,
2421 4295 2477 4339 et
2509 4293 2675 4345 maxi.
