<?xml version="1.0" encoding="UTF-8"?>
<!DOCTYPE html PUBLIC "-//W3C//DTD XHTML 1.0 Transitional//EN"
    "http://www.w3.org/TR/xhtml1/DTD/xhtml1-transitional.dtd">
<html xmlns="http://www.w3.org/1999/xhtml" xml:lang="en" lang="en">
 <head>
  <title>
</title>
<meta http-equiv="Content-Type" content="text/html;charset=utf-8" />
  <meta name='ocr-system' content='tesseract 3.04.00' />
  <meta name='ocr-capabilities' content='ocr_page ocr_carea ocr_par ocr_line ocrx_word'/>
</head>
<body>
  <div class='ocr_page' id='page_1' title='image "./panegyriciveter02unkngoog_0178.png"; bbox 0 0 3060 4902; ppageno 0'>
   <div class='ocr_carea' id='block_1_1' title="bbox 510 387 644 454">
    <p class='ocr_par' dir='ltr' id='par_1_1' title="bbox 510 387 644 454">
     <span class='ocr_line' id='line_1_1' title="bbox 510 387 644 454; baseline -0.022 0"><span class='ocrx_word' id='word_1_1' title='bbox 510 387 644 454; x_wconf 73' lang='lat'>624</span> 
     </span>
    </p>
   </div>
   <div class='ocr_carea' id='block_1_2' title="bbox 1215 389 2023 445">
    <p class='ocr_par' dir='ltr' id='par_1_2' title="bbox 1215 389 2023 445">
     <span class='ocr_line' id='line_1_2' title="bbox 1215 389 2023 445; baseline -0.007 0"><span class='ocrx_word' id='word_1_2' title='bbox 1215 394 1433 445; x_wconf 75' lang='lat' dir='ltr'>NOTAE</span> <span class='ocrx_word' id='word_1_3' title='bbox 1485 389 1893 441; x_wconf 60' lang='lat' dir='ltr'>vammum</span> <span class='ocrx_word' id='word_1_4' title='bbox 1948 390 2023 440; x_wconf 77' lang='lat' dir='ltr'>IN</span> 
     </span>
    </p>
   </div>
   <div class='ocr_carea' id='block_1_3' title="bbox 578 533 2725 610">
    <p class='ocr_par' dir='ltr' id='par_1_3' title="bbox 578 533 2725 610">
     <span class='ocr_line' id='line_1_3' title="bbox 578 533 2725 610; baseline -0.008 -12"><span class='ocrx_word' id='word_1_5' title='bbox 578 550 640 598; x_wconf 77' lang='lat' dir='ltr'>Ia</span> <span class='ocrx_word' id='word_1_6' title='bbox 660 545 829 610; x_wconf 79' lang='lat' dir='ltr'>arena]</span> <span class='ocrx_word' id='word_1_7' title='bbox 864 543 1005 595; x_wconf 78' lang='lat' dir='ltr'>Nihil</span> <span class='ocrx_word' id='word_1_8' title='bbox 1027 542 1220 593; x_wconf 87' lang='lat' dir='ltr'>certius</span> <span class='ocrx_word' id='word_1_9' title='bbox 1246 551 1327 590; x_wconf 81' lang='lat' dir='ltr'>est</span> <span class='ocrx_word' id='word_1_10' title='bbox 1350 541 1448 589; x_wconf 76' lang='lat' dir='ltr'>liac</span> <span class='ocrx_word' id='word_1_11' title='bbox 1477 541 1582 587; x_wconf 86' lang='lat' dir='ltr'>lec·</span> <span class='ocrx_word' id='word_1_12' title='bbox 1648 539 1944 601; x_wconf 80' lang='lat' dir='ltr'>junguntur</span> <span class='ocrx_word' id='word_1_13' title='bbox 1979 538 2076 584; x_wconf 81' lang='lat' dir='ltr'>ista</span> <span class='ocrx_word' id='word_1_14' title='bbox 2100 534 2279 591; x_wconf 82' lang='lat' dir='ltr'>verba,</span> <span class='ocrx_word' id='word_1_15' title='bbox 2302 533 2725 597; x_wconf 72' lang='lat' dir='ltr'>interpretabatur,</span> 
     </span>
    </p>
   </div>
   <div class='ocr_carea' id='block_1_4' title="bbox 499 616 1597 4053">
    <p class='ocr_par' dir='ltr' id='par_1_4' title="bbox 511 616 1588 1911">
     <span class='ocr_line' id='line_1_4' title="bbox 514 616 1582 685; baseline -0.012 -10"><span class='ocrx_word' id='word_1_16' title='bbox 514 627 687 685; x_wconf 82' lang='lat' dir='ltr'>tione;</span> <span class='ocrx_word' id='word_1_17' title='bbox 722 623 813 673; x_wconf 83' lang='lat' dir='ltr'>sed</span> <span class='ocrx_word' id='word_1_18' title='bbox 852 620 970 672; x_wconf 83' lang='lat' dir='ltr'>vide</span> <span class='ocrx_word' id='word_1_19' title='bbox 1006 629 1198 675; x_wconf 84' lang='lat' dir='ltr'>tamen,</span> <span class='ocrx_word' id='word_1_20' title='bbox 1236 625 1483 682; x_wconf 86' lang='lat' dir='ltr'>quantum</span> <span class='ocrx_word' id='word_1_21' title='bbox 1524 616 1582 663; x_wconf 87' lang='lat' dir='ltr'>li·</span> 
     </span>
     <span class='ocr_line' id='line_1_5' title="bbox 511 695 1584 758; baseline -0.011 -7"><span class='ocrx_word' id='word_1_22' title='bbox 511 701 694 757; x_wconf 87' lang='lat' dir='ltr'>brarii,</span> <span class='ocrx_word' id='word_1_23' title='bbox 718 700 760 749; x_wconf 85' lang='lat' dir='ltr'>si</span> <span class='ocrx_word' id='word_1_24' title='bbox 785 713 939 748; x_wconf 72' lang='lat' dir='ltr'>tinum</span> <span class='ocrx_word' id='word_1_25' title='bbox 968 697 1201 758; x_wconf 75' lang='lat' dir='ltr'>excipias</span> <span class='ocrx_word' id='word_1_26' title='bbox 1227 695 1584 754; x_wconf 83' lang='lat' dir='ltr'>Salisburgen·</span> 
     </span>
     <span class='ocr_line' id='line_1_6' title="bbox 513 771 1583 835; baseline -0.012 -6"><span class='ocrx_word' id='word_1_27' title='bbox 513 794 639 835; x_wconf 79' lang='lat' dir='ltr'>seni,</span> <span class='ocrx_word' id='word_1_28' title='bbox 677 776 977 826; x_wconf 87' lang='lat' dir='ltr'>hallucinati</span> <span class='ocrx_word' id='word_1_29' title='bbox 1014 775 1118 823; x_wconf 90' lang='lat' dir='ltr'>sint</span> <span class='ocrx_word' id='word_1_30' title='bbox 1151 774 1202 822; x_wconf 89' lang='lat' dir='ltr'>in</span> <span class='ocrx_word' id='word_1_31' title='bbox 1244 771 1583 834; x_wconf 84' lang='lat' dir='ltr'>exprimenda</span> 
     </span>
     <span class='ocr_line' id='line_1_7' title="bbox 514 848 1582 914; baseline -0.009 -9"><span class='ocrx_word' id='word_1_32' title='bbox 514 870 643 905; x_wconf 79' lang='lat' dir='ltr'>voce</span> <span class='ocrx_word' id='word_1_33' title='bbox 681 871 842 913; x_wconf 78' lang='lat' dir='ltr'>arena,</span> <span class='ocrx_word' id='word_1_34' title='bbox 878 853 1008 913; x_wconf 86' lang='lat' dir='ltr'>sive,</span> <span class='ocrx_word' id='word_1_35' title='bbox 1054 858 1208 914; x_wconf 90' lang='lat' dir='ltr'>prout</span> <span class='ocrx_word' id='word_1_36' title='bbox 1255 851 1376 897; x_wconf 90' lang='lat' dir='ltr'>olim</span> <span class='ocrx_word' id='word_1_37' title='bbox 1424 848 1582 897; x_wconf 82' lang='lat' dir='ltr'>etiam</span> 
     </span>
     <span class='ocr_line' id='line_1_8' title="bbox 513 926 1583 989; baseline -0.008 -9"><span class='ocrx_word' id='word_1_38' title='bbox 513 932 861 989; x_wconf 71' lang='lat' dir='ltr'>scribebatur,</span> <span class='ocrx_word' id='word_1_39' title='bbox 915 930 1105 978; x_wconf 78' lang='lat' dir='ltr'><strong><em>harena.</em></strong></span> <span class='ocrx_word' id='word_1_40' title='bbox 1196 926 1415 975; x_wconf 73' lang='lat' dir='ltr'>Codices</span> <span class='ocrx_word' id='word_1_41' title='bbox 1477 934 1583 972; x_wconf 79' lang='lat' dir='ltr'>tres</span> 
     </span>
     <span class='ocr_line' id='line_1_9' title="bbox 516 1000 1582 1069; baseline -0.009 -11"><span class='ocrx_word' id='word_1_42' title='bbox 516 1009 779 1069; x_wconf 84' lang='lat' dir='ltr'>Vaticani,</span> <span class='ocrx_word' id='word_1_43' title='bbox 806 1008 1059 1066; x_wconf 79' lang='lat' dir='ltr'>Venetus,</span> <span class='ocrx_word' id='word_1_44' title='bbox 1090 1013 1141 1052; x_wconf 89' lang='lat' dir='ltr'>et</span> <span class='ocrx_word' id='word_1_45' title='bbox 1170 1000 1582 1063; x_wconf 75' lang='lat' dir='ltr'>Guelplierbyta·</span> 
     </span>
     <span class='ocr_line' id='line_1_10' title="bbox 517 1078 1582 1147; baseline -0.009 -14"><span class='ocrx_word' id='word_1_46' title='bbox 517 1099 634 1147; x_wconf 88' lang='lat' dir='ltr'>nus,</span> <span class='ocrx_word' id='word_1_47' title='bbox 675 1086 886 1145; x_wconf 82' lang='lat' dir='ltr'>habent,</span> <span class='ocrx_word' id='word_1_48' title='bbox 929 1084 980 1130; x_wconf 83' lang='lat' dir='ltr'>in</span> <span class='ocrx_word' id='word_1_49' title='bbox 1024 1083 1112 1130; x_wconf 74' lang='lat' dir='ltr'>hoc</span> <span class='ocrx_word' id='word_1_50' title='bbox 1152 1095 1244 1135; x_wconf 83' lang='lat' dir='ltr'>re,·</span> <span class='ocrx_word' id='word_1_51' title='bbox 1299 1078 1582 1125; x_wconf 73' lang='lat' dir='ltr'>Vaticanus</span> 
     </span>
     <span class='ocr_line' id='line_1_11' title="bbox 518 1155 1586 1218; baseline -0.012 -5"><span class='ocrx_word' id='word_1_52' title='bbox 518 1167 664 1213; x_wconf 74' lang='lat'>14⁷5.</span> <span class='ocrx_word' id='word_1_53' title='bbox 701 1163 750 1210; x_wconf 79' lang='lat' dir='ltr'>in</span> <span class='ocrx_word' id='word_1_54' title='bbox 786 1164 929 1218; x_wconf 53' lang='lat' dir='ltr'>horn·</span> <span class='ocrx_word' id='word_1_55' title='bbox 963 1162 1127 1210; x_wconf 83' lang='lat' dir='ltr'>codex</span> <span class='ocrx_word' id='word_1_56' title='bbox 1162 1172 1305 1207; x_wconf 70' lang='lat' dir='ltr'>ruetis</span> <span class='ocrx_word' id='word_1_57' title='bbox 1340 1156 1393 1203; x_wconf 78' lang='lat' dir='ltr'>in</span> <span class='ocrx_word' id='word_1_58' title='bbox 1429 1155 1586 1210; x_wconf 72' lang='lat' dir='ltr'>lutra,-</span> 
     </span>
     <span class='ocr_line' id='line_1_12' title="bbox 516 1230 1583 1298; baseline -0.011 -9"><span class='ocrx_word' id='word_1_59' title='bbox 516 1238 681 1289; x_wconf 78' lang='lat' dir='ltr'>codex</span> <span class='ocrx_word' id='word_1_60' title='bbox 726 1238 1056 1298; x_wconf 64' lang='lat' dir='ltr'>Parmensis,</span> <span class='ocrx_word' id='word_1_61' title='bbox 1082 1237 1133 1284; x_wconf 81' lang='lat' dir='ltr'>in</span> <span class='ocrx_word' id='word_1_62' title='bbox 1168 1236 1282 1282; x_wconf 78' lang='lat' dir='ltr'>hore</span> <span class='ocrx_word' id='word_1_63' title='bbox 1307 1230 1583 1293; x_wconf 57' lang='lat' dir='ltr'>cogitabam</span> 
     </span>
     <span class='ocr_line' id='line_1_13' title="bbox 515 1307 1586 1370; baseline -0.011 -6"><span class='ocrx_word' id='word_1_64' title='bbox 515 1315 654 1365; x_wconf 87' lang='lat' dir='ltr'>liber</span> <span class='ocrx_word' id='word_1_65' title='bbox 690 1314 975 1363; x_wconf 79' lang='lat' dir='ltr'>Vossianus</span> <span class='ocrx_word' id='word_1_66' title='bbox 1014 1311 1215 1370; x_wconf 89' lang='lat' dir='ltr'>itidem,</span> <span class='ocrx_word' id='word_1_67' title='bbox 1238 1311 1288 1357; x_wconf 82' lang='lat' dir='ltr'>in</span> <span class='ocrx_word' id='word_1_68' title='bbox 1317 1310 1432 1356; x_wconf 78' lang='lat' dir='ltr'>hare</span> <span class='ocrx_word' id='word_1_69' title='bbox 1454 1307 1586 1366; x_wconf 73' lang='lat' dir='ltr'>cogi-</span> 
     </span>
     <span class='ocr_line' id='line_1_14' title="bbox 518 1385 1585 1449; baseline -0.007 -8"><span class='ocrx_word' id='word_1_70' title='bbox 518 1392 686 1449; x_wconf 55' lang='lat' dir='ltr'>tabam</span> <span class='ocrx_word' id='word_1_71' title='bbox 721 1405 749 1439; x_wconf 92' lang='lat' dir='ltr'>e</span> <span class='ocrx_word' id='word_1_72' title='bbox 787 1390 903 1439; x_wconf 87' lang='lat' dir='ltr'>cod.</span> <span class='ocrx_word' id='word_1_73' title='bbox 939 1387 1085 1437; x_wconf 87' lang='lat' dir='ltr'>Elsb.</span> <span class='ocrx_word' id='word_1_74' title='bbox 1126 1397 1179 1436; x_wconf 89' lang='lat' dir='ltr'>et</span> <span class='ocrx_word' id='word_1_75' title='bbox 1221 1386 1351 1444; x_wconf 85' lang='lat' dir='ltr'>aliis,</span> <span class='ocrx_word' id='word_1_76' title='bbox 1388 1385 1475 1432; x_wconf 80' lang='lat' dir='ltr'>hac</span> <span class='ocrx_word' id='word_1_77' title='bbox 1513 1399 1585 1433; x_wconf 83' lang='lat' dir='ltr'>re.</span> 
     </span>
     <span class='ocr_line' id='line_1_15' title="bbox 518 1467 1588 1532; baseline -0.01 -12"><span class='ocrx_word' id='word_1_78' title='bbox 518 1471 628 1520; x_wconf 88' lang='lat' dir='ltr'>Pro</span> <span class='ocrx_word' id='word_1_79' title='bbox 684 1468 871 1532; x_wconf 83' lang='lat' dir='ltr'>quibus</span> <span class='ocrx_word' id='word_1_80' title='bbox 919 1473 1224 1515; x_wconf 86' lang='lat' dir='ltr'>annotatum</span> <span class='ocrx_word' id='word_1_81' title='bbox 1273 1470 1349 1509; x_wconf 82' lang='lat' dir='ltr'>est</span> <span class='ocrx_word' id='word_1_82' title='bbox 1395 1477 1491 1509; x_wconf 84' lang='lat' dir='ltr'>oere</span> <span class='ocrx_word' id='word_1_83' title='bbox 1533 1467 1588 1509; x_wconf 90' lang='lat' dir='ltr'>et</span> 
     </span>
     <span class='ocr_line' id='line_1_16' title="bbox 512 1537 1585 1595; baseline -0.008 -2"><span class='ocrx_word' id='word_1_84' title='bbox 512 1559 646 1595; x_wconf 78' lang='lat' dir='ltr'>area.</span> <span class='ocrx_word' id='word_1_85' title='bbox 682 1545 815 1593; x_wconf 89' lang='lat' dir='ltr'>Sunt</span> <span class='ocrx_word' id='word_1_86' title='bbox 835 1557 989 1591; x_wconf 79' lang='lat' dir='ltr'>merae</span> <span class='ocrx_word' id='word_1_87' title='bbox 1013 1541 1285 1590; x_wconf 75' lang='lat' dir='ltr'>cliimaerae.</span> <span class='ocrx_word' id='word_1_88' title='bbox 1320 1538 1422 1586; x_wconf 87' lang='lat' dir='ltr'>Sed</span> <span class='ocrx_word' id='word_1_89' title='bbox 1451 1537 1585 1585; x_wconf 90' lang='lat' dir='ltr'>idem</span> 
     </span>
     <span class='ocr_line' id='line_1_17' title="bbox 517 1613 1587 1670; baseline -0.007 0"><span class='ocrx_word' id='word_1_90' title='bbox 517 1621 649 1670; x_wconf 88' lang='lat' dir='ltr'>liber</span> <span class='ocrx_word' id='word_1_91' title='bbox 673 1621 953 1668; x_wconf 82' lang='lat' dir='ltr'>Vossianus</span> <span class='ocrx_word' id='word_1_92' title='bbox 977 1619 1132 1666; x_wconf 89' lang='lat' dir='ltr'>etiam</span> <span class='ocrx_word' id='word_1_93' title='bbox 1160 1614 1322 1664; x_wconf 80' lang='lat' dir='ltr'>refert</span> <span class='ocrx_word' id='word_1_94' title='bbox 1351 1615 1448 1661; x_wconf 84' lang='lat' dir='ltr'>alia</span> <span class='ocrx_word' id='word_1_95' title='bbox 1482 1613 1587 1662; x_wconf 87' lang='lat' dir='ltr'>duo</span> 
     </span>
     <span class='ocr_line' id='line_1_18' title="bbox 516 1690 1587 1749; baseline -0.009 -2"><span class='ocrx_word' id='word_1_96' title='bbox 516 1698 705 1747; x_wconf 81' lang='lat' dir='ltr'>menda</span> <span class='ocrx_word' id='word_1_97' title='bbox 728 1698 1069 1749; x_wconf 84' lang='lat' dir='ltr'>librariorum.</span> <span class='ocrx_word' id='word_1_98' title='bbox 1089 1696 1140 1742; x_wconf 89' lang='lat' dir='ltr'>in</span> <span class='ocrx_word' id='word_1_99' title='bbox 1161 1690 1587 1742; x_wconf 80' lang='lat' dir='ltr'>antecedentibus</span> 
     </span>
     <span class='ocr_line' id='line_1_19' title="bbox 518 1769 1587 1834; baseline -0.006 -12"><span class='ocrx_word' id='word_1_100' title='bbox 518 1775 713 1829; x_wconf 80' lang='lat' dir='ltr'>verbis.</span> <span class='ocrx_word' id='word_1_101' title='bbox 741 1775 1125 1832; x_wconf 75' lang='lat' dir='ltr'>seeutusservor,</span> <span class='ocrx_word' id='word_1_102' title='bbox 1163 1785 1256 1834; x_wconf 91' lang='lat' dir='ltr'>pro</span> <span class='ocrx_word' id='word_1_103' title='bbox 1286 1784 1478 1818; x_wconf 81' lang='lat' dir='ltr'>securus</span> <span class='ocrx_word' id='word_1_104' title='bbox 1502 1769 1587 1827; x_wconf 81' lang='lat' dir='ltr'>sa·</span> 
     </span>
     <span class='ocr_line' id='line_1_20' title="bbox 518 1850 1206 1911; baseline -0.01 -11"><span class='ocrx_word' id='word_1_105' title='bbox 518 1865 619 1900; x_wconf 74' lang='lat' dir='ltr'>vor.</span> <span class='ocrx_word' id='word_1_106' title='bbox 688 1852 759 1899; x_wconf 80' lang='lat' dir='ltr'>Et</span> <span class='ocrx_word' id='word_1_107' title='bbox 782 1850 931 1907; x_wconf 80' lang='lat' dir='ltr'>hirco,</span> <span class='ocrx_word' id='word_1_108' title='bbox 958 1863 1048 1911; x_wconf 90' lang='lat' dir='ltr'>pro</span> <span class='ocrx_word' id='word_1_109' title='bbox 1074 1863 1206 1896; x_wconf 75' lang='lat' dir='ltr'>unco.</span> 
     </span>
    </p>

    <p class='ocr_par' dir='ltr' id='par_1_5' title="bbox 519 1920 1590 2130">
     <span class='ocr_line' id='line_1_21' title="bbox 589 1920 1588 1987; baseline -0.011 -10"><span class='ocrx_word' id='word_1_110' title='bbox 589 1929 806 1977; x_wconf 79' lang='lat' dir='ltr'>Crimina</span> <span class='ocrx_word' id='word_1_111' title='bbox 840 1925 1106 1987; x_wconf 62' lang='lat' dir='ltr'>majestatis</span> <span class='ocrx_word' id='word_1_112' title='bbox 1139 1924 1190 1971; x_wconf 77' lang='lat' dir='ltr'>in</span> <span class='ocrx_word' id='word_1_113' title='bbox 1223 1937 1367 1970; x_wconf 79' lang='lat' dir='ltr'>arena</span> <span class='ocrx_word' id='word_1_114' title='bbox 1399 1920 1588 1982; x_wconf 78' lang='lat' dir='ltr'>collige·</span> 
     </span>
     <span class='ocr_line' id='line_1_22' title="bbox 520 1998 1590 2065; baseline -0.008 -12"><span class='ocrx_word' id='word_1_115' title='bbox 520 2002 626 2065; x_wconf 79' lang='lat' dir='ltr'>bat]</span> <span class='ocrx_word' id='word_1_116' title='bbox 658 2003 965 2052; x_wconf 75' lang='lat' dir='ltr'>Suetonium</span> <span class='ocrx_word' id='word_1_117' title='bbox 1000 2001 1115 2064; x_wconf 85' lang='lat' dir='ltr'>lege</span> <span class='ocrx_word' id='word_1_118' title='bbox 1141 1998 1337 2050; x_wconf 88' lang='lat' dir='ltr'>Domit.</span> <span class='ocrx_word' id='word_1_119' title='bbox 1370 2012 1487 2061; x_wconf 88' lang='lat' dir='ltr'>cap.</span> <span class='ocrx_word' id='word_1_120' title='bbox 1511 2000 1590 2044; x_wconf 82' lang='lat'>10.</span> 
     </span>
     <span class='ocr_line' id='line_1_23' title="bbox 519 2080 681 2130; baseline -0.019 -1"><span class='ocrx_word' id='word_1_121' title='bbox 519 2080 681 2130; x_wconf 73' lang='lat' dir='ltr'>Livia.</span> 
     </span>
    </p>

    <p class='ocr_par' dir='ltr' id='par_1_6' title="bbox 519 2150 1593 2375">
     <span class='ocr_line' id='line_1_24' title="bbox 586 2150 1591 2213; baseline -0.01 -7"><span class='ocrx_word' id='word_1_122' title='bbox 586 2157 742 2206; x_wconf 80' lang='lat' dir='ltr'>Suum</span> <span class='ocrx_word' id='word_1_123' title='bbox 775 2169 946 2204; x_wconf 79' lang='lat' dir='ltr'>numen</span> <span class='ocrx_word' id='word_1_124' title='bbox 980 2150 1180 2213; x_wconf 78' lang='lat' dir='ltr'>violari]</span> <span class='ocrx_word' id='word_1_125' title='bbox 1232 2152 1384 2202; x_wconf 76' lang='lat' dir='ltr'>Suum</span> <span class='ocrx_word' id='word_1_126' title='bbox 1421 2164 1591 2199; x_wconf 77' lang='lat' dir='ltr'>numen</span> 
     </span>
     <span class='ocr_line' id='line_1_25' title="bbox 519 2226 1593 2294; baseline -0.007 -13"><span class='ocrx_word' id='word_1_127' title='bbox 519 2232 714 2287; x_wconf 71' lang='lat' dir='ltr'>violare,</span> <span class='ocrx_word' id='word_1_128' title='bbox 741 2233 892 2294; x_wconf 84' lang='lat' dir='ltr'>vulgo</span> <span class='ocrx_word' id='word_1_129' title='bbox 917 2248 932 2291; x_wconf 86' lang='lat'>;</span> <span class='ocrx_word' id='word_1_130' title='bbox 969 2238 1024 2279; x_wconf 88' lang='lat' dir='ltr'>at</span> <span class='ocrx_word' id='word_1_131' title='bbox 1047 2245 1186 2279; x_wconf 77' lang='lat' dir='ltr'>suum</span> <span class='ocrx_word' id='word_1_132' title='bbox 1218 2243 1389 2277; x_wconf 76' lang='lat' dir='ltr'>numen</span> <span class='ocrx_word' id='word_1_133' title='bbox 1424 2226 1593 2274; x_wconf 77' lang='lat' dir='ltr'>eiolari</span> 
     </span>
     <span class='ocr_line' id='line_1_26' title="bbox 521 2309 1006 2375; baseline -0.008 -15"><span class='ocrx_word' id='word_1_134' title='bbox 521 2311 593 2362; x_wconf 81' lang='lat' dir='ltr'>H.</span> <span class='ocrx_word' id='word_1_135' title='bbox 616 2311 797 2375; x_wconf 81' lang='lat' dir='ltr'>steph.</span> <span class='ocrx_word' id='word_1_136' title='bbox 840 2309 1006 2359; x_wconf 78' lang='lat' dir='ltr'>Faber.</span> 
     </span>
    </p>

    <p class='ocr_par' dir='ltr' id='par_1_7' title="bbox 522 2381 1590 2604">
     <span class='ocr_line' id='line_1_27' title="bbox 590 2381 1588 2453; baseline -0.01 -14"><span class='ocrx_word' id='word_1_137' title='bbox 590 2391 739 2453; x_wconf 81' lang='lat' dir='ltr'>Idem,</span> <span class='ocrx_word' id='word_1_138' title='bbox 761 2392 880 2453; x_wconf 80' lang='lat' dir='ltr'>quod</span> <span class='ocrx_word' id='word_1_139' title='bbox 914 2386 1065 2449; x_wconf 87' lang='lat' dir='ltr'>Deos]</span> <span class='ocrx_word' id='word_1_140' title='bbox 1113 2387 1290 2434; x_wconf 76' lang='lat' dir='ltr'>Palam</span> <span class='ocrx_word' id='word_1_141' title='bbox 1317 2383 1382 2432; x_wconf 90' lang='lat' dir='ltr'>de</span> <span class='ocrx_word' id='word_1_142' title='bbox 1407 2381 1588 2431; x_wconf 88' lang='lat' dir='ltr'>Domi·</span> 
     </span>
     <span class='ocr_line' id='line_1_28' title="bbox 523 2460 1590 2530; baseline -0.01 -14"><span class='ocrx_word' id='word_1_143' title='bbox 523 2468 684 2528; x_wconf 89' lang='lat' dir='ltr'>tiano,</span> <span class='ocrx_word' id='word_1_144' title='bbox 706 2468 792 2530; x_wconf 88' lang='lat' dir='ltr'>qui</span> <span class='ocrx_word' id='word_1_145' title='bbox 819 2468 963 2515; x_wconf 87' lang='lat' dir='ltr'>Deus</span> <span class='ocrx_word' id='word_1_146' title='bbox 988 2463 1185 2513; x_wconf 83' lang='lat' dir='ltr'>censeri</span> <span class='ocrx_word' id='word_1_147' title='bbox 1216 2469 1271 2510; x_wconf 91' lang='lat' dir='ltr'>et</span> <span class='ocrx_word' id='word_1_148' title='bbox 1296 2460 1476 2509; x_wconf 90' lang='lat' dir='ltr'>audire</span> <span class='ocrx_word' id='word_1_149' title='bbox 1503 2473 1590 2506; x_wconf 86' lang='lat' dir='ltr'>vo·</span> 
     </span>
     <span class='ocr_line' id='line_1_29' title="bbox 522 2543 812 2604; baseline -0.014 -12"><span class='ocrx_word' id='word_1_150' title='bbox 522 2545 640 2592; x_wconf 77' lang='lat' dir='ltr'>luit.</span> <span class='ocrx_word' id='word_1_151' title='bbox 679 2543 812 2604; x_wconf 82' lang='lat' dir='ltr'>Lips.</span> 
     </span>
    </p>

    <p class='ocr_par' dir='ltr' id='par_1_8' title="bbox 499 2610 1597 4053">
     <span class='ocr_line' id='line_1_30' title="bbox 593 2610 1591 2677; baseline -0.009 -11"><span class='ocrx_word' id='word_1_152' title='bbox 593 2621 711 2667; x_wconf 80' lang='lat' dir='ltr'>Cum</span> <span class='ocrx_word' id='word_1_153' title='bbox 733 2631 781 2666; x_wconf 84' lang='lat' dir='ltr'>se</span> <span class='ocrx_word' id='word_1_154' title='bbox 801 2616 945 2669; x_wconf 79' lang='lat' dir='ltr'>idem,</span> <span class='ocrx_word' id='word_1_155' title='bbox 969 2616 1089 2677; x_wconf 78' lang='lat' dir='ltr'>quod</span> <span class='ocrx_word' id='word_1_156' title='bbox 1117 2612 1267 2675; x_wconf 83' lang='lat' dir='ltr'>Deos]</span> <span class='ocrx_word' id='word_1_157' title='bbox 1305 2612 1365 2660; x_wconf 91' lang='lat' dir='ltr'>Iu</span> <span class='ocrx_word' id='word_1_158' title='bbox 1400 2610 1591 2659; x_wconf 86' lang='lat' dir='ltr'>codici·</span> 
     </span>
     <span class='ocr_line' id='line_1_31' title="bbox 522 2686 1592 2749; baseline -0.01 -5"><span class='ocrx_word' id='word_1_159' title='bbox 522 2696 619 2744; x_wconf 88' lang='lat' dir='ltr'>bus</span> <span class='ocrx_word' id='word_1_160' title='bbox 637 2692 928 2744; x_wconf 76' lang='lat' dir='ltr'>Vaticanis,</span> <span class='ocrx_word' id='word_1_161' title='bbox 954 2690 1177 2749; x_wconf 89' lang='lat' dir='ltr'>Veneto,</span> <span class='ocrx_word' id='word_1_162' title='bbox 1193 2686 1592 2748; x_wconf 77' lang='lat' dir='ltr'>Salisburgcnsi‚</span> 
     </span>
     <span class='ocr_line' id='line_1_32' title="bbox 523 2764 1591 2834; baseline -0.011 -12"><span class='ocrx_word' id='word_1_163' title='bbox 523 2770 1006 2834; x_wconf 81' lang='lat' dir='ltr'>Gttelpherbytauo,</span> <span class='ocrx_word' id='word_1_164' title='bbox 1028 2780 1161 2824; x_wconf 85' lang='lat' dir='ltr'>meo,</span> <span class='ocrx_word' id='word_1_165' title='bbox 1184 2775 1238 2812; x_wconf 87' lang='lat' dir='ltr'>et</span> <span class='ocrx_word' id='word_1_166' title='bbox 1265 2765 1394 2812; x_wconf 86' lang='lat' dir='ltr'>libro</span> <span class='ocrx_word' id='word_1_167' title='bbox 1417 2764 1591 2811; x_wconf 66' lang='lat' dir='ltr'>Vossi-</span> 
     </span>
     <span class='ocr_line' id='line_1_33' title="bbox 499 2839 1592 2909; baseline -0.012 -10"><span class='ocrx_word' id='word_1_168' title='bbox 499 2863 642 2907; x_wconf 50' lang='lat' dir='ltr'>sano,</span> <span class='ocrx_word' id='word_1_169' title='bbox 680 2848 866 2909; x_wconf 89' lang='lat' dir='ltr'>copula</span> <span class='ocrx_word' id='word_1_170' title='bbox 904 2860 992 2909; x_wconf 79' lang='lat' dir='ltr'>que</span> <span class='ocrx_word' id='word_1_171' title='bbox 1032 2843 1303 2907; x_wconf 65' lang='lat' dir='ltr'>particulae</span> <span class='ocrx_word' id='word_1_172' title='bbox 1331 2856 1438 2889; x_wconf 80' lang='lat' dir='ltr'>cum</span> <span class='ocrx_word' id='word_1_173' title='bbox 1478 2839 1592 2887; x_wconf 88' lang='lat' dir='ltr'>sub-</span> 
     </span>
     <span class='ocr_line' id='line_1_34' title="bbox 516 2918 1592 2988; baseline -0.009 -14"><span class='ocrx_word' id='word_1_174' title='bbox 516 2926 781 2988; x_wconf 71' lang='lat' dir='ltr'>jungitur,</span> <span class='ocrx_word' id='word_1_175' title='bbox 809 2925 1033 2986; x_wconf 82' lang='lat' dir='ltr'>Cumque.</span> <span class='ocrx_word' id='word_1_176' title='bbox 1079 2921 1209 2971; x_wconf 81' lang='lat' dir='ltr'>Quae</span> <span class='ocrx_word' id='word_1_177' title='bbox 1235 2918 1479 2978; x_wconf 74' lang='lat' dir='ltr'>varietas,</span> <span class='ocrx_word' id='word_1_178' title='bbox 1504 2932 1592 2964; x_wconf 88' lang='lat' dir='ltr'>ne·</span> 
     </span>
     <span class='ocr_line' id='line_1_35' title="bbox 523 2993 1593 3064; baseline -0.01 -12"><span class='ocrx_word' id='word_1_179' title='bbox 523 3004 652 3063; x_wconf 90' lang='lat' dir='ltr'>scio,</span> <span class='ocrx_word' id='word_1_180' title='bbox 677 3016 739 3050; x_wconf 90' lang='lat' dir='ltr'>an</span> <span class='ocrx_word' id='word_1_181' title='bbox 767 3015 972 3064; x_wconf 88' lang='lat' dir='ltr'>prorsus</span> <span class='ocrx_word' id='word_1_182' title='bbox 1010 2999 1074 3047; x_wconf 87' lang='lat' dir='ltr'>sit</span> <span class='ocrx_word' id='word_1_183' title='bbox 1113 2997 1284 3046; x_wconf 81' lang='lat' dir='ltr'>vana?</span> <span class='ocrx_word' id='word_1_184' title='bbox 1326 2993 1593 3043; x_wconf 86' lang='lat' dir='ltr'>Particula</span> 
     </span>
     <span class='ocr_line' id='line_1_36' title="bbox 523 3070 1594 3141; baseline -0.012 -11"><span class='ocrx_word' id='word_1_185' title='bbox 523 3081 659 3129; x_wconf 89' lang='lat' dir='ltr'>enim</span> <span class='ocrx_word' id='word_1_186' title='bbox 681 3079 696 3106; x_wconf 84' lang='lat'>‘</span> <span class='ocrx_word' id='word_1_187' title='bbox 712 3094 844 3133; x_wconf 85' lang='lat' dir='ltr'>cum,</span> <span class='ocrx_word' id='word_1_188' title='bbox 864 3091 958 3141; x_wconf 91' lang='lat' dir='ltr'>pro</span> <span class='ocrx_word' id='word_1_189' title='bbox 976 3073 1235 3140; x_wconf 81' lang='lat' dir='ltr'>quoniam’</span> <span class='ocrx_word' id='word_1_190' title='bbox 1252 3072 1438 3135; x_wconf 84' lang='lat' dir='ltr'>posita,</span> <span class='ocrx_word' id='word_1_191' title='bbox 1456 3070 1494 3117; x_wconf 79' lang='lat' dir='ltr'>si</span> <span class='ocrx_word' id='word_1_192' title='bbox 1514 3084 1594 3117; x_wconf 89' lang='lat' dir='ltr'>re-</span> 
     </span>
     <span class='ocr_line' id='line_1_37' title="bbox 522 3147 1593 3214; baseline -0.014 -7"><span class='ocrx_word' id='word_1_193' title='bbox 522 3156 720 3206; x_wconf 79' lang='lat' dir='ltr'>feratur</span> <span class='ocrx_word' id='word_1_194' title='bbox 742 3155 803 3203; x_wconf 86' lang='lat' dir='ltr'>nd</span> <span class='ocrx_word' id='word_1_195' title='bbox 826 3154 1037 3202; x_wconf 84' lang='lat' dir='ltr'>verbum</span> <span class='ocrx_word' id='word_1_196' title='bbox 1059 3150 1274 3214; x_wconf 74' lang='lat' dir='ltr'>putabat,</span> <span class='ocrx_word' id='word_1_197' title='bbox 1290 3149 1413 3196; x_wconf 87' lang='lat' dir='ltr'>alias</span> <span class='ocrx_word' id='word_1_198' title='bbox 1432 3147 1593 3206; x_wconf 81' lang='lat' dir='ltr'>magis</span> 
     </span>
     <span class='ocr_line' id='line_1_38' title="bbox 524 3222 1593 3292; baseline -0.009 -11"><span class='ocrx_word' id='word_1_199' title='bbox 524 3233 740 3281; x_wconf 87' lang='lat' dir='ltr'>verbum</span> <span class='ocrx_word' id='word_1_200' title='bbox 765 3229 1079 3292; x_wconf 83' lang='lat' dir='ltr'>conjunctivi</span> <span class='ocrx_word' id='word_1_201' title='bbox 1107 3225 1262 3280; x_wconf 86' lang='lat' dir='ltr'>modi,</span> <span class='ocrx_word' id='word_1_202' title='bbox 1284 3239 1436 3287; x_wconf 84' lang='lat' dir='ltr'>quam</span> <span class='ocrx_word' id='word_1_203' title='bbox 1463 3222 1593 3271; x_wconf 89' lang='lat' dir='ltr'>indi·</span> 
     </span>
     <span class='ocr_line' id='line_1_39' title="bbox 522 3300 1593 3368; baseline -0.009 -9"><span class='ocrx_word' id='word_1_204' title='bbox 522 3310 701 3368; x_wconf 83' lang='lat' dir='ltr'>cativi,</span> <span class='ocrx_word' id='word_1_205' title='bbox 727 3307 1011 3355; x_wconf 75' lang='lat' dir='ltr'>desiderat.</span> <span class='ocrx_word' id='word_1_206' title='bbox 1082 3304 1253 3366; x_wconf 84' lang='lat' dir='ltr'>Igitur</span> <span class='ocrx_word' id='word_1_207' title='bbox 1282 3302 1505 3359; x_wconf 83' lang='lat' dir='ltr'>videtur,</span> <span class='ocrx_word' id='word_1_208' title='bbox 1528 3300 1593 3349; x_wconf 88' lang='lat' dir='ltr'>ad</span> 
     </span>
     <span class='ocr_line' id='line_1_40' title="bbox 522 3376 1594 3441; baseline -0.007 -8"><span class='ocrx_word' id='word_1_209' title='bbox 522 3385 661 3433; x_wconf 84' lang='lat' dir='ltr'>aliud</span> <span class='ocrx_word' id='word_1_210' title='bbox 710 3384 924 3432; x_wconf 83' lang='lat' dir='ltr'>verbum</span> <span class='ocrx_word' id='word_1_211' title='bbox 970 3380 1158 3432; x_wconf 82' lang='lat' dir='ltr'>referri</span> <span class='ocrx_word' id='word_1_212' title='bbox 1199 3381 1410 3441; x_wconf 85' lang='lat' dir='ltr'>debere,</span> <span class='ocrx_word' id='word_1_213' title='bbox 1455 3376 1594 3441; x_wconf 86' lang='lat' dir='ltr'>quod</span> 
     </span>
     <span class='ocr_line' id='line_1_41' title="bbox 523 3455 1595 3525; baseline -0.007 -15"><span class='ocrx_word' id='word_1_214' title='bbox 523 3463 601 3510; x_wconf 75' lang='lat' dir='ltr'>vel</span> <span class='ocrx_word' id='word_1_215' title='bbox 629 3460 1027 3525; x_wconf 80' lang='lat' dir='ltr'>praetermissum</span> <span class='ocrx_word' id='word_1_216' title='bbox 1066 3466 1148 3506; x_wconf 85' lang='lat' dir='ltr'>est</span> <span class='ocrx_word' id='word_1_217' title='bbox 1183 3458 1336 3519; x_wconf 88' lang='lat' dir='ltr'>culpa</span> <span class='ocrx_word' id='word_1_218' title='bbox 1358 3455 1595 3503; x_wconf 85' lang='lat' dir='ltr'>librario·</span> 
     </span>
     <span class='ocr_line' id='line_1_42' title="bbox 522 3531 1594 3600; baseline -0.009 -12"><span class='ocrx_word' id='word_1_219' title='bbox 522 3552 654 3598; x_wconf 89' lang='lat' dir='ltr'>rum,</span> <span class='ocrx_word' id='word_1_220' title='bbox 680 3538 757 3585; x_wconf 81' lang='lat' dir='ltr'>vel</span> <span class='ocrx_word' id='word_1_221' title='bbox 792 3551 886 3600; x_wconf 90' lang='lat' dir='ltr'>per</span> <span class='ocrx_word' id='word_1_222' title='bbox 921 3535 1137 3596; x_wconf 73' lang='grc' dir='ltr'>ἔλλειψιν</span> <span class='ocrx_word' id='word_1_223' title='bbox 1168 3534 1336 3581; x_wconf 85' lang='lat' dir='ltr'>animo</span> <span class='ocrx_word' id='word_1_224' title='bbox 1374 3531 1594 3593; x_wconf 78' lang='lat' dir='ltr'>intelligi</span> 
     </span>
     <span class='ocr_line' id='line_1_43' title="bbox 522 3608 1597 3677; baseline -0.009 -13"><span class='ocrx_word' id='word_1_225' title='bbox 522 3613 856 3677; x_wconf 85' lang='lat' dir='ltr'>supplerique</span> <span class='ocrx_word' id='word_1_226' title='bbox 881 3619 1072 3676; x_wconf 87' lang='lat' dir='ltr'>potest.</span> <span class='ocrx_word' id='word_1_227' title='bbox 1122 3609 1298 3674; x_wconf 85' lang='lat' dir='ltr'>Atque</span> <span class='ocrx_word' id='word_1_228' title='bbox 1317 3608 1447 3657; x_wconf 84' lang='lat' dir='ltr'>adeo</span> <span class='ocrx_word' id='word_1_229' title='bbox 1470 3610 1597 3656; x_wconf 88' lang='lat' dir='ltr'>satis</span> 
     </span>
     <span class='ocr_line' id='line_1_44' title="bbox 524 3685 1595 3754; baseline -0.008 -13"><span class='ocrx_word' id='word_1_230' title='bbox 524 3699 649 3754; x_wconf 84' lang='lat' dir='ltr'>apte</span> <span class='ocrx_word' id='word_1_231' title='bbox 672 3690 938 3739; x_wconf 79' lang='lat' dir='ltr'>coliaerere</span> <span class='ocrx_word' id='word_1_232' title='bbox 961 3689 1129 3739; x_wconf 84' lang='lat' dir='ltr'>oratio</span> <span class='ocrx_word' id='word_1_233' title='bbox 1160 3687 1282 3735; x_wconf 80' lang='lat' dir='ltr'>milii</span> <span class='ocrx_word' id='word_1_234' title='bbox 1311 3685 1595 3748; x_wconf 81' lang='lat' dir='ltr'>videretur,</span> 
     </span>
     <span class='ocr_line' id='line_1_45' title="bbox 523 3762 1596 3830; baseline -0.007 -13"><span class='ocrx_word' id='word_1_235' title='bbox 523 3769 566 3817; x_wconf 88' lang='lat' dir='ltr'>si</span> <span class='ocrx_word' id='word_1_236' title='bbox 604 3768 785 3816; x_wconf 82' lang='lat' dir='ltr'>ultima</span> <span class='ocrx_word' id='word_1_237' title='bbox 821 3762 970 3830; x_wconf 80' lang='lat' dir='ltr'>liujus</span> <span class='ocrx_word' id='word_1_238' title='bbox 1010 3765 1197 3829; x_wconf 90' lang='lat' dir='ltr'>capitis</span> <span class='ocrx_word' id='word_1_239' title='bbox 1236 3762 1497 3811; x_wconf 86' lang='lat' dir='ltr'>sententia</span> <span class='ocrx_word' id='word_1_240' title='bbox 1521 3762 1596 3810; x_wconf 80' lang='lat' dir='ltr'>ita</span> 
     </span>
     <span class='ocr_line' id='line_1_46' title="bbox 521 3841 1594 3905; baseline -0.008 -10"><span class='ocrx_word' id='word_1_241' title='bbox 521 3846 962 3895; x_wconf 76' lang='lat' dir='ltr'>concinnaretur:</span> <span class='ocrx_word' id='word_1_242' title='bbox 1010 3859 1067 3891; x_wconf 79' lang='lat' dir='ltr'>ac</span> <span class='ocrx_word' id='word_1_243' title='bbox 1102 3857 1151 3889; x_wconf 86' lang='lat' dir='ltr'>se</span> <span class='ocrx_word' id='word_1_244' title='bbox 1186 3841 1366 3905; x_wconf 76' lang='lat' dir='ltr'>despici</span> <span class='ocrx_word' id='word_1_245' title='bbox 1399 3844 1446 3889; x_wconf 81' lang='lat' dir='ltr'>et</span> <span class='ocrx_word' id='word_1_246' title='bbox 1486 3855 1594 3887; x_wconf 82' lang='lat' dir='ltr'>con-</span> 
     </span>
     <span class='ocr_line' id='line_1_47' title="bbox 520 3914 1595 3981; baseline -0.006 -11"><span class='ocrx_word' id='word_1_247' title='bbox 520 3922 688 3975; x_wconf 74' lang='lat' dir='ltr'>temni,</span> <span class='ocrx_word' id='word_1_248' title='bbox 707 3920 804 3968; x_wconf 82' lang='lat' dir='ltr'>nisi</span> <span class='ocrx_word' id='word_1_249' title='bbox 826 3921 970 3968; x_wconf 82' lang='lat' dir='ltr'>etiam</span> <span class='ocrx_word' id='word_1_250' title='bbox 1001 3918 1296 3981; x_wconf 72' lang='lat' dir='ltr'>gladiatores</span> <span class='ocrx_word' id='word_1_251' title='bbox 1328 3914 1427 3974; x_wconf 67' lang='lat' dir='ltr'>qius</span> <span class='ocrx_word' id='word_1_252' title='bbox 1458 3929 1595 3964; x_wconf 80' lang='lat' dir='ltr'>cene-</span> 
     </span>
     <span class='ocr_line' id='line_1_48' title="bbox 519 3991 1597 4053; baseline -0.007 -8"><span class='ocrx_word' id='word_1_253' title='bbox 519 4011 770 4053; x_wconf 54' lang='lat' dir='ltr'>muman·</span> <span class='ocrx_word' id='word_1_254' title='bbox 816 3993 911 4044; x_wconf 80' lang='lat' dir='ltr'>sibi</span> <span class='ocrx_word' id='word_1_255' title='bbox 946 3995 1067 4043; x_wconf 80' lang='lat' dir='ltr'>male</span> <span class='ocrx_word' id='word_1_256' title='bbox 1104 3993 1218 4053; x_wconf 83' lang='lat' dir='ltr'>dici,</span> <span class='ocrx_word' id='word_1_257' title='bbox 1252 3991 1303 4039; x_wconf 80' lang='lat' dir='ltr'>in</span> <span class='ocrx_word' id='word_1_258' title='bbox 1337 3991 1436 4038; x_wconf 84' lang='lat' dir='ltr'>illis</span> <span class='ocrx_word' id='word_1_259' title='bbox 1463 4005 1597 4038; x_wconf 78' lang='lat' dir='ltr'>suani</span> 
     </span>
    </p>
   </div>
   <div class='ocr_carea' id='block_1_5' title="bbox 415 4067 1596 4133">
    <p class='ocr_par' dir='ltr' id='par_1_9' title="bbox 415 4067 1596 4133">
     <span class='ocr_line' id='line_1_49' title="bbox 415 4067 1596 4133; baseline -0.007 -10"><span class='ocrx_word' id='word_1_260' title='bbox 415 4067 426 4079; x_wconf 78' lang='grc'><strong>’</strong></span> <span class='ocrx_word' id='word_1_261' title='bbox 518 4072 841 4133; x_wconf 72' lang='lat' dir='ltr'>divinitatem,</span> <span class='ocrx_word' id='word_1_262' title='bbox 862 4085 998 4119; x_wconf 78' lang='lat' dir='ltr'>suum</span> <span class='ocrx_word' id='word_1_263' title='bbox 1019 4083 1211 4131; x_wconf 69' lang='lat' dir='ltr'>numen,</span> <span class='ocrx_word' id='word_1_264' title='bbox 1228 4067 1424 4128; x_wconf 78' lang='lat' dir='ltr'>violari,</span> <span class='ocrx_word' id='word_1_265' title='bbox 1446 4067 1596 4116; x_wconf 82' lang='lat' dir='ltr'>inter-</span> 
     </span>
    </p>
   </div>
   <div class='ocr_carea' id='block_1_6' title="bbox 514 4145 1596 4367">
    <p class='ocr_par' dir='ltr' id='par_1_10' title="bbox 514 4145 1596 4367">
     <span class='ocr_line' id='line_1_50' title="bbox 514 4145 1595 4212; baseline -0.007 -12"><span class='ocrx_word' id='word_1_266' title='bbox 514 4149 796 4212; x_wconf 75' lang='lat' dir='ltr'>pretabatur</span> <span class='ocrx_word' id='word_1_267' title='bbox 814 4164 832 4205; x_wconf 79' lang='lat'>,-</span> <span class='ocrx_word' id='word_1_268' title='bbox 878 4161 1073 4210; x_wconf 72' lang='lat' dir='ltr'>cumque</span> <span class='ocrx_word' id='word_1_269' title='bbox 1106 4161 1156 4194; x_wconf 85' lang='lat' dir='ltr'>se</span> <span class='ocrx_word' id='word_1_270' title='bbox 1195 4145 1323 4193; x_wconf 79' lang='lat' dir='ltr'>idem</span> <span class='ocrx_word' id='word_1_271' title='bbox 1365 4150 1595 4208; x_wconf 86' lang='lat' dir='ltr'>putaret,</span> 
     </span>
     <span class='ocr_line' id='line_1_51' title="bbox 520 4223 1596 4288; baseline -0.005 -14"><span class='ocrx_word' id='word_1_272' title='bbox 520 4229 642 4288; x_wconf 75' lang='lat' dir='ltr'>qaod</span> <span class='ocrx_word' id='word_1_273' title='bbox 682 4227 829 4281; x_wconf 86' lang='lat' dir='ltr'>Deos,</span> <span class='ocrx_word' id='word_1_274' title='bbox 860 4224 988 4275; x_wconf 81' lang='lat' dir='ltr'>idem</span> <span class='ocrx_word' id='word_1_275' title='bbox 1024 4223 1337 4286; x_wconf 76' lang='lat' dir='ltr'>gladiatores,</span> <span class='ocrx_word' id='word_1_276' title='bbox 1376 4223 1497 4285; x_wconf 75' lang='lat' dir='ltr'>quod</span> <span class='ocrx_word' id='word_1_277' title='bbox 1529 4235 1596 4278; x_wconf 83' lang='lat' dir='ltr'>se,</span> 
     </span>
     <span class='ocr_line' id='line_1_52' title="bbox 514 4301 1593 4367; baseline -0.004 -15"><span class='ocrx_word' id='word_1_278' title='bbox 514 4301 733 4366; x_wconf 70' lang='lat' dir='ltr'>patabat.</span> <span class='ocrx_word' id='word_1_279' title='bbox 805 4302 892 4353; x_wconf 88' lang='lat' dir='ltr'>Sic</span> <span class='ocrx_word' id='word_1_280' title='bbox 933 4316 1030 4367; x_wconf 88' lang='lat' dir='ltr'>per</span> <span class='ocrx_word' id='word_1_281' title='bbox 1066 4302 1308 4365; x_wconf 84' lang='lat' dir='ltr'>copulam</span> <span class='ocrx_word' id='word_1_282' title='bbox 1343 4314 1431 4365; x_wconf 73' lang='lat' dir='ltr'>que</span> <span class='ocrx_word' id='word_1_283' title='bbox 1471 4313 1593 4349; x_wconf 86' lang='lat' dir='ltr'>con-</span> 
     </span>
    </p>
   </div>
   <div class='ocr_carea' id='block_1_7' title="bbox 1659 611 2743 4363">
    <p class='ocr_par' dir='ltr' id='par_1_11' title="bbox 1659 611 2734 2115">
     <span class='ocr_line' id='line_1_53' title="bbox 1661 611 2727 676; baseline -0.007 -13"><span class='ocrx_word' id='word_1_284' title='bbox 1661 648 1673 663; x_wconf 88' lang='lat'>.</span> <span class='ocrx_word' id='word_1_285' title='bbox 1695 649 1738 663; x_wconf 88' lang='lat'>..</span> <span class='ocrx_word' id='word_1_286' title='bbox 1770 615 1987 676; x_wconf 74' lang='lat' dir='ltr'>patabat.</span> <span class='ocrx_word' id='word_1_287' title='bbox 2055 612 2224 675; x_wconf 82' lang='lat' dir='ltr'>Igitur</span> <span class='ocrx_word' id='word_1_288' title='bbox 2263 611 2476 660; x_wconf 83' lang='lat' dir='ltr'>verbum</span> <span class='ocrx_word' id='word_1_289' title='bbox 2515 613 2727 672; x_wconf 70' lang='lat' dir='ltr'>putaret,</span> 
     </span>
     <span class='ocr_line' id='line_1_54' title="bbox 1660 685 2725 755; baseline -0.008 -15"><span class='ocrx_word' id='word_1_290' title='bbox 1660 691 1792 755; x_wconf 87' lang='lat' dir='ltr'>quod</span> <span class='ocrx_word' id='word_1_291' title='bbox 1810 705 1924 740; x_wconf 89' lang='lat' dir='ltr'>cum</span> <span class='ocrx_word' id='word_1_292' title='bbox 1946 690 2195 753; x_wconf 85' lang='lat' dir='ltr'>particula</span> <span class='ocrx_word' id='word_1_293' title='bbox 2207 687 2541 736; x_wconf 79' lang='lat' dir='ltr'>caussalieum</span> <span class='ocrx_word' id='word_1_294' title='bbox 2554 685 2725 735; x_wconf 70' lang='lat' dir='ltr'>colm-</span> 
     </span>
     <span class='ocr_line' id='line_1_55' title="bbox 1663 760 2726 825; baseline -0.008 -9"><span class='ocrx_word' id='word_1_295' title='bbox 1663 776 1792 822; x_wconf 77' lang='lat' dir='ltr'>reat,</span> <span class='ocrx_word' id='word_1_296' title='bbox 1817 769 1894 814; x_wconf 85' lang='lat' dir='ltr'>vel</span> <span class='ocrx_word' id='word_1_297' title='bbox 1924 765 2324 825; x_wconf 84' lang='lat' dir='ltr'>restituendum,</span> <span class='ocrx_word' id='word_1_298' title='bbox 2344 764 2426 812; x_wconf 82' lang='lat' dir='ltr'>vel</span> <span class='ocrx_word' id='word_1_299' title='bbox 2451 777 2541 825; x_wconf 85' lang='lat' dir='ltr'>per</span> <span class='ocrx_word' id='word_1_300' title='bbox 2566 760 2726 809; x_wconf 73' lang='grc' dir='ltr'>ἔλλει-</span> 
     </span>
     <span class='ocr_line' id='line_1_56' title="bbox 1659 837 2729 904; baseline -0.005 -13"><span class='ocrx_word' id='word_1_301' title='bbox 1659 844 1930 904; x_wconf 69' lang='lat' dir='ltr'>zlaewsaltem</span> <span class='ocrx_word' id='word_1_302' title='bbox 1944 841 2284 904; x_wconf 79' lang='lat' dir='ltr'>supplendum</span> <span class='ocrx_word' id='word_1_303' title='bbox 2298 848 2396 889; x_wconf 75' lang='lat' dir='ltr'>est.</span> <span class='ocrx_word' id='word_1_304' title='bbox 2423 837 2729 901; x_wconf 79' lang='lat' dir='ltr'>Cujusmodi</span> 
     </span>
     <span class='ocr_line' id='line_1_57' title="bbox 1661 914 2726 980; baseline -0.008 -12"><span class='ocrx_word' id='word_1_305' title='bbox 1661 918 1900 980; x_wconf 70' lang='grc' dir='ltr'>ἐλλείψεις</span> <span class='ocrx_word' id='word_1_306' title='bbox 1923 933 2025 966; x_wconf 91' lang='lat' dir='ltr'>nou</span> <span class='ocrx_word' id='word_1_307' title='bbox 2053 919 2182 966; x_wconf 84' lang='lat' dir='ltr'>adeo</span> <span class='ocrx_word' id='word_1_308' title='bbox 2210 917 2393 966; x_wconf 86' lang='lat' dir='ltr'>alienae</span> <span class='ocrx_word' id='word_1_309' title='bbox 2415 923 2534 963; x_wconf 87' lang='lat' dir='ltr'>sunt</span> <span class='ocrx_word' id='word_1_310' title='bbox 2555 930 2584 962; x_wconf 90' lang='lat' dir='ltr'>a</span> <span class='ocrx_word' id='word_1_311' title='bbox 2607 914 2726 962; x_wconf 88' lang='lat' dir='ltr'>stilo</span> 
     </span>
     <span class='ocr_line' id='line_1_58' title="bbox 1661 991 2727 1058; baseline -0.008 -11"><span class='ocrx_word' id='word_1_312' title='bbox 1661 998 1929 1055; x_wconf 86' lang='lat' dir='ltr'>Pliniano;</span> <span class='ocrx_word' id='word_1_313' title='bbox 1977 1011 2025 1045; x_wconf 80' lang='lat' dir='ltr'>v.</span> <span class='ocrx_word' id='word_1_314' title='bbox 2053 1010 2100 1058; x_wconf 76' lang='lat' dir='ltr'>g.</span> <span class='ocrx_word' id='word_1_315' title='bbox 2139 1007 2315 1043; x_wconf 84' lang='lat' dir='ltr'>xxxv.</span> <span class='ocrx_word' id='word_1_316' title='bbox 2351 997 2400 1041; x_wconf 78' lang='lat'>2.</span> <span class='ocrx_word' id='word_1_317' title='bbox 2451 999 2465 1019; x_wconf 82' lang='lat'><strong><em>⁴</em></strong></span> <span class='ocrx_word' id='word_1_318' title='bbox 2494 991 2727 1053; x_wconf 83' lang='lat' dir='ltr'>Cumque</span> 
     </span>
     <span class='ocr_line' id='line_1_59' title="bbox 1662 1070 2728 1134; baseline -0.008 -13"><span class='ocrx_word' id='word_1_319' title='bbox 1662 1074 1852 1121; x_wconf 87' lang='lat' dir='ltr'>insulas</span> <span class='ocrx_word' id='word_1_320' title='bbox 1879 1085 2075 1128; x_wconf 86' lang='lat' dir='ltr'>omnes,</span> <span class='ocrx_word' id='word_1_321' title='bbox 2100 1086 2226 1134; x_wconf 85' lang='lat' dir='ltr'>quas</span> <span class='ocrx_word' id='word_1_322' title='bbox 2251 1070 2404 1117; x_wconf 89' lang='lat' dir='ltr'>modo</span> <span class='ocrx_word' id='word_1_323' title='bbox 2430 1076 2728 1116; x_wconf 88' lang='lat' dir='ltr'>senatorum</span> 
     </span>
     <span class='ocr_line' id='line_1_60' title="bbox 1661 1142 2731 1212; baseline -0.007 -15"><span class='ocrx_word' id='word_1_324' title='bbox 1661 1148 2086 1212; x_wconf 81' lang='lat' dir='ltr'>[cotnplevet·at‚]</span> <span class='ocrx_word' id='word_1_325' title='bbox 2116 1146 2229 1209; x_wconf 88' lang='lat' dir='ltr'>jam</span> <span class='ocrx_word' id='word_1_326' title='bbox 2261 1145 2549 1194; x_wconf 83' lang='lat' dir='ltr'>delatorum</span> <span class='ocrx_word' id='word_1_327' title='bbox 2575 1142 2731 1191; x_wconf 81' lang='lat' dir='ltr'>turba</span> 
     </span>
     <span class='ocr_line' id='line_1_61' title="bbox 1661 1219 2728 1289; baseline -0.006 -15"><span class='ocrx_word' id='word_1_328' title='bbox 1661 1224 1983 1289; x_wconf 80' lang='lat' dir='ltr'>compleret,’</span> <span class='ocrx_word' id='word_1_329' title='bbox 2022 1228 2123 1272; x_wconf 68' lang='grc' dir='ltr'>διο.</span> <span class='ocrx_word' id='word_1_330' title='bbox 2181 1236 2320 1271; x_wconf 74' lang='lat' dir='ltr'>Lxu.</span> <span class='ocrx_word' id='word_1_331' title='bbox 2365 1226 2413 1270; x_wconf 75' lang='lat'>3.</span> <span class='ocrx_word' id='word_1_332' title='bbox 2461 1223 2477 1249; x_wconf 82' lang='lat'>⁸</span> <span class='ocrx_word' id='word_1_333' title='bbox 2506 1219 2728 1275; x_wconf 85' lang='lat' dir='ltr'>Oderat,</span> 
     </span>
     <span class='ocr_line' id='line_1_62' title="bbox 1661 1296 2731 1365; baseline -0.006 -15"><span class='ocrx_word' id='word_1_334' title='bbox 1661 1316 1788 1365; x_wconf 85' lang='lat' dir='ltr'>quos</span> <span class='ocrx_word' id='word_1_335' title='bbox 1814 1316 1904 1349; x_wconf 88' lang='lat' dir='ltr'>nos</span> <span class='ocrx_word' id='word_1_336' title='bbox 1928 1315 2249 1359; x_wconf 86' lang='lat' dir='ltr'>amaremus;</span> <span class='ocrx_word' id='word_1_337' title='bbox 2282 1299 2372 1348; x_wconf 86' lang='lat' dir='ltr'>sed</span> <span class='ocrx_word' id='word_1_338' title='bbox 2397 1306 2452 1347; x_wconf 90' lang='lat' dir='ltr'>et</span> <span class='ocrx_word' id='word_1_339' title='bbox 2469 1312 2559 1346; x_wconf 88' lang='lat' dir='ltr'>nos</span> <span class='ocrx_word' id='word_1_340' title='bbox 2578 1296 2731 1360; x_wconf 86' lang='lat' dir='ltr'>(ode-</span> 
     </span>
     <span class='ocr_line' id='line_1_63' title="bbox 1663 1374 2728 1443; baseline -0.006 -17"><span class='ocrx_word' id='word_1_341' title='bbox 1663 1378 1881 1440; x_wconf 81' lang='lat' dir='ltr'>ramus,)</span> <span class='ocrx_word' id='word_1_342' title='bbox 1907 1376 2169 1443; x_wconf 84' lang='lat' dir='ltr'>qnosille.&#39;</span> <span class='ocrx_word' id='word_1_343' title='bbox 2201 1376 2373 1439; x_wconf 89' lang='lat' dir='ltr'>Epist.</span> <span class='ocrx_word' id='word_1_344' title='bbox 2392 1377 2562 1423; x_wconf 58' lang='lat' dir='ltr'>nul-⁹..</span> <span class='ocrx_word' id='word_1_345' title='bbox 2592 1376 2609 1400; x_wconf 80' lang='lat'><strong>⁴</strong></span> <span class='ocrx_word' id='word_1_346' title='bbox 2630 1374 2728 1421; x_wconf 88' lang='lat' dir='ltr'>Ut·</span> 
     </span>
     <span class='ocr_line' id='line_1_64' title="bbox 1663 1451 2727 1517; baseline -0.006 -15"><span class='ocrx_word' id='word_1_347' title='bbox 1663 1470 1761 1517; x_wconf 86' lang='lat' dir='ltr'>que</span> <span class='ocrx_word' id='word_1_348' title='bbox 1785 1469 1922 1503; x_wconf 90' lang='lat' dir='ltr'>nunc</span> <span class='ocrx_word' id='word_1_349' title='bbox 1947 1454 2096 1502; x_wconf 84' lang='lat' dir='ltr'>liberi</span> <span class='ocrx_word' id='word_1_350' title='bbox 2133 1453 2289 1501; x_wconf 84' lang='lat' dir='ltr'>vestri</span> <span class='ocrx_word' id='word_1_351' title='bbox 2322 1451 2492 1499; x_wconf 85' lang='lat' dir='ltr'>aliena</span> <span class='ocrx_word' id='word_1_352' title='bbox 2514 1452 2565 1499; x_wconf 90' lang='lat' dir='ltr'>in</span> <span class='ocrx_word' id='word_1_353' title='bbox 2595 1451 2727 1511; x_wconf 87' lang='lat' dir='ltr'>loca,</span> 
     </span>
     <span class='ocr_line' id='line_1_65' title="bbox 1661 1527 2728 1593; baseline -0.007 -13"><span class='ocrx_word' id='word_1_354' title='bbox 1661 1529 2003 1593; x_wconf 85' lang='lat' dir='ltr'>(confluunt,)</span> <span class='ocrx_word' id='word_1_355' title='bbox 2042 1532 2116 1579; x_wconf 88' lang='lat' dir='ltr'>ita</span> <span class='ocrx_word' id='word_1_356' title='bbox 2153 1544 2267 1578; x_wconf 86' lang='lat' dir='ltr'>mox</span> <span class='ocrx_word' id='word_1_357' title='bbox 2304 1528 2461 1578; x_wconf 84' lang='lat' dir='ltr'>alieni</span> <span class='ocrx_word' id='word_1_358' title='bbox 2503 1528 2555 1575; x_wconf 91' lang='lat' dir='ltr'>in</span> <span class='ocrx_word' id='word_1_359' title='bbox 2590 1527 2728 1574; x_wconf 84' lang='lat' dir='ltr'>hunc</span> 
     </span>
     <span class='ocr_line' id='line_1_66' title="bbox 1664 1604 2729 1656; baseline -0.006 0"><span class='ocrx_word' id='word_1_360' title='bbox 1664 1610 1828 1656; x_wconf 90' lang='lat' dir='ltr'>locum</span> <span class='ocrx_word' id='word_1_361' title='bbox 1853 1606 2155 1656; x_wconf 82' lang='lat' dir='ltr'>confluant.&#39;</span> <span class='ocrx_word' id='word_1_362' title='bbox 2193 1606 2410 1654; x_wconf 79' lang='lat' dir='ltr'>Brevius</span> <span class='ocrx_word' id='word_1_363' title='bbox 2430 1611 2603 1653; x_wconf 86' lang='lat' dir='ltr'>antem</span> <span class='ocrx_word' id='word_1_364' title='bbox 2630 1604 2729 1651; x_wconf 90' lang='lat' dir='ltr'>lec·</span> 
     </span>
     <span class='ocr_line' id='line_1_67' title="bbox 1665 1682 2730 1746; baseline -0.007 -14"><span class='ocrx_word' id='word_1_365' title='bbox 1665 1687 1858 1733; x_wconf 90' lang='lat' dir='ltr'>tionem</span> <span class='ocrx_word' id='word_1_366' title='bbox 1884 1685 2147 1746; x_wconf 78' lang='lat' dir='ltr'>vulgatam</span> <span class='ocrx_word' id='word_1_367' title='bbox 2172 1682 2415 1745; x_wconf 79' lang='lat' dir='ltr'>adjuvare</span> <span class='ocrx_word' id='word_1_368' title='bbox 2443 1692 2730 1743; x_wconf 89' lang='lat' dir='ltr'>possemus,</span> 
     </span>
     <span class='ocr_line' id='line_1_68' title="bbox 1663 1755 2729 1825; baseline -0.007 -16"><span class='ocrx_word' id='word_1_369' title='bbox 1663 1761 1705 1809; x_wconf 90' lang='lat' dir='ltr'>si</span> <span class='ocrx_word' id='word_1_370' title='bbox 1749 1774 1844 1825; x_wconf 90' lang='lat' dir='ltr'>pro</span> <span class='ocrx_word' id='word_1_371' title='bbox 1887 1775 1992 1809; x_wconf 77' lang='lat' dir='ltr'>cum</span> <span class='ocrx_word' id='word_1_372' title='bbox 2034 1772 2339 1823; x_wconf 77' lang='lat' dir='ltr'>reponamus</span> <span class='ocrx_word' id='word_1_373' title='bbox 2378 1757 2506 1805; x_wconf 76' lang='lat' dir='ltr'>dum.</span> <span class='ocrx_word' id='word_1_374' title='bbox 2591 1755 2729 1804; x_wconf 84' lang='lat' dir='ltr'>Quia</span> 
     </span>
     <span class='ocr_line' id='line_1_69' title="bbox 1666 1833 2730 1900; baseline -0.007 -15"><span class='ocrx_word' id='word_1_375' title='bbox 1666 1851 1790 1887; x_wconf 82' lang='lat' dir='ltr'>vero</span> <span class='ocrx_word' id='word_1_376' title='bbox 1814 1838 2073 1900; x_wconf 81' lang='lat' dir='ltr'>vulgatam</span> <span class='ocrx_word' id='word_1_377' title='bbox 2099 1833 2380 1899; x_wconf 86' lang='lat' dir='ltr'>hujus-loci</span> <span class='ocrx_word' id='word_1_378' title='bbox 2418 1833 2730 1894; x_wconf 77' lang='lat' dir='ltr'>scripturam</span> 
     </span>
     <span class='ocr_line' id='line_1_70' title="bbox 1666 1907 2732 1962; baseline -0.006 0"><span class='ocrx_word' id='word_1_379' title='bbox 1666 1920 1769 1962; x_wconf 84' lang='lat' dir='ltr'>tam</span> <span class='ocrx_word' id='word_1_380' title='bbox 1795 1914 1943 1961; x_wconf 87' lang='lat' dir='ltr'>multi</span> <span class='ocrx_word' id='word_1_381' title='bbox 1971 1913 2065 1961; x_wconf 84' lang='lat' dir='ltr'>viri</span> <span class='ocrx_word' id='word_1_382' title='bbox 2089 1911 2278 1960; x_wconf 89' lang='lat' dir='ltr'>eruditi</span> <span class='ocrx_word' id='word_1_383' title='bbox 2301 1911 2414 1959; x_wconf 87' lang='lat' dir='ltr'>sine</span> <span class='ocrx_word' id='word_1_384' title='bbox 2442 1907 2636 1957; x_wconf 80' lang='lat' dir='ltr'>offensa</span> <span class='ocrx_word' id='word_1_385' title='bbox 2660 1907 2732 1956; x_wconf 83' lang='lat' dir='ltr'>le·</span> 
     </span>
     <span class='ocr_line' id='line_1_71' title="bbox 1663 1984 2734 2052; baseline -0.006 -14"><span class='ocrx_word' id='word_1_386' title='bbox 1663 1996 1870 2052; x_wconf 75' lang='lat' dir='ltr'>gerunt,</span> <span class='ocrx_word' id='word_1_387' title='bbox 1906 1996 1960 2037; x_wconf 87' lang='lat' dir='ltr'>et</span> <span class='ocrx_word' id='word_1_388' title='bbox 1998 2003 2095 2051; x_wconf 78' lang='lat' dir='ltr'>ego</span> <span class='ocrx_word' id='word_1_389' title='bbox 2123 2002 2239 2037; x_wconf 83' lang='lat' dir='ltr'>eam</span> <span class='ocrx_word' id='word_1_390' title='bbox 2263 1988 2473 2052; x_wconf 80' lang='lat' dir='ltr'>impune</span> <span class='ocrx_word' id='word_1_391' title='bbox 2495 1999 2635 2035; x_wconf 90' lang='lat' dir='ltr'>nnnc</span> <span class='ocrx_word' id='word_1_392' title='bbox 2655 1984 2734 2033; x_wconf 88' lang='lat' dir='ltr'>di-</span> 
     </span>
     <span class='ocr_line' id='line_1_72' title="bbox 1665 2065 2166 2115; baseline -0.006 0"><span class='ocrx_word' id='word_1_393' title='bbox 1665 2067 1888 2115; x_wconf 83' lang='lat' dir='ltr'>mittam.</span> <span class='ocrx_word' id='word_1_394' title='bbox 1925 2065 2166 2114; x_wconf 69' lang='lat' dir='ltr'>Schmun.</span> 
     </span>
    </p>

    <p class='ocr_par' dir='ltr' id='par_1_12' title="bbox 1665 2135 2742 3595">
     <span class='ocr_line' id='line_1_73' title="bbox 1731 2135 2731 2198; baseline -0.008 -5"><span class='ocrx_word' id='word_1_395' title='bbox 1731 2144 1864 2192; x_wconf 68' lang='lat' dir='ltr'>Cn.</span> <span class='ocrx_word' id='word_1_396' title='bbox 1891 2156 2095 2192; x_wconf 82' lang='lat' dir='ltr'>xxx1v.</span> <span class='ocrx_word' id='word_1_397' title='bbox 2165 2142 2267 2190; x_wconf 83' lang='lat' dir='ltr'>Pro</span> <span class='ocrx_word' id='word_1_398' title='bbox 2288 2140 2371 2189; x_wconf 82' lang='lat' dir='ltr'>illo</span> <span class='ocrx_word' id='word_1_399' title='bbox 2388 2171 2402 2186; x_wconf 88' lang='lat'>.</span> <span class='ocrx_word' id='word_1_400' title='bbox 2421 2172 2435 2187; x_wconf 88' lang='lat'>.</span> <span class='ocrx_word' id='word_1_401' title='bbox 2452 2135 2731 2198; x_wconf 71' lang='lat' dir='ltr'>execrabili]</span> 
     </span>
     <span class='ocr_line' id='line_1_74' title="bbox 1665 2216 2733 2285; baseline -0.007 -14"><span class='ocrx_word' id='word_1_402' title='bbox 1665 2222 1868 2271; x_wconf 75' lang='lat' dir='ltr'>Plinius</span> <span class='ocrx_word' id='word_1_403' title='bbox 1883 2236 1985 2270; x_wconf 89' lang='lat' dir='ltr'>non</span> <span class='ocrx_word' id='word_1_404' title='bbox 2003 2221 2355 2285; x_wconf 77' lang='lat' dir='ltr'>spectaculum</span> <span class='ocrx_word' id='word_1_405' title='bbox 2371 2216 2733 2280; x_wconf 70' lang='lat' dir='ltr'>gladiatorum.</span> 
     </span>
     <span class='ocr_line' id='line_1_75' title="bbox 1666 2298 2734 2362; baseline -0.004 -16"><span class='ocrx_word' id='word_1_406' title='bbox 1666 2298 1805 2362; x_wconf 85' lang='lat' dir='ltr'>quod</span> <span class='ocrx_word' id='word_1_407' title='bbox 1826 2299 2065 2348; x_wconf 78' lang='lat' dir='ltr'>ediderat</span> <span class='ocrx_word' id='word_1_408' title='bbox 2081 2299 2355 2361; x_wconf 82' lang='lat' dir='ltr'>Trajanns,</span> <span class='ocrx_word' id='word_1_409' title='bbox 2372 2301 2525 2346; x_wconf 84' lang='lat' dir='ltr'>vocat</span> <span class='ocrx_word' id='word_1_410' title='bbox 2538 2309 2734 2343; x_wconf 73' lang='lat' dir='ltr'>execra-</span> 
     </span>
     <span class='ocr_line' id='line_1_76' title="bbox 1666 2371 2733 2440; baseline -0.005 -16"><span class='ocrx_word' id='word_1_411' title='bbox 1666 2375 1759 2424; x_wconf 82' lang='lat' dir='ltr'>bile</span> <span class='ocrx_word' id='word_1_412' title='bbox 1777 2391 1795 2433; x_wconf 82' lang='lat'>‚-</span> <span class='ocrx_word' id='word_1_413' title='bbox 1830 2389 2139 2440; x_wconf 84' lang='lat' dir='ltr'>quamquam</span> <span class='ocrx_word' id='word_1_414' title='bbox 2177 2389 2279 2423; x_wconf 90' lang='lat' dir='ltr'>nec</span> <span class='ocrx_word' id='word_1_415' title='bbox 2311 2374 2424 2437; x_wconf 88' lang='lat' dir='ltr'>ipse</span> <span class='ocrx_word' id='word_1_416' title='bbox 2449 2371 2733 2420; x_wconf 78' lang='lat' dir='ltr'>istiusmodi</span> 
     </span>
     <span class='ocr_line' id='line_1_77' title="bbox 1666 2447 2736 2508; baseline -0.006 -7"><span class='ocrx_word' id='word_1_417' title='bbox 1666 2451 1797 2501; x_wconf 86' lang='lat' dir='ltr'>ludis</span> <span class='ocrx_word' id='word_1_418' title='bbox 1816 2453 1965 2501; x_wconf 84' lang='lat' dir='ltr'>valde</span> <span class='ocrx_word' id='word_1_419' title='bbox 1981 2447 2442 2501; x_wconf 78' lang='lat' dir='ltr'>delectatusfuisse</span> <span class='ocrx_word' id='word_1_420' title='bbox 2460 2448 2702 2499; x_wconf 83' lang='lat' dir='ltr'>videatur</span> <span class='ocrx_word' id='word_1_421' title='bbox 2719 2462 2736 2508; x_wconf 69' lang='grc' dir='ltr'><strong>ς</strong></span> 
     </span>
     <span class='ocr_line' id='line_1_78' title="bbox 1665 2526 2736 2594; baseline -0.008 -15"><span class='ocrx_word' id='word_1_422' title='bbox 1665 2531 1799 2594; x_wconf 87' lang='lat' dir='ltr'>quod</span> <span class='ocrx_word' id='word_1_423' title='bbox 1824 2530 1977 2579; x_wconf 77' lang='lat' dir='ltr'>facile</span> <span class='ocrx_word' id='word_1_424' title='bbox 1999 2529 2290 2592; x_wconf 76' lang='lat' dir='ltr'>colligimus</span> <span class='ocrx_word' id='word_1_425' title='bbox 2314 2542 2377 2575; x_wconf 87' lang='lat' dir='ltr'>ex</span> <span class='ocrx_word' id='word_1_426' title='bbox 2403 2526 2573 2588; x_wconf 86' lang='lat' dir='ltr'>Epist.</span> <span class='ocrx_word' id='word_1_427' title='bbox 2595 2529 2736 2574; x_wconf 58' lang='lat' dir='ltr'>rme.</span> 
     </span>
     <span class='ocr_line' id='line_1_79' title="bbox 1666 2604 2733 2668; baseline -0.005 -11"><span class='ocrx_word' id='word_1_428' title='bbox 1666 2624 1861 2662; x_wconf 85' lang='lat' dir='ltr'>verum,</span> <span class='ocrx_word' id='word_1_429' title='bbox 1887 2607 2171 2659; x_wconf 83' lang='lat' dir='ltr'>Domitiani</span> <span class='ocrx_word' id='word_1_430' title='bbox 2205 2606 2507 2668; x_wconf 86' lang='lat' dir='ltr'>cumprimis</span> <span class='ocrx_word' id='word_1_431' title='bbox 2539 2604 2733 2652; x_wconf 80' lang='lat' dir='ltr'>saeviti·</span> 
     </span>
     <span class='ocr_line' id='line_1_80' title="bbox 1669 2679 2736 2747; baseline -0.007 -13"><span class='ocrx_word' id='word_1_432' title='bbox 1669 2702 1747 2734; x_wconf 75' lang='lat' dir='ltr'>eni</span> <span class='ocrx_word' id='word_1_433' title='bbox 1774 2693 2071 2738; x_wconf 83' lang='lat' dir='ltr'>execratur,</span> <span class='ocrx_word' id='word_1_434' title='bbox 2095 2684 2180 2747; x_wconf 87' lang='lat' dir='ltr'>qui</span> <span class='ocrx_word' id='word_1_435' title='bbox 2205 2683 2424 2732; x_wconf 85' lang='lat' dir='ltr'>crimina</span> <span class='ocrx_word' id='word_1_436' title='bbox 2447 2679 2736 2742; x_wconf 78' lang='lat' dir='ltr'>majestatis</span> 
     </span>
     <span class='ocr_line' id='line_1_81' title="bbox 1669 2760 2733 2822; baseline -0.008 -10"><span class='ocrx_word' id='word_1_437' title='bbox 1669 2765 1823 2813; x_wconf 82' lang='lat' dir='ltr'>etiam</span> <span class='ocrx_word' id='word_1_438' title='bbox 1862 2765 1911 2811; x_wconf 91' lang='lat' dir='ltr'>in</span> <span class='ocrx_word' id='word_1_439' title='bbox 1951 2775 2108 2809; x_wconf 80' lang='lat' dir='ltr'>arena</span> <span class='ocrx_word' id='word_1_440' title='bbox 2131 2760 2437 2822; x_wconf 77' lang='lat' dir='ltr'>collegerat,</span> <span class='ocrx_word' id='word_1_441' title='bbox 2457 2764 2510 2804; x_wconf 90' lang='lat' dir='ltr'>et</span> <span class='ocrx_word' id='word_1_442' title='bbox 2535 2770 2563 2804; x_wconf 89' lang='lat' dir='ltr'>e</span> <span class='ocrx_word' id='word_1_443' title='bbox 2584 2769 2733 2819; x_wconf 91' lang='lat' dir='ltr'>spec·</span> 
     </span>
     <span class='ocr_line' id='line_1_82' title="bbox 1671 2833 2739 2894; baseline -0.01 -4"><span class='ocrx_word' id='word_1_444' title='bbox 1671 2842 1920 2891; x_wconf 85' lang='lat' dir='ltr'>tatoribus</span> <span class='ocrx_word' id='word_1_445' title='bbox 1957 2836 2319 2887; x_wconf 84' lang='lat' dir='ltr'>innocentibus</span> <span class='ocrx_word' id='word_1_446' title='bbox 2349 2833 2548 2883; x_wconf 87' lang='lat' dir='ltr'>fecerat</span> <span class='ocrx_word' id='word_1_447' title='bbox 2582 2846 2739 2894; x_wconf 46' lang='lat' dir='ltr'>spect</span> 
     </span>
     <span class='ocr_line' id='line_1_83' title="bbox 1673 2908 2737 2978; baseline -0.01 -11"><span class='ocrx_word' id='word_1_448' title='bbox 1673 2919 1918 2978; x_wconf 82' lang='lat' dir='ltr'>taculum,</span> <span class='ocrx_word' id='word_1_449' title='bbox 1940 2924 1998 2966; x_wconf 89' lang='lat' dir='ltr'>ut</span> <span class='ocrx_word' id='word_1_450' title='bbox 2023 2917 2071 2963; x_wconf 84' lang='lat' dir='ltr'>hi</span> <span class='ocrx_word' id='word_1_451' title='bbox 2098 2916 2336 2962; x_wconf 85' lang='lat' dir='ltr'>miseram</span> <span class='ocrx_word' id='word_1_452' title='bbox 2356 2908 2627 2974; x_wconf 85' lang='lat' dir='ltr'>spectandi</span> <span class='ocrx_word' id='word_1_453' title='bbox 2651 2922 2737 2956; x_wconf 73' lang='lat' dir='ltr'>so-</span> 
     </span>
     <span class='ocr_line' id='line_1_84' title="bbox 1671 2986 2737 3055; baseline -0.009 -13"><span class='ocrx_word' id='word_1_454' title='bbox 1671 2996 1925 3055; x_wconf 77' lang='lat' dir='ltr'>luptatem</span> <span class='ocrx_word' id='word_1_455' title='bbox 1962 3005 2095 3040; x_wconf 91' lang='lat' dir='ltr'>unco</span> <span class='ocrx_word' id='word_1_456' title='bbox 2133 2998 2183 3038; x_wconf 87' lang='lat' dir='ltr'>ct</span> <span class='ocrx_word' id='word_1_457' title='bbox 2216 2987 2418 3051; x_wconf 83' lang='lat' dir='ltr'>ignibus</span> <span class='ocrx_word' id='word_1_458' title='bbox 2441 2986 2737 3047; x_wconf 81' lang='lat' dir='ltr'>expiarent.</span> 
     </span>
     <span class='ocr_line' id='line_1_85' title="bbox 1671 3061 2737 3130; baseline -0.01 -11"><span class='ocrx_word' id='word_1_459' title='bbox 1671 3072 1933 3130; x_wconf 82' lang='lat' dir='ltr'>Ceterum,</span> <span class='ocrx_word' id='word_1_460' title='bbox 1955 3069 2030 3116; x_wconf 88' lang='lat' dir='ltr'>sic</span> <span class='ocrx_word' id='word_1_461' title='bbox 2049 3074 2228 3115; x_wconf 86' lang='lat' dir='ltr'>orator</span> <span class='ocrx_word' id='word_1_462' title='bbox 2250 3072 2370 3125; x_wconf 79' lang='lat' dir='ltr'>apte</span> <span class='ocrx_word' id='word_1_463' title='bbox 2389 3061 2683 3124; x_wconf 75' lang='lat' dir='ltr'>callideque</span> <span class='ocrx_word' id='word_1_464' title='bbox 2706 3075 2737 3108; x_wconf 86' lang='lat' dir='ltr'>a</span> 
     </span>
     <span class='ocr_line' id='line_1_86' title="bbox 1671 3138 2736 3208; baseline -0.008 -14"><span class='ocrx_word' id='word_1_465' title='bbox 1671 3146 1823 3195; x_wconf 78' lang='lat' dir='ltr'>laude</span> <span class='ocrx_word' id='word_1_466' title='bbox 1846 3144 2132 3208; x_wconf 82' lang='lat' dir='ltr'>spectaculi</span> <span class='ocrx_word' id='word_1_467' title='bbox 2173 3139 2491 3206; x_wconf 80' lang='lat' dir='ltr'>gladiatorii,</span> <span class='ocrx_word' id='word_1_468' title='bbox 2521 3138 2602 3188; x_wconf 90' lang='lat' dir='ltr'>cui</span> <span class='ocrx_word' id='word_1_469' title='bbox 2639 3151 2736 3186; x_wconf 89' lang='lat' dir='ltr'>non</span> 
     </span>
     <span class='ocr_line' id='line_1_87' title="bbox 1672 3214 2736 3275; baseline -0.009 -3"><span class='ocrx_word' id='word_1_470' title='bbox 1672 3224 1821 3272; x_wconf 79' lang='lat' dir='ltr'>nimis</span> <span class='ocrx_word' id='word_1_471' title='bbox 1858 3224 2153 3271; x_wconf 82' lang='lat' dir='ltr'>immoratus</span> <span class='ocrx_word' id='word_1_472' title='bbox 2175 3225 2272 3275; x_wconf 83' lang='lat' dir='ltr'>est,</span> <span class='ocrx_word' id='word_1_473' title='bbox 2296 3230 2435 3267; x_wconf 86' lang='lat' dir='ltr'>nunc</span> <span class='ocrx_word' id='word_1_474' title='bbox 2466 3218 2647 3265; x_wconf 84' lang='lat' dir='ltr'>transit</span> <span class='ocrx_word' id='word_1_475' title='bbox 2668 3214 2736 3263; x_wconf 80' lang='lat' dir='ltr'>ad</span> 
     </span>
     <span class='ocr_line' id='line_1_88' title="bbox 1670 3296 2739 3365; baseline -0.008 -16"><span class='ocrx_word' id='word_1_476' title='bbox 1670 3301 2022 3365; x_wconf 80' lang='lat' dir='ltr'>spectaculum</span> <span class='ocrx_word' id='word_1_477' title='bbox 2044 3312 2209 3361; x_wconf 74' lang='lat' dir='ltr'>poenae</span> <span class='ocrx_word' id='word_1_478' title='bbox 2235 3296 2523 3345; x_wconf 88' lang='lat' dir='ltr'>delatorum</span> <span class='ocrx_word' id='word_1_479' title='bbox 2546 3308 2559 3352; x_wconf 89' lang='lat'>;</span> <span class='ocrx_word' id='word_1_480' title='bbox 2584 3307 2614 3340; x_wconf 89' lang='lat' dir='ltr'>e</span> <span class='ocrx_word' id='word_1_481' title='bbox 2638 3305 2739 3356; x_wconf 83' lang='lat' dir='ltr'>quo</span> 
     </span>
     <span class='ocr_line' id='line_1_89' title="bbox 1672 3368 2737 3444; baseline -0.012 -16"><span class='ocrx_word' id='word_1_482' title='bbox 1672 3379 1835 3444; x_wconf 81' lang='lat' dir='ltr'>gloria</span> <span class='ocrx_word' id='word_1_483' title='bbox 1850 3377 2075 3441; x_wconf 77' lang='lat' dir='ltr'>justitiae</span> <span class='ocrx_word' id='word_1_484' title='bbox 2099 3382 2155 3423; x_wconf 87' lang='lat' dir='ltr'>et</span> <span class='ocrx_word' id='word_1_485' title='bbox 2178 3372 2504 3422; x_wconf 75' lang='lat' dir='ltr'>liberalitatis</span> <span class='ocrx_word' id='word_1_486' title='bbox 2523 3368 2737 3432; x_wconf 82' lang='lat' dir='ltr'>Trajani</span> 
     </span>
     <span class='ocr_line' id='line_1_90' title="bbox 1671 3448 2742 3521; baseline -0.009 -15"><span class='ocrx_word' id='word_1_487' title='bbox 1671 3455 2008 3521; x_wconf 82' lang='lat' dir='ltr'>splendidior,</span> <span class='ocrx_word' id='word_1_488' title='bbox 2042 3467 2195 3519; x_wconf 89' lang='lat' dir='ltr'>quam</span> <span class='ocrx_word' id='word_1_489' title='bbox 2233 3466 2261 3500; x_wconf 88' lang='lat' dir='ltr'>e</span> <span class='ocrx_word' id='word_1_490' title='bbox 2301 3449 2603 3513; x_wconf 77' lang='lat' dir='ltr'>spectaculo</span> <span class='ocrx_word' id='word_1_491' title='bbox 2633 3448 2742 3509; x_wconf 76' lang='lat' dir='ltr'>gla-</span> 
     </span>
     <span class='ocr_line' id='line_1_91' title="bbox 1671 3527 2471 3595; baseline -0.015 -10"><span class='ocrx_word' id='word_1_492' title='bbox 1671 3533 1915 3595; x_wconf 82' lang='lat' dir='ltr'>diatorio,</span> <span class='ocrx_word' id='word_1_493' title='bbox 1939 3530 2287 3581; x_wconf 83' lang='lat' dir='ltr'>elucescebat.</span> <span class='ocrx_word' id='word_1_494' title='bbox 2321 3527 2471 3578; x_wconf 81' lang='lat' dir='ltr'>Idem.</span> 
     </span>
    </p>

    <p class='ocr_par' dir='ltr' id='par_1_13' title="bbox 1671 3600 2743 3966">
     <span class='ocr_line' id='line_1_92' title="bbox 1743 3600 2740 3670; baseline -0.012 -11"><span class='ocrx_word' id='word_1_495' title='bbox 1743 3611 1962 3660; x_wconf 82' lang='lat' dir='ltr'>Vidimus</span> <span class='ocrx_word' id='word_1_496' title='bbox 1992 3606 2277 3670; x_wconf 71' lang='lat' dir='ltr'>delatorum]</span> <span class='ocrx_word' id='word_1_497' title='bbox 2308 3611 2322 3633; x_wconf 80' lang='lat'>⁸</span> <span class='ocrx_word' id='word_1_498' title='bbox 2347 3603 2456 3651; x_wconf 84' lang='lat' dir='ltr'>Sub</span> <span class='ocrx_word' id='word_1_499' title='bbox 2483 3600 2740 3665; x_wconf 83' lang='lat' dir='ltr'>prioribus</span> 
     </span>
     <span class='ocr_line' id='line_1_93' title="bbox 1671 3679 2742 3742; baseline -0.012 -4"><span class='ocrx_word' id='word_1_500' title='bbox 1671 3689 1833 3738; x_wconf 89' lang='lat' dir='ltr'>omnis</span> <span class='ocrx_word' id='word_1_501' title='bbox 1858 3687 2035 3735; x_wconf 88' lang='lat' dir='ltr'>domus</span> <span class='ocrx_word' id='word_1_502' title='bbox 2059 3686 2350 3734; x_wconf 80' lang='lat' dir='ltr'>delatorum</span> <span class='ocrx_word' id='word_1_503' title='bbox 2380 3679 2742 3742; x_wconf 85' lang='lat' dir='ltr'>interpretati-</span> 
     </span>
     <span class='ocr_line' id='line_1_94' title="bbox 1671 3757 2743 3818; baseline -0.011 -5"><span class='ocrx_word' id='word_1_504' title='bbox 1671 3764 1854 3814; x_wconf 90' lang='lat' dir='ltr'>onibus</span> <span class='ocrx_word' id='word_1_505' title='bbox 1879 3761 2301 3811; x_wconf 85' lang='lat' dir='ltr'>subvertebatur.</span> <span class='ocrx_word' id='word_1_506' title='bbox 2351 3757 2743 3818; x_wconf 79' lang='lat' dir='ltr'>Multornmqne</span> 
     </span>
     <span class='ocr_line' id='line_1_95' title="bbox 1671 3833 2741 3890; baseline -0.011 0"><span class='ocrx_word' id='word_1_507' title='bbox 1671 3841 1836 3890; x_wconf 84' lang='lat' dir='ltr'>excisi</span> <span class='ocrx_word' id='word_1_508' title='bbox 1859 3844 2030 3887; x_wconf 83' lang='lat' dir='ltr'>status</span> <span class='ocrx_word' id='word_1_509' title='bbox 2054 3842 2109 3886; x_wconf 89' lang='lat' dir='ltr'>et</span> <span class='ocrx_word' id='word_1_510' title='bbox 2132 3843 2297 3885; x_wconf 87' lang='lat' dir='ltr'>terror</span> <span class='ocrx_word' id='word_1_511' title='bbox 2319 3833 2554 3882; x_wconf 84' lang='lat' dir='ltr'>omnibus</span> <span class='ocrx_word' id='word_1_512' title='bbox 2570 3833 2741 3880; x_wconf 86' lang='lat' dir='ltr'>inten-</span> 
     </span>
     <span class='ocr_line' id='line_1_96' title="bbox 1672 3909 2739 3966; baseline -0.008 -2"><span class='ocrx_word' id='word_1_513' title='bbox 1672 3915 1929 3966; x_wconf 68' lang='lat' dir='ltr'>debatur.⁹</span> <span class='ocrx_word' id='word_1_514' title='bbox 1958 3913 2128 3964; x_wconf 86' lang='lat' dir='ltr'>Tacit.</span> <span class='ocrx_word' id='word_1_515' title='bbox 2148 3912 2338 3962; x_wconf 82' lang='lat' dir='ltr'>Annal.</span> <span class='ocrx_word' id='word_1_516' title='bbox 2362 3924 2448 3960; x_wconf 84' lang='lat'>111.</span> <span class='ocrx_word' id='word_1_517' title='bbox 2472 3913 2556 3959; x_wconf 73' lang='lat'>28.</span> <span class='ocrx_word' id='word_1_518' title='bbox 2586 3909 2739 3958; x_wconf 78' lang='lat' dir='ltr'>Bera.</span> 
     </span>
    </p>

    <p class='ocr_par' dir='ltr' id='par_1_14' title="bbox 1670 3986 2743 4363">
     <span class='ocr_line' id='line_1_97' title="bbox 1737 3986 2740 4056; baseline -0.011 -13"><span class='ocrx_word' id='word_1_519' title='bbox 1737 3992 2045 4056; x_wconf 71' lang='lat' dir='ltr'>Delatornm]</span> <span class='ocrx_word' id='word_1_520' title='bbox 2103 3990 2409 4049; x_wconf 69' lang='lat' dir='ltr'>Debitor-es,</span> <span class='ocrx_word' id='word_1_521' title='bbox 2446 3999 2607 4048; x_wconf 68' lang='lat' dir='ltr'>genus</span> <span class='ocrx_word' id='word_1_522' title='bbox 2649 3986 2740 4033; x_wconf 75' lang='lat' dir='ltr'>lio·</span> 
     </span>
     <span class='ocr_line' id='line_1_98' title="bbox 1670 4061 2743 4130; baseline -0.007 -12"><span class='ocrx_word' id='word_1_523' title='bbox 1670 4069 1862 4118; x_wconf 88' lang='lat' dir='ltr'>minum</span> <span class='ocrx_word' id='word_1_524' title='bbox 1898 4067 1964 4117; x_wconf 85' lang='lat' dir='ltr'>iis</span> <span class='ocrx_word' id='word_1_525' title='bbox 2004 4065 2147 4130; x_wconf 77' lang='lat' dir='ltr'>ipsis,</span> <span class='ocrx_word' id='word_1_526' title='bbox 2172 4064 2359 4129; x_wconf 79' lang='lat' dir='ltr'>qulbus</span> <span class='ocrx_word' id='word_1_527' title='bbox 2391 4061 2639 4126; x_wconf 85' lang='lat' dir='ltr'>prodesse</span> <span class='ocrx_word' id='word_1_528' title='bbox 2661 4062 2743 4110; x_wconf 79' lang='lat' dir='ltr'>vi-</span> 
     </span>
     <span class='ocr_line' id='line_1_99' title="bbox 1670 4138 2741 4203; baseline -0.008 -9"><span class='ocrx_word' id='word_1_529' title='bbox 1670 4145 1878 4203; x_wconf 87' lang='lat' dir='ltr'>dentur,</span> <span class='ocrx_word' id='word_1_530' title='bbox 1915 4149 2144 4196; x_wconf 79' lang='lat' dir='ltr'>exosum.</span> <span class='ocrx_word' id='word_1_531' title='bbox 2180 4154 2323 4202; x_wconf 77' lang='lat' dir='ltr'>saepe</span> <span class='ocrx_word' id='word_1_532' title='bbox 2365 4140 2414 4189; x_wconf 91' lang='lat' dir='ltr'>iu</span> <span class='ocrx_word' id='word_1_533' title='bbox 2453 4138 2636 4190; x_wconf 81' lang='lat' dir='ltr'>urbem</span> <span class='ocrx_word' id='word_1_534' title='bbox 2662 4138 2741 4191; x_wconf 66' lang='lat' dir='ltr'>ini-</span> 
     </span>
     <span class='ocr_line' id='line_1_100' title="bbox 1672 4216 2740 4283; baseline -0.007 -14"><span class='ocrx_word' id='word_1_535' title='bbox 1672 4221 1917 4277; x_wconf 88' lang='lat' dir='ltr'>troducti,</span> <span class='ocrx_word' id='word_1_536' title='bbox 1953 4234 2094 4283; x_wconf 75' lang='lat' dir='ltr'>saepe</span> <span class='ocrx_word' id='word_1_537' title='bbox 2130 4218 2321 4281; x_wconf 88' lang='lat' dir='ltr'>repulsi</span> <span class='ocrx_word' id='word_1_538' title='bbox 2359 4231 2422 4266; x_wconf 85' lang='lat' dir='ltr'>ac</span> <span class='ocrx_word' id='word_1_539' title='bbox 2447 4216 2649 4279; x_wconf 87' lang='lat' dir='ltr'>puniti;</span> <span class='ocrx_word' id='word_1_540' title='bbox 2682 4222 2740 4263; x_wconf 80' lang='lat' dir='ltr'>et</span> 
     </span>
     <span class='ocr_line' id='line_1_101' title="bbox 1673 4292 2739 4363; baseline -0.008 -16"><span class='ocrx_word' id='word_1_541' title='bbox 1673 4298 1813 4348; x_wconf 83' lang='lat' dir='ltr'>varie</span> <span class='ocrx_word' id='word_1_542' title='bbox 1852 4297 2066 4363; x_wconf 86' lang='lat' dir='ltr'>quidem</span> <span class='ocrx_word' id='word_1_543' title='bbox 2100 4310 2130 4346; x_wconf 85' lang='lat' dir='ltr'>a</span> <span class='ocrx_word' id='word_1_544' title='bbox 2160 4294 2282 4345; x_wconf 83' lang='lat' dir='ltr'>Tito</span> <span class='ocrx_word' id='word_1_545' title='bbox 2311 4292 2658 4356; x_wconf 81' lang='lat' dir='ltr'>Vespasiano,</span> <span class='ocrx_word' id='word_1_546' title='bbox 2681 4299 2739 4340; x_wconf 85' lang='lat' dir='ltr'>nt</span> 
     </span>
    </p>
   </div>
  </div>
 </body>
</html>
