3060 4902
762 406 824 453 Ο.
880 403 1126 453 Pmmt
1176 402 1505 452 saeuum
1560 405 1835 453 PANEG.

331 551 497 596 turam
556 545 717 596 hodie
774 548 1017 612 petimus.
1105 549 1403 613 Quanquam

330 622 550 672 Gallicae
597 622 918 672 basiationes
960 624 1268 687 promiscum
1316 638 1408 673 sua

328 698 524 747 habent
570 698 922 749 incommoda.
988 699 1120 748 vide
1163 699 1406 749 Micliaiil.

333 774 624 839 Montagne
653 776 944 826 in-Gustib.
969 790 1052 826 ιιι.
1077 782 1124 825 5.
1160 777 1310 825 Bem.

397 851 645 902 Dimissa
665 849 848 912 osculo]
882 851 1069 901 Adhuc
1094 853 1197 902 illis
1220 866 1329 917 par,
1353 860 1407 902 et

333 941 427 991 pro
446 929 711 978 communi
740 942 901 977 more.
934 928 1071 991 Lips.

396 1004 657 1069 Equestris
678 1004 866 1054 ordinis
895 1003 1085 1067 decora]
1121 1004 1285 1064 Nota,
1309 1018 1406 1053 non

332 1094 457 1130 vero
505 1089 680 1132 totum
732 1082 984 1146 ordinem,
1020 1081 1213 1147 (multa
1248 1082 1298 1130 in
1345 1097 1407 1130 eo

335 1156 523 1222 millia)
571 1158 670 1209 sed
723 1157 918 1208 deeora
971 1165 1026 1208 et
1073 1158 1269 1220 apices.
1337 1157 1408 1207 Et

331 1233 456 1282 satis
477 1234 668 1283 mirum
694 1234 764 1283 de
786 1234 997 1284 Nerone
1020 1233 1176 1284 scribi
1197 1248 1229 1283 a
1244 1234 1407 1282 Tran-

332 1310 511 1375 quillo,
535 1310 782 1361 ‘Omnes
820 1310 1028 1361 ordines
1064 1311 1301 1367 subinde,
1346 1325 1408 1360 ae

334 1388 637 1438 memoriter
661 1387 957 1438 salutavit!
1017 1388 1217 1438 Tresne
1235 1402 1409 1437 omues

333 1463 574 1514 ordines?
635 1465 910 1529 populum,
962 1465 1210 1529 equitem,
1264 1479 1409 1514 sena·

335 1541 479 1590 tum?
513 1540 782 1592 infinitum
806 1541 892 1597 sit,
922 1549 977 1591 et
997 1542 1137 1590 nulla
1162 1542 1411 1592 memoria

334 1616 543 1669 feeerit.
610 1619 741 1669 Sine
776 1619 961 1669 cavillo
1000 1619 1163 1683 igitur
1199 1625 1291 1668 aut
1324 1633 1409 1668 ca·

333 1691 526 1743 lumnia
560 1695 837 1759 acceperis
868 1696 883 1723 ⁴
908 1694 1122 1757 omnes,'
1158 1694 1308 1759 quasi
1331 1709 1410 1744 es-

336 1779 435 1828 set,
458 1772 697 1836 singulos
721 1773 950 1838 ordines,
981 1788 1097 1824 cnm
1124 1788 1207 1823 res
1232 1771 1412 1836 ferret,

336 1849 624 1910 salutavit3
664 1858 775 1913 aut,
811 1858 871 1900 nt
906 1851 1201 1913 expressim
1222 1849 1411 1912 dicam,

335 1937 510 1973 omnes
542 1924 760 1989 quidem
793 1925 1021 1985 ordines,
1055 1925 1147 1974 sed
1184 1940 1285 1975 uon
1324 1927 1410 1990 qui

336 1999 387 2047 in
410 1999 707 2051 ordinibus.
775 2002 930 2052 Mens
954 2010 1053 2066 est,
1085 2017 1182 2053 nee
1207 2003 1412 2066 plebem

335 2074 543 2139 quidem
598 2076 657 2125 in
705 2077 1103 2127 salutationibus
1152 2079 1410 2127 omissam.

337 2151 440 2200 Sed
467 2154 549 2201 vel
585 2152 670 2201 aie
707 2166 895 2217 magna
922 2161 976 2203 et
1009 2167 1127 2204 rara
1152 2155 1416 2218 memoria,

340 2241 456 2290 qun
502 2228 556 2277 in
609 2227 848 2290 Augusto
900 2231 1061 2278 etiam
1114 2230 1414 2292 laudabilis,

338 2303 474 2368 quod
496 2304 513 2331 ‘
537 2312 722 2369 patres
743 2306 795 2355 iu
818 2306 962 2356 curia
983 2309 1308 2372 salutaverit,
1330 2322 1410 2358 se-

340 2379 544 2436 dentes,
576 2388 642 2430 et
673 2380 883 2443 quidem
906 2382 1206 2432 nominatim
1239 2384 1411 2447 singu·

340 2458 434 2512 los‚
472 2459 622 2508 nullo
659 2457 1035 2509 submonente.’
1100 2460 1185 2509 lta
1227 2460 1413 2509 Sueto·

341 2534 453 2582 nius
492 2533 560 2582 de
606 2533 727 2585 illo:
763 2534 856 2584 sed
895 2536 911 2564 ⁸
937 2535 1149 2599 patres'
1193 2543 1414 2593 tantum,

339 2610 426 2673 qni
462 2609 530 2658 ad
577 2615 597 2638 ⁶
633 2618 906 2660 sexcentos
945 2611 1105 2668 tnne‚'
1137 2618 1227 2661 aut
1259 2613 1414 2662 eirca.

342 2685 464 2736 Lusi
487 2687 662 2750 igitur
685 2686 962 2752 aliqnando
997 2689 1047 2737 in
1085 2689 1255 2752 priore
1281 2691 1413 2751 loco,

338 2774 390 2813 et
427 2764 658 2826 tentavi,
696 2765 873 2815 Omnes
913 2782 956 2814 s.
991 2768 1157 2815 ordine
1200 2768 1413 2822 subinde,

342 2842 475 2907 qnod
514 2846 681 2904 esset,
719 2855 899 2891 omnes
940 2851 1207 2890 senatores
1244 2849 1299 2892 et
1334 2856 1413 2890 or·

343 2919 458 2968 dine
480 2918 561 2969 uti
586 2917 864 2978 sedebant,
894 2918 1116 2981 Augusti
1152 2920 1416 2982 exemplo.

341 2994 440 3042 Sed
459 3002 520 3043 ut
537 2993 674 3056 dixi,
696 2994 816 3044 lusi:
842 2995 1005 3059 ipsius
1017 2996 1226 3056 Trajani
1245 3009 1416 3045 nonne

341 3069 541 3132 insigne
566 3069 887 3132 exemplum,
909 3077 923 3098 ⁸
944 3069 1028 3133 iqui
1052 3085 1229 3119 omnes
1252 3085 1415 3135 prope

343 3146 531 3194 milites
556 3144 769 3194 nomine
793 3146 1089 3210 appellabat
1105 3145 1144 3195 ἰ·
1166 3147 1238 3196 ita
1256 3161 1416 3210 supra

342 3227 536 3271 noster.
574 3218 717 3283 tipo.

408 3296 673 3360 Equestris
702 3296 885 3346 ordinis
903 3298 1098 3363 decora]
1138 3298 1242 3348 Hic
1268 3299 1414 3363 inep-

344 3371 486 3422 tiisse
527 3372 742 3422 videtur
775 3373 1075 3431 cataneus,
1121 3375 1311 3439 alioqui
1351 3377 1415 3425 de

338 3447 518 3499 ‘Plinio
541 3450 669 3499 satis
695 3449 826 3500 bene
855 3451 1088 3514 meritus,
1121 3451 1239 3500 dum
1268 3458 1414 3515 puta-

346 3526 439 3584 vit,
477 3527 692 3591 equites
737 3527 993 3577 Romanos
1034 3526 1153 3577 ideo
1189 3528 1293 3578 dici
1336 3530 1416 3578 de·

339 3616 469 3661 cera.
489 3600 639 3667 qnod
662 3603 773 3652 auri
796 3600 996 3666 fulgore
1019 3604 1269 3655 illustrari
1294 3619 1412 3653 cono

343 3681 597 3729 severint.
687 3680 775 3729 De
817 3680 918 3730 isto
960 3681 1070 3729 auri
1116 3680 1322 3745 fulgore
1365 3683 1416 3731 iu

344 3756 615 3820 equitibus
652 3753 808 3805 Rom.
836 3756 962 3805 nihil
998 3755 1157 3806 tradit
1195 3756 1418 3821 antiqui·

345 3840 447 3895 tas,
479 3833 585 3883 nisi
615 3831 755 3882 forte
778 3833 881 3882 huc
905 3830 1102 3881 referas
1125 3847 1299 3882 eorum
1327 3847 1416 3881 an-

347 3911 498 3958 nulos
514 3923 720 3958 aureos.
788 3909 975 3960 Decor-a
998 3916 1170 3957 autem
1195 3917 1315 3958 suut
1339 3910 1414 3956 lu-

348 3987 489 4035 mina
532 3993 590 4035 et
630 3994 939 4035 ornamenta
981 3985 1267 4049 praecipua,
1305 3987 1415 4036 sive

351 4062 622 4123 primores,
647 4061 842 4113 ordinis
866 4061 1145 4126 equestris.
1194 4062 1281 4110 Sic
1300 4062 1415 4111 Cic.

351 4137 582 4202 Philipp.
608 4151 670 4187 ιι.
690 4142 778 4187 22.
844 4137 1150 4199 Pompeium
1185 4137 1415 4187 nomina·

354 4214 426 4263 vit
458 4217 476 4244 ⁸
501 4216 661 4265 decus
689 4230 751 4265 ae
788 4217 963 4263 lumen
993 4212 1194 4277 imperii
1234 4214 1414 4277 populi

358 4290 568 4342 Romani
585 4292 621 4355 ς’
668 4298 724 4343 et
758 4290 935 4342 Tacit.
978 4286 1172 4340 Annal.
1208 4303 1295 4341 ιιι.
1331 4295 1413 4342 76.

1918 407 1964 454 L
2013 390 2119 454 23.
2417 389 2539 454 531

1485 548 1622 597 viros
1649 555 1783 612 togae
1810 548 2006 598 artibus
2031 549 2279 611 illustres,
2316 548 2547 598 Asinium

1486 625 1802 687 Saloninum,
1854 631 1911 675 et
1958 625 2266 689 Capitonem
2315 625 2548 689 Ateium,

1484 708 1637 750 vocat
1675 703 1691 730 ‘
1715 700 1816 750 duo
1863 702 2003 764 pacis
2044 701 2269 763 decora‚'
2305 717 2422 767 quae
2462 705 2552 753 illa

1485 783 1615 825 aetas
1673 777 1823 825 simul
1880 777 2077 827 tulerit.
2165 779 2296 828 Mox
2352 780 2551 829 Plinius

1484 860 1665 899 noster
1699 852 1908 902 eosdem
1948 854 2198 916 primores
2230 863 2385 905 vocat
2418 859 2432 885 ‘
2456 854 2550 906 flo-

1484 941 1593 975 rem
1638 930 1896 991 equestris
1935 928 2167 980 ordinis!
2246 931 2379 981 Inde
2425 948 2551 983 vero

1486 1002 1619 1052 bene
1662 1012 1810 1055 notat
1853 1005 2075 1069 Lipsius,
2115 1008 2403 1071 Trajanum
2449 1025 2549 1059 non

1484 1094 1661 1129 omnes
1677 1088 1730 1130 et
1744 1081 1971 1146 singulos
1986 1084 2147 1133 totius
2161 1082 2356 1133 ordinis
2372 1100 2553 1151 eques·

1487 1157 1596 1214 tris,
1622 1158 1674 1207 iu
1699 1173 1802 1221 quo
1825 1160 1987 1208 multa
2005 1157 2204 1209 fuerint
2228 1161 2388 1210 millia
2409 1179 2424 1223 ς
2461 1165 2549 1214 sed

1484 1231 1676 1282 decora
1709 1235 1891 1283 saltem
1931 1241 1984 1283 et
2014 1236 2211 1299 apices,
2247 1238 2550 1287 nominatim

1485 1312 1798 1374 appellasse.
1833 1311 2077 1361 Schwarz.

1552 1386 1672 1435 Sine
1714 1387 1968 1451 monitore]
2019 1388 2182 1438 Erant
2227 1389 2427 1454 Romae,
2462 1395 2551 1457 qui

1486 1462 1754 1512 obviorum
1774 1464 1981 1512 nomina
1997 1465 2554 1531 suggerebant,candi-

1486 1539 1626 1589 datis
1654 1541 1939 1603 praecipue,
1968 1540 2379 1608 dicebanturque
2419 1553 2434 1574 ³
2463 1560 2553 1596 uo·

1487 1616 1874 1666 menclatores.'
1944 1617 2231 1668 Maximum
2269 1627 2439 1671 autem
2462 1624 2555 1671 hu-

1487 1692 1752 1741 manitatis
1776 1694 1977 1758 signnm
1999 1695 2052 1744 in
2075 1695 2410 1759 imperatore,
2448 1700 2553 1763 qui,

1488 1770 1630 1818 nullo
1655 1779 1985 1834 suggerente,
2006 1772 2215 1835 singulis
2241 1788 2333 1823 sua
2352 1775 2555 1825 nomina

1489 1845 1823 1896 reddidisset.
1910 1849 2172 1899 Praestitit
2234 1850 2333 1901 hoc
2394 1853 2554 1902 etiam

1491 1922 1657 1983 Nero,
1685 1922 1774 1972 sed
1797 1923 1975 1986 primis
1993 1924 2197 1989 imperii
2216 1927 2554 1991 temporibus.

1487 1998 1575 2047 De
1599 1999 1714 2062 ipso
1730 2000 1943 2050 Sueton.
1966 2015 2081 2065 cap.
2101 2006 2182 2050 10.
2214 2009 2229 2030 ⁸
2254 2004 2452 2053 Omnes
2473 2019 2550 2053 or·

1489 2073 1656 2131 dines,
1682 2076 1919 2134 subinde,
1946 2091 2007 2127 ac
2030 2079 2344 2142 memoriter,
2367 2081 2556 2128 saluta·

1489 2151 1598 2200 vit-⁸
1634 2152 1854 2201 Patarol.

1553 2226 1671 2277 Sine
1700 2230 1930 2279 monitore
1961 2230 2206 2294 signares]
2243 2232 2326 2282 Ita
2349 2230 2555 2280 scilicet

1488 2303 1646 2352 etiam
1693 2303 1980 2364 Augustus,
2039 2304 2295 2354 referente
2344 2308 2555 2355 Sueton.

1488 2391 1606 2441 cap.
1626 2381 1709 2427 53.
1744 2386 1757 2406 ·
1780 2378 1881 2427 Die
1910 2386 2122 2427 senatus
2155 2393 2431 2443 numquam
2468 2395 2556 2443 pa·

1489 2461 1618 2517 tres,
1654 2456 1752 2505 uisi
1780 2456 1831 2504 in
1857 2458 2021 2520 curia,
2055 2457 2317 2514 salutavit,
2360 2468 2414 2507 et
2448 2460 2556 2523 qui-

1491 2531 1607 2580 dem
1624 2533 1887 2594 sedentes,
1910 2547 1970 2581 ac
1988 2534 2287 2584 nominatim
2305 2535 2557 2599 singulos,

1489 2607 1631 2655 nullo
1672 2608 2054 2670 submonente;
2090 2619 2145 2660 et
2183 2610 2454 2660 discedens
2493 2625 2556 2661 eo

1493 2685 1645 2735 modo
1668 2685 1973 2736 sedentibus
1992 2688 2203 2751 singulis
2223 2690 2396 2737 valere
2415 2688 2556 2737 dice·

1494 2760 1618 2810 bat.'
1686 2763 1887 2826 Nempe
1912 2763 2203 2827 Augustus,
2237 2765 2374 2829 quod
2410 2773 2556 2814 notat

1493 2837 1720 2888 Pitiscus
1745 2839 1808 2887 ad
1835 2840 1884 2888 h.
1912 2841 1947 2889 l.
1972 2848 2162 2902 patres,
2185 2855 2400 2905 quorum
2422 2855 2556 2903 pra*-

1494 2915 1634 2964 teriit
1658 2915 1926 2974 subsellia,
1950 2915 2244 2978 ingrediens
2277 2916 2325 2964 iu
2358 2918 2556 2965 curiam

1492 2991 1569 3039 sic
1603 2990 1903 3039 nominatim
1941 2991 2211 3040 salutavit:
2248 2994 2263 3018 ‘
2292 2991 2438 3052 Ave,'
2473 2993 2556 3040 vel

1492 3072 1507 3094 ‘
1544 3065 1707 3127 salve,
1764 3066 1933 3114 Pollio
1954 3064 1983 3114 l·
2035 3066 2051 3092 ‘
2088 3065 2223 3126 Ave,
2279 3067 2501 3115 Messala
2522 3066 2557 3114 Γ

1492 3144 1767 3204 egrediens
1784 3157 1932 3190 vero:
1958 3148 1971 3169 ⁸
1990 3142 2141 3204 Vale,
2157 3142 2327 3193 Pollio
2344 3142 2560 3206 !'‘Vale,

1492 3217 1725 3267 Messala
1748 3217 1779 3265 !’
1831 3221 1928 3268 διο.
2014 3219 2261 3281 Inprimis
2305 3222 2443 3269 enim
2488 3221 2555 3269 ad

1494 3294 1864 3344 conciliandam
1893 3295 2300 3346 benevolentiam
2327 3297 2556 3360 valebat,

1492 3372 1535 3420 si
1562 3371 1725 3433 maj0r
1755 3379 1809 3420 et
1845 3373 2108 3434 potentior
2142 3371 2440 3424 inferiorem
2467 3388 2556 3422 no·

1492 3449 1629 3498 mine
1666 3449 1876 3511 proprio
1906 3448 2264 3510 compellaret.
2331 3448 2390 3496 Id
2418 3450 2553 3513 quod

1494 3526 1737 3574 Donatus
1762 3524 1826 3573 ad
1849 3523 2082 3572 Terentii
2109 3521 2331 3587 Adelph.
2360 3538 2406 3573 v.
2437 3529 2486 3574 6.
2508 3530 2557 3574 3.

1494 3608 1735 3651 testatur.
1805 3600 1960 3649 Unde
1991 3606 2045 3649 et
2068 3599 2135 3650 Q.
2161 3599 2274 3649 Cic.
2297 3600 2364 3650 de
2392 3602 2556 3651 Petit.

1495 3680 1707 3728 Consul.
1745 3692 1857 3741 cap.
1882 3681 1931 3727 7.
1968 3676 2017 3724 id
2044 3676 2171 3725 vitio
2205 3678 2364 3726 vertit
2391 3677 2557 3727 Anto-

1492 3755 1598 3810 nio,
1634 3755 1768 3818 quod
1810 3752 2053 3802 nescierit
2096 3753 2328 3802 homines
2375 3755 2554 3816 adjun-

1493 3846 1618 3895 gere
1642 3839 1695 3879 et
1720 3831 1942 3880 invitare
1969 3829 2033 3877 ad
2060 3830 2361 3885 amicitiam,
2386 3838 2398 3859 ⁸
2428 3845 2555 3894 qnos

1495 3921 1590 3969 per
1614 3922 1668 3955 se
1691 3921 1782 3955 suo
1805 3906 2008 3954 nomine
2040 3907 2305 3970 appellare
2340 3921 2436 3953 nou
2464 3922 2555 3969 po-

1493 3983 1686 4043 tuerit;
1723 3998 1839 4032 cum
1874 3982 2089 4033 stultum
2114 3985 2201 4047 sit,
2235 3984 2553 4039 existimare,

1492 4072 1608 4106 enm
1649 4059 1934 4108 studiosum
1973 4059 2086 4109 fore
2126 4060 2219 4120 tui,
2260 4072 2409 4121 quem
2449 4070 2554 4105 non

1492 4134 1669 4185 noris.’
1735 4138 1930 4186 Contra
1960 4150 2083 4187 vero
2117 4135 2284 4184 minus
2308 4135 2553 4182 decorum

1491 4213 1799 4270 habebatur.
1870 4215 2256 4278 imperatorem,
2325 4210 2553 4271 aliosque

1492 4291 1702 4341 summis
1727 4289 2003 4341 honoribus
2027 4286 2306 4351 fulgentes,
2335 4284 2400 4334 ab
2422 4282 2554 4332 iufe-
