3060 4902
500 371 633 437 598

498 563 629 599 nens
651 548 811 597 solum
829 548 841 569 ⁰
860 554 941 599 est
961 548 1144 612 utique
1168 551 1328 598 solnm
1353 548 1564 604 hmnile,

499 634 555 676 et
609 627 755 690 quasi
811 640 1122 688 convexum,
1183 627 1320 690 qnod
1365 625 1563 675 diutius

496 703 702 753 detinet
737 710 1071 766 moratur-que
1107 719 1262 768 aquas
1300 711 1563 766 acceptas.

497 780 755 844 Equidem
801 795 947 843 aquae
1002 781 1129 843 ipsoe
1183 781 1427 829 dicuntur
1470 780 1562 828 ali-

496 856 703 919 quando
739 859 755 884 ‘
779 856 1017 905 detinere
1051 867 1244 906 terram
1271 855 1307 917 ;’
1351 855 1561 920 quando

496 939 687 981 terram
721 933 967 981 humilem
997 936 1135 982 velut
1170 940 1449 996 occupant,
1484 941 1559 996 et,

496 1007 618 1057 dum
645 1007 920 1059 difficulter
942 1009 1060 1058 inde
1094 1009 1367 1068 recedunt,
1395 1023 1558 1058 remo·

496 1091 694 1141 rantur,
721 1099 786 1133 ne
822 1100 914 1133 suo
950 1094 1179 1149 tempore
1218 1088 1351 1134 arari
1387 1094 1442 1132 et
1478 1101 1555 1133 sa-

496 1161 640 1211 tione
676 1164 880 1226 impleri
912 1166 1090 1227 possit,
1133 1172 1287 1226 prout
1330 1164 1467 1211 Plin.
1500 1178 1555 1212 v.

493 1243 543 1288 9.
569 1238 653 1287 ubi
688 1238 753 1288 de
792 1241 914 1288 Nilo
944 1248 1135 1295 narrat,
1161 1244 1253 1304 ait,
1286 1243 1300 1268 ‘
1323 1242 1555 1292 Minores

492 1329 642 1377 aquae
682 1330 782 1364 non
820 1318 994 1366 omnia
1030 1320 1241 1381 rigant5
1276 1320 1556 1380 ampliores

493 1390 753 1453 detinent,
779 1393 974 1441 tardius
992 1394 1305 1443 recedendo.
1355 1395 1455 1444 Hae
1474 1409 1553 1443 se·

490 1468 640 1517 rendi
664 1476 899 1533 tempora
917 1472 1322 1533 absumunt,soio
1342 1474 1554 1521 maden-

492 1545 581 1596 te!
639 1549 853 1607 Verum,
881 1565 979 1599 non
1015 1551 1180 1598 minus
1215 1552 1323 1611 ipsa
1348 1562 1553 1613 quoque

492 1629 634 1671 terra
657 1633 800 1673 recte
825 1625 925 1674 dici
949 1634 1121 1688 potest
1143 1629 1158 1652 ‘
1175 1625 1449 1681 detinere:
1475 1628 1550 1676 nti

488 1699 616 1747 alias
641 1714 742 1762 res,
781 1701 855 1749 ita
879 1716 1073 1764 aquas3
1110 1717 1236 1764 quas
1274 1713 1362 1751 aut
1390 1703 1550 1765 plani·

491 1773 562 1822 tis
582 1789 691 1837 sna,
710 1785 798 1824 aut
812 1777 1031 1837 quadam
1058 1779 1410 1834 convexitate,
1429 1794 1551 1829 con-

487 1850 653 1899 tineat
689 1866 751 1899 ac
794 1860 1101 1902 remoretur.
1170 1854 1256 1903 Sic
1294 1862 1434 1905 terra
1474 1857 1552 1903 di-

488 1927 624 1974 citur
658 1929 674 1953 ⁶
694 1926 932 1976 detinere
959 1932 1220 1993 sepultum
1241 1931 1254 1951 ’
1276 1932 1554 1996 hominem,

489 2002 678 2052 Catuli.
714 2017 915 2052 vanr.
947 2010 1056 2055 100.
1123 2007 1299 2056 Tellus
1323 2010 1553 2059 Tuscula

486 2076 677 2129 dicitur
721 2081 999 2130 ‘detinere
1056 2084 1369 2133 monimenta
1417 2085 1553 2146 νῆιν]

480 2155 670 2205 Tibull.
695 2171 733 2207 1.
756 2164 806 2207 8.
828 2164 911 2207 56.
965 2159 1216 2224 Equidem
1240 2162 1432 2224 Lipslo,
1458 2178 1551 2225 pro

477 2234 732 2291 detinenti,
758 2236 806 2283 in
832 2245 1057 2286 mentem
1081 2239 1223 2287 venit
1252 2241 1513 2289 detumenti
1533 2258 1554 2299 ;

482 2324 603 2361 mox
627 2319 796 2361 tamen
815 2314 1040 2377 agnovit,
1057 2312 1295 2364 sufficere
1322 2317 1547 2365 vocabu·

483 2388 588 2438 lum
611 2390 861 2449 detinenti,
886 2392 1021 2456 quod
1054 2406 1243 2455 capere
1270 2393 1426 2442 liceat
1455 2408 1549 2458 pro

482 2474 497 2494 ‘
515 2469 628 2517 solo
653 2469 910 2532 jacente,'
943 2479 1033 2519 aut
1059 2473 1075 2499 ‘
1100 2473 1274 2533 piano.
1311 2473 1444 2535 quod
1471 2488 1551 2520 so·

481 2544 558 2593 let
590 2559 744 2607 aquas
768 2543 965 2593 diutius
989 2545 1207 2594 tenere.’
1254 2548 1431 2596 Nihilo
1457 2550 1550 2597 mi-

480 2634 574 2668 nus
598 2620 934 2677 Arutzenius,
959 2623 1159 2684 rejecto
1202 2623 1297 2672 boc
1327 2626 1549 2673 vocabu·

478 2697 550 2751 lo,
585 2696 808 2745 adscivit
843 2698 1000 2753 aliud,
1035 2701 1286 2757 clementi,·
1322 2711 1373 2752 et
1410 2703 1547 2752 ‘cle-

477 2784 624 2821 mens
646 2774 809 2823 solnm
829 2771 844 2796 '
879 2775 1250 2837 interpretatus
1289 2787 1387 2838 est,
1408 2781 1546 2842 qnod

476 2851 663 2899 sensim
702 2865 764 2900 ac
808 2851 955 2900 tarde
991 2867 1046 2900 se
1080 2866 1235 2915 supra
1274 2854 1546 2916 planiciem

479 2927 702 2978 extollit.
775 2928 855 2976 De
892 2943 992 2993 qua
1024 2929 1236 2979 notione
1271 2932 1421 2996 hujus
1458 2948 1547 2982 vo-

477 3002 648 3052 csbuli
672 3018 821 3053 nemo
848 3004 1001 3055 facile
1028 3005 1289 3057 dubitabit
1310 3025 1324 3070 3
1348 3023 1465 3058 cum
1489 3018 1547 3060 et

476 3080 587 3143 ipse
612 3079 940 3137 Arntzenius‚
964 3092 1017 3133 et
1038 3093 1160 3134 ante
1185 3100 1301 3134 eum
1329 3086 1437 3147 alii,
1461 3102 1548 3136 ex-

477 3159 647 3220 empla
673 3159 963 3222 hujusmodi
980 3162 1088 3223 jam
1112 3162 1253 3223 larga
1276 3177 1428 3211 manu
1452 3177 1545 3211 no-

475 3233 557 3282 bis
580 3235 682 3282 siut
707 3234 957 3285 admensi.
1013 3237 1383 3287 Verumtamen
1409 3254 1439 3288 a
1461 3254 1545 3289 me

475 3311 757 3374 impetrare
804 3328 906 3362 non
949 3329 1176 3378 possum,
1224 3325 1276 3365 ut
1321 3316 1543 3367 vocabu-

475 3389 581 3438 lum
602 3390 842 3455 clementi,
863 3393 1096 3455 speciosa
1117 3394 1437 3457 conjectura.
1464 3396 1545 3443 vel

473 3478 666 3521 errore,
703 3482 768 3516 ex
813 3469 999 3518 mendo
1036 3470 1260 3531 dementi,
1294 3485 1389 3533 pro
1421 3472 1546 3521 deti—

473 3543 627 3598 nenti,
665 3545 952 3593 oscitanter
992 3547 1209 3608 scripto,
1248 3561 1545 3610 procusum,

472 3620 572 3670 hoc
599 3620 714 3669 loco
753 3620 1017 3682 recipiam.
1082 3621 1287 3670 Etenim
1311 3623 1546 3675 detinenti

471 3697 525 3746 in
569 3697 807 3747 omnibus
861 3698 1069 3746 omnino
1108 3698 1373 3747 codicibus
1412 3701 1546 3752 Mss-

472 3781 671 3837 praeter
695 3773 1065 3836 Gnelphicum,
1089 3776 1338 3837 scriptum
1375 3788 1541 3831 extat,

473 3858 548 3907 et,
589 3859 711 3901 ante
745 3849 1017 3899 Arutzenii
1054 3850 1351 3909 editionem,
1383 3856 1540 3906 etiam

472 3928 526 3977 in
551 3929 787 3979 omnibus
820 3929 964 3979 libris
989 3932 1196 3980 excusis
1221 3933 1416 3981 editum
1442 3942 1543 3984 est.

472 4007 739 4056 Provocat
762 4007 967 4071 quidem
989 4008 1065 4057 vir
1080 4007 1263 4058 doctus
1287 4010 1348 4059 ad
1374 4010 1539 4061 Isauri

471 4083 640 4132 vossii
661 4090 933 4147 excerpta,
955 4093 1010 4132 et
1033 4085 1096 4132 ad
1121 4084 1352 4135 codicem
1374 4087 1537 4136 Gnei-

473 4159 894 4224 pherbytanum;
927 4161 1017 4209 sed
1051 4176 1115 4209 en
1149 4175 1212 4210 eo
1248 4161 1381 4211 libro
1407 4165 1537 4214 Vos—

463 4235 636 4293 siano‚
667 4238 754 4300 qni
797 4245 879 4286 est
934 4239 983 4287 iu
1032 4237 1352 4287 bibliotheca
1400 4240 1535 4304 Lng-

471 4310 692 4360 dunensi
720 4312 1054 4371 Batavorum,
1074 4319 1131 4362 et
1151 4313 1294 4377 cujus
1317 4327 1536 4379 excerp·

471 4394 528 4438 ta
567 4383 798 4438 fideliter
842 4399 1045 4439 mecum
1087 4396 1210 4440 sunt
1249 4395 1533 4445 communi·

1208 388 1424 437 No‘rAE
1475 385 1879 437 vARtolwst

1932 388 2013 436 IN

1646 554 1782 608 cata,
1805 562 1907 596 vox
1944 548 2055 598 haec
2093 546 2167 596 ita
2191 546 2404 611 depicta
2430 552 2533 611 est,
2554 555 2614 597 ut
2640 565 2710 599 ε-

1644 639 1744 688 que
1774 626 1996 681 dementi.
2020 639 2080 673 ac
2118 626 2353 681 clementi,
2392 626 2569 689 legere
2594 642 2711 689 pos·

1640 702 1755 750 sim.
1822 702 1974 752 Quod
1997 701 2060 751 ad
2087 702 2319 750 codicem
2344 702 2709 768 Guelpherby·

1641 786 1817 827 tanum
1846 781 2052 833 attinet,
2076 778 2312 842 intelligo
2343 780 2413 828 ibi
2455 780 2707 842 scriptum

1641 870 1755 905 esse
1792 859 2009 907 clementi
2041 872 2061 914 ,·
2116 856 2269 907 facile
2305 865 2480 907 tamen
2539 868 2709 922 patet,

1639 933 1900 983 librarium
1936 934 2260 996 dormitasse,
2291 934 2413 984 dum
2444 936 2542 984 ista
2581 938 2708 985 scri-

1640 1010 1828 1072 beret;
1863 1026 1979 1060 cum
2015 1012 2065 1060 in
2106 1013 2168 1061 lis
2208 1012 2381 1060 verbis
2422 1012 2575 1062 aliam
2611 1014 2709 1062 eti-

1638 1102 1720 1136 am
1756 1089 1929 1137 mendi
1970 1089 2136 1137 minus
2181 1090 2402 1151 speciosi
2448 1090 2705 1138 maculam

1638 1165 1959 1227 adsperserit
1997 1164 2187 1220 Plinio,
2230 1166 2314 1213 sed
2355 1172 2538 1227 suapte
2582 1165 2708 1229 (pro

1634 1240 1824 1301 supino)
1875 1241 2039 1301 etiam,
2084 1255 2139 1287 ae
2194 1240 2427 1301 elementi,
2467 1242 2585 1295 soto,
2626 1245 2711 1303 qve.

1637 1316 1905 1365 Praeterea
1931 1331 2054 1363 vero
2081 1317 2274 1365 nullam
2296 1331 2508 1379 prorsus
2523 1331 2706 1366 neces-

1636 1393 1842 1441 sitatem
1881 1393 2053 1455 video,
2089 1409 2181 1442 cur
2217 1394 2474 1456 expellam
2522 1408 2703 1444 vocem

1633 1471 1881 1527 detinenti,
1909 1485 2012 1520 non
2055 1472 2215 1519 solnm
2256 1479 2337 1519 tot
2372 1471 2705 1522 auctoritati-

1635 1545 1730 1595 bus
1766 1546 2139 1601 confirmatam,
2178 1546 2266 1594 sed
2302 1546 2458 1595 etiam
2481 1561 2705 1596 commo-

1633 1623 1844 1673 dissima
1868 1625 2301 1687 interpretatione
2322 1624 2704 1686 explicandam.

1634 1700 1679 1748 E
1714 1702 1974 1750 contrario
2018 1716 2138 1749 vero
2172 1715 2270 1749 vox
2305 1701 2522 1748 clementi
2560 1702 2703 1749 nulla

1633 1784 1782 1824 certa
1832 1776 2148 1824 anctoritate
2194 1774 2360 1824 locum
2416 1776 2550 1823 bunc
2600 1776 2701 1824 sibi

1633 1852 1899 1901 vindicare
1940 1861 2151 1914 potest3
2190 1853 2369 1900 adhaec
2404 1852 2525 1900 nibil
2562 1854 2700 1902 aliud

1631 1928 1780 1990 dicit,
1807 1943 1957 1991 quam
1992 1929 2126 1992 qnod
2147 1929 2257 1991 jam
2283 1929 2332 1977 in
2357 1927 2552 1990 ἐπιθέτῳ
2571 1932 2701 1994 snpi-

1630 2020 1690 2053 no
1729 2007 1925 2054 dictum
1966 2014 2087 2065 est;
2140 2006 2384 2069 quodque
2421 2008 2699 2056 maximnm

1631 2088 1732 2136 est,
1777 2083 1863 2129 vix
1899 2080 2106 2145 aliquod
2145 2081 2391 2128 indicium
2435 2082 2701 2145 relinquit,

1631 2158 1738 2218 ubi,
1759 2158 1970 2206 dimisso
2005 2157 2281 2220 participio
2311 2158 2563 2217 detinenti,
2592 2160 2698 2208 Pli-

1628 2236 1740 2282 nius
1764 2236 1885 2283 alibi
1910 2235 2131 2290 diceret,
2159 2234 2209 2282 in
2237 2234 2335 2282 ista
2360 2233 2573 2296 AEgypti
2597 2236 2701 2284 sic·

1626 2311 1806 2372 citste,
1843 2325 2043 2359 omnem
2072 2310 2182 2359 Nili
2223 2324 2406 2375 aquam
2444 2312 2605 2362 etiam
2632 2327 2699 2363 ex

1626 2391 1797 2454 planis
1842 2388 2227 2451 humilibusque
2273 2390 2471 2451 campis
2525 2404 2696 2440 reces-

1624 2470 1764 2517 sisse.
1834 2465 1986 2519 Quod
2011 2466 2052 2514 si
2096 2480 2221 2514 vero
2258 2480 2373 2515 cum
2412 2467 2696 2519 Arntzenio

1627 2557 1719 2606 per
1745 2543 1760 2569 ‘
1782 2550 1991 2590 arentes
2028 2549 2193 2591 terras
2217 2541 2231 2565 ⁹
2264 2544 2469 2593 demum
2506 2545 2699 2595 intelli·

1625 2636 1718 2684 gas
1755 2627 1769 2648 ‘
1799 2620 2020 2669 mediam
2064 2620 2372 2683 planiciem'
2419 2629 2529 2671 tum
2570 2637 2695 2673 cou-

1627 2710 1710 2749 tra
1769 2708 2009 2747 naturam
2068 2707 2289 2761 statues,
2342 2699 2484 2761 prius
2551 2700 2693 2749 illam

1621 2779 1637 2807 ⁴
1668 2778 1891 2826 mediam
1951 2775 2281 2838 planiciem,’
2331 2790 2449 2841 qun
2516 2784 2693 2828 tamen

1623 2868 1780 2917 aquas
1820 2853 2035 2914 diutius,
2060 2866 2211 2915 qnam
2255 2853 2417 2901 solum
2449 2854 2693 2917 supinum

1623 2940 1677 2981 et
1702 2932 1952 2987 clemens,
1978 2929 2217 2979 detinere
2244 2930 2515 2993 potuisset,
2536 2931 2692 2980 citius

1623 3008 1908 3060 exaruisse.
1952 3020 2105 3069 quam
2154 3004 2279 3054 illud
2320 3004 2483 3068 ipsum
2523 3007 2693 3057 solum

1621 3083 1866 3137 clemens,
1892 3089 1947 3130 et
1978 3081 2207 3130 molliter
2236 3081 2413 3129 altum.
2482 3081 2692 3131 Plinius

1621 3159 1755 3207 enim
1780 3158 1977 3206 diserte
2003 3155 2149 3213 dicit,
2178 3156 2373 3212 Nilum,
2397 3155 2564 3205 ubiex
2588 3159 2693 3207 isto

1621 3235 1803 3298 supino
1827 3243 1881 3284 et
1903 3233 2162 3282 detinenti
2185 3232 2301 3281 loco
2321 3246 2436 3281 sese
2457 3233 2690 3283 abstule-

1622 3318 1708 3376 rit,
1730 3316 1828 3364 hoc
1863 3314 2029 3377 ipsum
2071 3313 2251 3375 solnm,
2283 3326 2381 3360 nec
2403 3312 2524 3360 dum
2563 3313 2692 3362 satis

1621 3392 1827 3456 quidem
1843 3390 2219 3445 humectatum,
2243 3387 2507 3438 addidisse
2530 3390 2690 3439 terris

1610 3471 1724 3534 jam
1749 3470 2033 3528 arentibus,
2069 3475 2126 3518 et
2160 3468 2272 3516 sine
2294 3467 2456 3516 dubio
2493 3469 2692 3518 altiori·

1623 3547 1734 3607 bus,
1777 3547 1841 3596 ad
1888 3560 2012 3610 quas
2051 3551 2176 3594 tnnc
2205 3558 2338 3608 aqna
2374 3544 2688 3594 exundantis

1625 3623 1731 3671 Nili
1769 3624 1849 3671 vel
1895 3623 2047 3686 plane
2082 3635 2180 3669 non
2221 3621 2449 3683 potuerit
2487 3622 2687 3683 pertin-

1622 3715 1765 3763 gere,
1788 3703 1866 3748 vel
1905 3699 2129 3747 ominium
2161 3696 2327 3760 primo
2366 3710 2423 3745 se
2456 3696 2579 3745 inde
2603 3711 2689 3746 re-

1618 3778 1836 3841 ceperit.
1884 3777 2061 3839 Atque
2084 3774 2215 3823 adeo
2238 3773 2254 3799 ‘
2273 3781 2481 3822 arentes
2502 3780 2657 3823 terrai
2676 3780 2694 3802 ⁹

1619 3855 1757 3902 nullo
1780 3854 1934 3902 modo
1956 3852 2040 3900 hic
2058 3851 2326 3911 designare
2344 3859 2559 3913 possunt
2578 3866 2689 3901 me-

1615 3931 1754 3980 diam
1780 3929 2073 3993 planiciem.
2106 3925 2257 3976 Idem.

1680 4008 1955 4070 Detinenti]
1990 4006 2356 4070 Interpetatur
2371 4005 2685 4067 Castaneus,

1613 4086 1865 4145 ‘siccum,
1906 4097 2007 4132 non
2047 4083 2174 4131 satis
2215 4081 2459 4145 irriguum
2486 4080 2521 4141 ς’
2561 4082 2684 4147 Lip-

1612 4164 1715 4211 sius
1750 4162 1952 4217 melius,
1988 4158 2246 4223 ‘jacens,’
2288 4167 2379 4207 aut
2413 4159 2429 4187 ⁴
2450 4160 2683 4221 planum.

1610 4237 1747 4302 qnod
1771 4238 1907 4286 solet
1932 4249 2089 4300 aquas
2105 4234 2301 4284 diutius
2327 4235 2541 4284 tenere:
2579 4236 2682 4286 Pn-

1615 4316 1755 4365 tarot.

1681 4391 1863 4458 &piso
1889 4390 2112 4442 αἱαειαι·
2130 4385 2391 4452 detinenti]
2423 4386 2682 4453 Supinum
