3060 4902
560 360 694 426 692

564 520 662 569 sub
699 519 811 569 aliis
846 518 1172 583 principibus
1202 518 1430 580 impune.
1498 521 1626 569 Sue·

565 605 674 647 ton.
700 597 784 647 adi
810 597 977 660 Calig.
1005 613 1125 659 cap.
1142 603 1223 647 33.
1249 599 1378 647 Ner.
1403 613 1520 662 cap.
1545 604 1628 647 32.

545 675 745 722 ‘Vitelh
768 689 815 722 c.
842 678 919 722 12.
961 674 1123 722 Lirin.

633 748 868 811 Ces-serit]
906 750 1047 813 Lego
1070 752 1265 813 ceperit,
1289 757 1342 800 et
1367 752 1626 800 sententia

562 827 748 891 liquet.
822 827 937 876 Nisi
965 828 1037 875 vis
1065 838 1235 877 tamen
1260 843 1355 890 pro
1376 831 1625 878 decesserit

563 904 837 966 accipere;
873 903 924 952 id
951 911 1109 966 esset,
1136 904 1265 966 Age,
1298 913 1527 953 mortuus
1562 920 1625 954 ex

562 981 661 1028 illis
686 980 869 1043 aliquis
894 995 1070 1043 parum
1098 990 1292 1043 gratus.
1327 981 1459 1042 Lips.

627 1058 811 1105 Parum
831 1058 1026 1120 gratus]
1054 1058 1153 1108 Qui
1183 1066 1232 1104 te
1258 1057 1499 1105 heredem
1526 1071 1626 1104 non

563 1132 768 1182 fecerit.
828 1134 959 1181 Nam
984 1148 1112 1196 qtios
1140 1132 1515 1196 promovissent
1536 1140 1626 1181 aut

562 1211 819 1259 ditassent
855 1209 920 1257 ab
960 1210 1019 1257 iis
1063 1225 1154 1258 suo
1184 1210 1305 1271 jure
1352 1209 1626 1271 gratitudi-

560 1300 677 1334 nem
708 1285 1006 1347 exigebant.
1055 1286 1141 1333 Ita
1166 1287 1399 1342 Caligula
1429 1286 1476 1333 iu
1497 1287 1625 1334 Sue·

563 1370 671 1411 ton.
717 1376 835 1424 cap.
874 1365 958 1409 38.
986 1361 1421 1423 ‘Pritnipilariutn
1466 1371 1625 1410 testa·

560 1445 757 1495 menta,
802 1438 886 1500 qui
934 1452 1103 1500 neque
1140 1437 1428 1496 Tiberium,
1460 1453 1626 1500 neque

562 1527 639 1576 se,
664 1514 904 1562 heredem
930 1512 1200 1573 fecissent,
1218 1520 1269 1560 ut
1296 1513 1520 1575 ingrata,
1545 1529 1625 1563 re·

559 1590 713 1639 scidit
733 1590 764 1650 ;’
805 1590 921 1652 quia
947 1604 1130 1651 nempe
1152 1590 1441 1651 principum
1470 1590 1624 1638 bene-

561 1667 681 1716 ficio
716 1668 780 1716 acl
820 1667 1034 1730 gradum
1071 1681 1299 1729 opesque
1328 1667 1625 1716 venisseut-⁹

567 1747 715 1796 Idem.

627 1823 778 1871 Bonis
792 1821 1153 1886 iy'usfmunlur]
1180 1823 1329 1870 Bonis
1342 1823 1442 1883 ejns
1460 1824 1517 1872 Li
1529 1825 1628 1872 vin.

560 1899 612 1947 in
640 1905 820 1960 textu3
855 1900 1019 1947 sedin
1057 1901 1305 1963 margine,
1344 1901 1495 1949 Bonis
1532 1903 1628 1951 tuis

546 1976 787 2034 fruantur
810 1978 868 2025 C.
892 1976 963 2026 G.

624 2053 781 2101 Bonis
801 2054 924 2117 ejus]
966 2054 1156 2101 Nervae
1180 2069 1194 2112 3
1230 2052 1352 2116 quia
1377 2060 1549 2102 tamen
1571 2063 1627 2104 et

558 2128 624 2176 de
660 2131 773 2191 ipso
804 2131 1030 2192 Trojano
1057 2131 1282 2193 praeivit,
1313 2133 1496 2181 melius
1521 2132 1626 2182 sor·

560 2215 698 2255 tasse
725 2207 857 2256 bonis
879 2208 963 2256 eis.
999 2209 1158 2257 Bern.

629 2283 727 2337 Qm·
764 2283 894 2331 bonis
939 2283 1039 2343 eius
1062 2284 1324 2348 fruantur]
1365 2285 1624 2334 Livineius

558 2360 738 2409 maluit
779 2362 954 2423 legere
991 2363 1071 2424 qui
1118 2363 1247 2411 bonis
1291 2363 1403 2412 tuis.
1471 2364 1625 2412 Cata·

560 2450 702 2487 naeus
729 2445 783 2485 et
811 2439 1012 2501 Lipsius
1034 2447 1299 2500 putarunt,
1326 2455 1416 2502 per
1437 2455 1625 2503 prono-

560 2528 677 2562 meu
726 2514 826 2572 ejus
874 2517 1057 2576 respici
1107 2517 1372 2576 Nervatn3
1430 2532 1626 2574 verum,

558 2590 677 2650 quia
705 2589 905 2638 Plinius
941 2591 1122 2639 eade-m
1158 2594 1310 2639 etiam
1349 2591 1414 2639 de
1439 2592 1624 2656 Traja-

557 2679 624 2713 no
650 2666 873 2721 dixerat,
900 2667 1037 2730 Lips.
1063 2669 1282 2729 censuit,
1309 2670 1486 2717 melius
1520 2669 1625 2718 for-

562 2749 699 2790 tasse
723 2742 823 2804 legi
852 2742 981 2791 bonis
1004 2745 1092 2804 eis,
1121 2752 1175 2792 ut
1202 2747 1311 2792 ltaec
1336 2746 1397 2792 ad
1428 2755 1623 2795 utrum·

559 2831 661 2881 que
687 2818 974 2880 principem
1012 2818 1196 2867 referri
1235 2821 1449 2882 possint.
1518 2822 1622 2871 Sed

560 2909 841 2958 pronomen
864 2896 962 2957 ejus
985 2897 1208 2945 omnium
1247 2898 1491 2946 librorum
1517 2898 1623 2947 suf-

556 2970 723 3033 fragio
753 2971 976 3031 nititur3
1011 2986 1072 3020 ae
1112 2973 1283 3021 nescio
1322 2988 1412 3022 cur
1449 2975 1497 3022 id
1547 2990 1623 3022 re·

557 3046 681 3096 ferri
709 3047 899 3097 debeat
927 3048 990 3096 ad
1024 3051 1279 3109 Nervam5
1316 3065 1430 3098 cum
1450 3052 1623 3113 potius

559 3123 888 3173 referendum
939 3127 1003 3173 sit
1044 3126 1107 3173 ad
1151 3142 1266 3174 eunt
1307 3128 1391 3190 qui
1441 3142 1469 3174 e
1517 3128 1624 3178 vita

565 3202 784 3250 cesserit
832 3203 1086 3264 ingratus,
1124 3204 1272 3265 cujus
1323 3204 1469 3252 bonis
1514 3207 1624 3254 sive

559 3278 873 3341 hereditate,
899 3280 993 3328 snb
1018 3281 1266 3344 'l‘rajanm
1301 3298 1483 3332 secure
1520 3282 1623 3333 frui

556 3368 707 3416 posse
754 3356 999 3405 dicuutur
1035 3358 1068 3405 ii
1107 3358 1345 3420 heredes,
1378 3359 1470 3424 qui
1508 3367 1625 3422 post

556 3439 774 3480 mortem
802 3432 1036 3482 defuncti
1062 3443 1270 3482 manent
1296 3436 1346 3483 in
1373 3438 1498 3485 vita.
1537 3438 1624 3486 Ita

561 3508 695 3557 enim
722 3510 954 3572 loquitur
981 3512 1084 3559 Cic.
1114 3512 1277 3573 Epist.
1309 3524 1387 3560 ιν.
1413 3516 1494 3561 13.
1552 3514 1625 3560 ΙΙ-

556 3584 641 3631 lud
693 3599 816 3633 vero
871 3601 963 3646 per
1008 3585 1132 3634 mihi
1180 3586 1362 3635 mirum
1409 3589 1621 3645 accidit,

557 3658 692 3722 quod
724 3660 934 3709 verbum
958 3661 1213 3721 fruantur,
1249 3677 1347 3712 non
1377 3665 1540 3713 solum
1567 3666 1620 3714 iu

555 3736 790 3784 omnibus
832 3736 1097 3785 codicibus
1146 3738 1274 3787 Mss.
1317 3739 1502 3801 quibus
1545 3742 1622 3788 usi

553 3827 742 3874 sumus,
777 3812 864 3860 sed
900 3814 1054 3861 etiaiu
1089 3815 1138 3862 in
1185 3815 1477 3870 Puteolani,
1518 3818 1620 3865 Be·

555 3889 738 3951 roaldi,
776 3890 970 3946 Juntae,
1008 3891 1261 3953 Rlienani,
1291 3894 1529 3956 Livineii,
1564 3902 1620 3944 et

556 3966 712 4014 Navii
732 3966 876 4014 libris
899 3968 1103 4014 excusis
1125 3968 1481 4030 desideretur3
1506 3972 1619 4020 sine

553 4057 655 4105 quo
695 4048 865 4090 tamen
906 4044 1169 4091 sententia
1209 4045 1364 4093 l’linii
1393 4046 1617 4096 sibinen

554 4125 777 4167 constat.
848 4118 985 4166 Illud
1036 4127 1207 4166 tamen
1249 4120 1464 4169 verbum
1503 4122 1616 4184 Jam

555 4191 887 4253 publicarunt
924 4195 1219 4258 Catanaeus,
1255 4197 1618 4260 cuspinianus,

553 4267 899 4335 Musopliilus,
916 4272 1516 4338 Cratander‚Gi·ypltius,
1538 4276 1618 4326 Si-

1256 373 1476 423 NOTAE
1528 372 1932 421 VARIORUM
1986 370 2069 420 m

1704 520 1943 581 chat-dus,
1962 521 2024 570 R.
2046 526 2101 568 et
2126 517 2195 569 H.
2219 516 2491 582 Stephani,
2509 516 2771 583 Haclsins,

1704 598 2025 658 Bernegger,
2067 603 2120 645 et
2165 596 2251 644 alii
2299 595 2651 656 recentiores;
2693 602 2768 660 at,

1706 686 1797 734 pro
1824 673 1971 722 modo
1991 672 2284 736 potentiali,
2302 671 2640 721 indicativum
2654 672 2767 732 fni-

1702 756 1863 804 witur,
1889 764 1989 797 non
2032 750 2157 799 satis
2188 748 2323 798 bene
2358 750 2603 799 exhibent
2630 750 2766 799 Grn-

1705 833 1867 885 terus,
1892 826 2180 884 Puteanus,
2205 827 2323 877 Jac.
2363 829 2445 876 De
2480 826 2531 874 la
2565 825 2769 881 Baune,

1704 901 1936 950 Patarol.
1971 901 2211 950 Schwarz.

1773 979 2033 1027 Clau-iorem
2056 977 2303 1040 ingratus]
2335 977 2405 1027 At
2431 978 2552 1028 Sen.
2576 978 2766 1030 Benef-

1703 1068 1805 1103 νη.
1846 1059 1926 1103 29.
1965 1056 2245 1117 ‘Ingratus
2289 1070 2388 1104 non
2433 1056 2544 1103 sine
2589 1065 2767 1106 nostro

1704 1130 1903 1192 pudore
1930 1131 2285 1195 protrahunt-,²
2323 1134 2424 1183 Qui
2452 1147 2574 1193 ergo
2600 1141 2656 1182 et
2680 1134 2768 1181 lto-

1703 1221 1828 1256 nore
1853 1222 1913 1255 ac
1939 1210 2173 1257 clarore?
2245 1210 2402 1257 Forte
2442 1209 2646 1257 bonitas
2682 1224 2766 1259 ce·

1700 1283 1951 1341 lebratur,
1976 1286 2055 1333 cui
2080 1285 2273 1334 malitia
2297 1285 2545 1348 imposuit
2567 1301 2580 1332 ε
2605 1301 2767 1349 quau·

1703 1375 1856 1422 quam
1921 1364 2106 1410 tacitus
2155 1361 2321 1426 pudor
2366 1368 2444 1410 est
2489 1363 2541 1411 in
2595 1363 2765 1412 animo

1702 1435 1948 1499 decepto.
1987 1440 2143 1487 Bern.

1769 1513 1849 1561 Ne
1873 1516 1923 1562 id
1938 1517 2124 1576 quidem
2144 1515 2194 1564 in
2213 1515 2539 1579 patrimoniis]
2561 1515 2765 1564 Clarius

1703 1587 1921 1639 dixisset
1953 1607 2045 1639 non
2083 1592 2133 1640 id
2165 1607 2344 1654 quoque
2376 1592 2425 1639 in
2456 1597 2590 1653 patr.
2660 1591 2765 1640 Sed

1704 1664 1775 1713 ita
1801 1666 2029 1728 loquitur
2052 1677 2106 1716 et
2136 1666 2291 1728 infra,
2325 1671 2340 1694 ‘
2362 1666 2622 1716 Omnibus
2639 1681 2766 1729 qnos

1705 1740 1862 1788 bonos
1897 1742 2041 1804 facis,
2080 1744 2209 1791 lianc
2242 1743 2428 1792 astruis
2454 1744 2676 1799 laudem.
2701 1758 2766 1793 ne

1703 1817 1932 1879 coegisse
1973 1819 2231 1868 videaris)
2300 1820 2519 1881 Iterum,
2554 1822 2661 1869 ‘Tu
2690 1820 2766 1870 fa-

1703 1894 1902 1943 cilitate
1940 1897 2038 1945 ista
2077 1904 2384 1947 consecutus
2413 1911 2487 1951 es.
2510 1910 2576 1945 ne
2610 1913 2764 1961 quem

1705 1973 1931 2019 retinere
1979 1973 2203 2022 videaris
2248 1972 2501 2024 invitum.'
2571 1974 2768 2024 Lucan.

1704 2046 1793 2095 lib.
1830 2061 1928 2096 vn.
1964 2051 1978 2077 ‘
2001 2051 2245 2112 nulloque
2284 2049 2609 2113 frequentem
2636 2052 2765 2101 Cive

1702 2139 1795 2173 suo
1821 2125 2056 2187 Romam,
2091 2127 2179 2175 sed
2218 2128 2394 2176 mundi
2423 2126 2556 2177 faece
2596 2129 2768 2191 reple·

1705 2208 1808 2253 tatu
1835 2202 2010 2250 Cladis
2043 2217 2104 2252 eo
2138 2203 2391 2264 dedimus,
2425 2217 2490 2251 ne
2531 2211 2680 2252 tanto
2713 2206 2763 2254 in

1703 2283 1936 2340 tempore
1965 2279 2151 2328 bellum
2176 2279 2293 2329 Jam
2320 2280 2474 2341 possit
2492 2280 2650 2330 civile
2675 2295 2765 2342 ge·

1704 2352 1781 2401 ri!
1851 2355 2067 2403 Porcius
2103 2355 2260 2403 Latro
2292 2354 2426 2417 apud
2458 2355 2647 2404 Senec.
2673 2371 2764 2419 pa·

1701 2437 1831 2480 trem
1850 2434 2096 2482 Controv.
2119 2447 2182 2481 lt.
2202 2436 2251 2483 8.
2287 2439 2300 2461 ‘
2319 2433 2519 2482 Pudica
2533 2434 2608 2483 sic
2625 2448 2765 2483 ama-

1701 2510 1762 2569 ri,
1789 2525 1852 2559 ne
1876 2511 2263 2573 sollicitaretur,
2282 2510 2454 2574 potuit
2473 2509 2508 2558 ?’
2545 2526 2640 2575 pro
2673 2513 2689 2539 ⁴
2710 2519 2768 2563 ut

1701 2586 1838 2637 non.’
1875 2588 2039 2635 Licin.

1767 2664 1845 2712 Ne
1868 2665 1918 2712 id
1939 2665 2152 2728 quidem]
2191 2663 2508 2714 Sollicitavit
2530 2663 2670 2714 bunc
2692 2666 2766 2715 lo·

1701 2755 1815 2788 cum
1840 2741 2120 2799 Livineius,
2138 2751 2329 2805 praeter
2346 2756 2597 2791 caussam.
2617 2744 2632 2770 ⁸
2648 2744 2761 2793 Cla·

1701 2817 1843 2881 rius,’
1870 2819 2058 2880 iuquit,
2086 2821 2100 2847 ‘
2125 2819 2343 2869 dixisset
2361 2819 2566 2868 Plinius
2595 2834 2688 2868 non
2712 2822 2764 2869 id

1699 2912 1875 2958 quoque
1897 2898 1948 2944 in
1968 2897 2312 2960 patrimoniis!
2378 2898 2636 2960 Exempla
2655 2897 2764 2955 ‚for-

1701 2975 1950 3022 mularum
1996 2974 2243 3037 loquendi
2279 2988 2397 3036 quae
2442 2973 2639 3035 attulit,
2672 2988 2764 3024 ne·

1701 3064 1954 3112 quaquam
1981 3049 2080 3098 huc
2106 3050 2383 3114 quadrant.
2449 3047 2595 3098 Pone
2620 3064 2765 3106 vero,

1702 3125 1776 3172 ita
1820 3126 2071 3188 scriptum
2118 3140 2252 3188 esse,
2305 3134 2361 3174 ut
2409 3126 2577 3176 votuit
2623 3127 2764 3175 Livi-

1701 3202 1886 3263 neius;
1944 3219 2061 3252 num
2117 3204 2290 3266 aptior
2332 3204 2601 3252 sententia
2640 3203 2762 3253 hinc

1700 3281 1965 3328 nascitur?
2002 3280 2346 3341 Credo,cives
2367 3280 2620 3329 Romanos
2642 3294 2760 3328 ava·

1703 3355 1769 3401 ris
1813 3356 2126 3418 principibus
2171 3355 2411 3404 lubenter
2454 3354 2760 3410 reddidisse,

1700 3439 1755 3477 et
1783 3438 1899 3492 post
1925 3440 2143 3479 mortem
2169 3446 2262 3494 per
2288 3437 2656 3480 testamentum
2684 3446 2759 3480 re·

1702 3507 1928 3572 liquisse,
1974 3509 2221 3573 quidquid
2287 3510 2536 3558 donorum
2581 3508 2647 3558 ab
2696 3510 2759 3558 iis

1700 3585 2021 3645 acceperint.
2041 3584 2322 3634 dummodo
2347 3585 2573 3649 reliquas
2598 3585 2760 3649 patri·

1698 3660 1855 3707 monii
1889 3661 1964 3709 sui
2008 3667 2180 3723 partes
2220 3662 2446 3710 retinere
2482 3663 2674 3722 salvas,
2704 3670 2759 3711 et

1697 3736 1761 3784 ad
1789 3737 2043 3798 legitimos
2082 3737 2304 3787 heredes
2335 3736 2641 3794 transferre.
2665 3754 2755 3802 po·

1698 3814 1933 3862 tuissent.
2016 3813 2197 3861 Codex
2242 3814 2555 3863 Parisiensia
2602 3815 2760 3864 habet

1697 3888 1880 3937 eodem
1917 3905 2068 3938 seusu
2107 3906 2191 3939 nec
2226 3891 2276 3938 id
2317 3890 2523 3951 quidem.
2594 3892 2666 3940 At
2705 3892 2759 3940 in

1696 3966 1875 4014 codice
1921 3967 2384 4031 Guelplierbytano
2428 3967 2667 4029 legimus,
2702 3984 2760 4017 ae

1694 4041 1744 4088 id
1765 4043 1952 4103 quidem
1986 4044 2034 4091 in
2067 4043 2373 4106 patrimoniis
2402 4045 2583 4093 nostris
2615 4048 2763 4096 situm

1692 4119 1850 4174 duxit,
1893 4122 2013 4182 quod
2054 4125 2209 4178 esset,·
2244 4120 2441 4170 omissis
2483 4123 2760 4184 postremis

1694 4196 1892 4244 duabus
1926 4197 2139 4251 voculis,
2164 4197 2223 4245 de
2257 4211 2359 4245 sao.
2425 4196 2531 4246 Sed
2569 4211 2760 4249 censeo

1692 4285 1867 4322 sanam
1901 4272 2109 4323 omniuo
2143 4287 2257 4325 esse
2288 4273 2428 4323 illam
2462 4273 2762 4339 lectionem,
