3060 4902
511 371 639 444 834

512 529 691 592 betur;
718 531 955 594 maxime,
973 546 1089 581 cnm
1106 530 1444 596 acquiescere
1461 545 1580 593 pos·

511 608 667 655 simus
705 609 755 656 in
796 610 1018 658 lectione
1061 611 1124 659 ab
1165 609 1401 658 omnibus
1440 607 1582 657 libris

510 685 774 746 impressis
815 687 1041 749 prodita,
1081 701 1233 751 quarn
1274 686 1481 748 egregie
1520 686 1580 734 il·

509 761 754 810 lustravit
811 764 1038 827 Lipsius,
1096 778 1160 812 ex
1219 763 1334 812 loco
1388 763 1581 827 Taciti,

511 836 700 886 Annal.
731 852 844 888 xiv.
868 844 948 888 53.
973 841 1059 889 ubi
1080 840 1360 903 Vipsanius
1386 840 1580 892 diserte

509 915 806 975 appellatur
860 917 876 943 ⁴
904 916 1156 966 bellorum
1201 915 1439 976 socius3¹
1490 916 1579 981 qui

509 1004 608 1038 non
634 993 795 1040 solum
825 994 887 1041 Α.
914 995 980 1043 U.
1010 995 1071 1043 C.
1094 998 1207 1043 717.
1244 1007 1344 1043 una
1376 1007 1493 1042 cum
1519 994 1582 1042 L.

509 1066 729 1117 Caninio
750 1070 903 1118 Gallo
940 1069 1040 1119 fuit
1076 1072 1270 1124 consul,
1300 1070 1390 1119 sed
1416 1070 1577 1119 etiam

508 1143 573 1193 A.
600 1144 661 1192 U.
685 1146 745 1194 C.
766 1150 880 1195 ⁷20.
903 1156 953 1196 et
979 1151 1093 1196 727.
1116 1161 1146 1195 a
1180 1148 1387 1196 Caesare
1415 1147 1580 1198 Octa-

509 1220 661 1269 viano
700 1222 936 1285 Augusto
979 1224 1206 1273 adscitus
1252 1230 1333 1272 est
1377 1223 1580 1285 collega

508 1300 823 1347 consulatus.
892 1300 1030 1348 Istud
1067 1314 1206 1356 vero,
1240 1298 1376 1365 quod
1413 1300 1577 1349 bello·

509 1388 618 1422 rum
647 1377 819 1437 sociis,
839 1377 937 1426 hoc
962 1383 1062 1440 est,
1083 1377 1222 1439 viris,
1247 1377 1331 1441 qui
1358 1377 1580 1439 impera-

510 1451 730 1511 toribus,
755 1459 843 1501 aut
869 1454 993 1502 olim
1031 1454 1355 1518 reipublicae,
1377 1462 1578 1503 strenu-

510 1541 590 1575 am
613 1543 823 1591 operam
848 1531 894 1577 in
925 1529 1072 1578 bellis
1098 1538 1367 1590 navarent,
1386 1530 1580 1578 tribue-

510 1604 678 1664 batur,
710 1615 823 1654 erat
858 1607 1153 1655 consulatus
1187 1606 1461 1671 aliquoties
1501 1621 1579 1656 re·

509 1682 723 1743 peritus.
758 1682 999 1730 Schwarz.

571 1757 747 1821 Sociis]
790 1759 1063 1820 Vipsanius
1108 1758 1344 1823 Agrippa
1387 1760 1579 1809 intelli-

509 1835 667 1897 gitur,
694 1836 757 1883 de
787 1851 885 1899 quo
927 1838 1142 1886 totidem
1183 1838 1353 1886 verbis
1398 1847 1449 1887 et
1488 1839 1581 1886 Se·

507 1925 635 1959 neca
661 1913 797 1972 apud
831 1913 999 1962 Tacit.
1028 1912 1210 1964 Annal.
1241 1928 1365 1963 xiv.
1404 1923 1416 1942 ‘
1439 1916 1578 1966 Quo-

509 2001 618 2035 rum
644 1989 778 2036 alter
805 1989 1055 2038 bellorum
1080 1991 1286 2041 socius)
1317 1992 1450 2054 Lips.

559 2064 895 2127 Singuluribus
909 2066 1049 2129 uiris]
1068 2068 1140 2116 M.
1158 2069 1400 2117 Cornelio
1418 2069 1580 2117 Fron·

510 2141 637 2196 toni,
660 2151 710 2190 et
737 2143 855 2191 Sex.
884 2143 1140 2205 Pompeio
1166 2145 1416 2207 Collegae.
1477 2144 1578 2194 Adi

443 2252 449 2258 -
509 2216 765 2279 Onuplirii
812 2219 873 2268 ad
919 2220 1103 2268 Fastos
1149 2223 1580 2270 commentarium

508 2294 573 2343 A.
603 2295 664 2345 U.
689 2296 747 2345 C.
775 2301 889 2345 853.
924 2296 1089 2346 Licin.

584 2371 946 2438 Singulas-ibus]
1007 2376 1156 2423 Alter
1216 2377 1438 2425 innotuit
1496 2377 1575 2426 M.

508 2448 779 2499 Cornelius
804 2453 1013 2512 Fronto,
1038 2453 1266 2502 oratoria
1301 2453 1449 2502 luitde
1475 2454 1578 2502 cla-

510 2541 632 2587 rus;
691 2542 841 2591 quem
887 2529 1138 2591 collegam
1186 2529 1285 2577 sibi
1331 2529 1578 2591 Trajanus

505 2605 767 2651 assumsit.
838 2602 1011 2663 Alter,
1052 2605 1138 2667 qui
1179 2604 1482 2665 designatus
1526 2605 1578 2653 in

508 2679 625 2727 Kal.
655 2679 873 2728 Martias
897 2678 1016 2738 fuit,
1037 2680 1241 2741 ignotus
1266 2681 1445 2740 nobis;
1482 2683 1578 2729 nisi

506 2753 640 2817 quod
669 2753 921 2802 Onufrius
945 2755 1146 2804 divinat
1169 2756 1232 2803 de
1266 2756 1389 2804 Sex.
1425 2757 1579 2805 Pom·

509 2832 626 2894 peio
654 2829 885 2893 Collega.
921 2831 1059 2893 Lips.

573 2908 909 2968 Singularibus
961 2909 1101 2972 viris]
1152 2909 1366 2972 Trajani
1420 2910 1578 2959 tertio

509 2986 733 3034 consulis
779 2987 982 3048 collega
1028 2985 1129 3034 fuit
1184 2987 1262 3035 M.
1305 2986 1578 3036 Cornelius

507 3062 721 3119 Fronto,
749 3076 839 3110 seu
867 3063 1167 3122 Frontinus,
1193 3072 1249 3112 ut
1281 3064 1332 3111 in
1366 3064 1478 3111 aliis
1503 3065 1577 3112 le·

508 3140 666 3199 gitur.
733 3138 965 3187 Alterius
989 3141 1257 3188 consulatu
1283 3139 1460 3187 donati
1486 3154 1577 3186 no-

508 3230 623 3262 men
665 3228 763 3262 non
798 3215 1020 3271 invenio,
1048 3215 1279 3278 quamvis
1308 3204 1575 3263 Livineius

507 3290 715 3345 sentiat,
750 3290 803 3338 S.
846 3291 1150 3354 Pompeium
1191 3290 1366 3355 fuisse,
1401 3299 1456 3341 et
1489 3291 1578 3340 alii

508 3365 652 3411 alins.
690 3365 906 3414 Patarol.

574 3441 911 3500 Singuloribus
945 3444 1088 3507 ciris]
1130 3445 1368 3508 Rayanus
1406 3450 1576 3507 putat,

504 3518 519 3543 ‘
540 3517 827 3578 singulares
851 3518 984 3566 viros
1003 3523 1015 3544 ⁹
1048 3519 1127 3568 liic
1162 3520 1335 3568 vocari
1370 3520 1384 3546 ‘
1406 3520 1580 3581 priva·

511 3592 626 3640 tos!
692 3594 822 3642 Qiiae
865 3595 1007 3643 notio
1046 3609 1149 3643 non
1175 3596 1382 3658 quidem
1410 3595 1580 3644 aliena

508 3668 646 3718 foret
671 3668 734 3716 ab
759 3667 853 3715 ltoc
888 3678 1224 3731 argumento;
1256 3671 1346 3719 sed
1374 3671 1578 3726 dubito,

510 3762 574 3795 an
621 3761 683 3794 ex
736 3758 827 3791 usu
870 3754 1101 3794 veterum
1143 3746 1349 3809 probari
1393 3749 1579 3810 possit.

510 3824 765 3871 Existimo
798 3824 988 3884 potius,
1023 3823 1095 3871 sic
1128 3823 1230 3872 dici
1257 3824 1390 3873 viros
1418 3826 1577 3874 virtu·

512 3902 647 3950 tibus
671 3899 972 3962 meritisque
1009 3899 1245 3949 eximios.
1314 3902 1499 3951 Cicero
1523 3902 1574 3951 in

511 3980 700 4038 Bruto,
740 3991 857 4039 cap.
890 3979 970 4025 85.
1006 3985 1018 4004 ‘
1039 3977 1166 4026 Cum
1193 3976 1375 4027 Attico
1406 3978 1576 4042 Lysiae

512 4057 762 4108 Catonem
803 4065 1031 4104 nostrum
1053 4055 1414 4120 coniparabas,
1436 4071 1576 4119 triag-

512 4147 630 4181 num
659 4131 952 4181 mehercule
987 4132 1261 4186 bominem,
1287 4133 1368 4181 vel
1403 4133 1576 4194 potius

512 4223 762 4257 summurn
805 4217 858 4257 et
891 4211 1201 4272 singularem
1235 4208 1437 4271 virum,'
1475 4212 1576 4259 &c-

514 4284 660 4334 ldem
689 4285 913 4350 Philipp.
934 4300 998 4338 ιι.
1015 4292 1066 4338 6.
1099 4289 1114 4316 ‘
1135 4289 1263 4338 Cum
1286 4286 1577 4352 principem

1213 386 1430 436 NOTAE
1481 385 1891 437 vitulorum
1947 389 2026 438 ΙΝ

1658 540 1967 595 senatorem,
2007 533 2182 584 civem
2235 533 2571 598 singularem,
2621 542 2738 585 tans

1658 612 2002 675 propinquum
2047 610 2274 673 liabeas‚’
2318 615 2418 661 &c-
2496 612 2737 661 Velleius

1658 701 1719 737 11.
1757 692 1841 737 ⁵9.
1874 688 2191 751 ‘Singularis
2228 688 2452 737 indolem
2485 688 2741 750 juvenis.'

1655 764 1794 820 Jeru,
1819 766 1862 813 si
1886 773 2168 829 qitaeratur,
2199 764 2284 828 qui
2319 763 2515 813 fuerint
2548 765 2595 814 bi
2632 766 2737 814 viri

1656 842 1962 905 singulares,
1983 856 2108 905 quos
2144 840 2286 891 tertii
2317 842 2612 891 consulatus
2638 843 2738 891 bo·

1656 931 1802 979 nore,
1817 927 2063 981 tanquam
2083 918 2308 980 collegas
2328 931 2465 976 snos,
2481 917 2736 978 dignatus

1656 993 1818 1044 fuerit
1845 994 2121 1057 Trajanus,
2145 1008 2326 1056 parum
2350 993 2478 1042 lueis
2500 990 2740 1042 afferunt

1656 1079 1862 1121 veteres
1910 1071 2075 1120 Fasti.
2140 1068 2441 1131 Onuphrius
2495 1069 2739 1119 nominat

1656 1147 1952 1198 Cornelium
1978 1149 2314 1203 Frontonem,
2337 1154 2629 1205 (ποῖοι-επις
2676 1153 2739 1195 et

1657 1226 1874 1273 alterum
1902 1224 2102 1273 divinat
2127 1237 2240 1271 esse
2272 1223 2394 1270 Sex.
2419 1222 2735 1285 Pompeium

1658 1300 1946 1363 Collegam.
2014 1298 2343 1363 Onnpbrium
2386 1297 2613 1359 Scaliger
2650 1298 2734 1346 vad

1658 1377 2175 1437 Eusebium,Golzius
2194 1377 2244 1426 in
2262 1376 2454 1437 Fastis,
2468 1375 2740 1425 Livineius

1656 1463 1713 1504 et
1754 1456 1958 1518 Lipsius
2004 1455 2053 1502 in
2091 1455 2225 1505 notis
2262 1453 2328 1503 ad
2367 1454 2418 1502 h.
2456 1454 2495 1502 l.
2526 1462 2579 1501 et
2615 1452 2737 1515 alii,

1657 1540 1967 1594 sequuntur.
2027 1531 2264 1581 Norisins
2288 1532 2338 1579 in
2363 1530 2582 1593 epistola
2602 1543 2739 1578 con·

1658 1609 1835 1663 sulari,
1860 1607 2077 1672 Trajani
2102 1609 2354 1672 collegam
2379 1610 2430 1656 in
2455 1608 2737 1657 consulatu

1660 1685 1817 1734 tertio
1849 1684 2092 1746 designat
2127 1684 2250 1734 Sex.
2289 1682 2485 1734 Julium
2521 1683 2740 1732 Fronti-

1658 1776 1798 1817 num,
1823 1760 1908 1823 qui
1945 1761 2011 1809 de
2052 1760 2445 1822 aqueductibus
2480 1760 2741 1823 scripsit;

1657 1838 1746 1888 sed
1774 1846 1978 1901 postes,
1999 1837 2210 1886 dimissa
2244 1837 2419 1901 priore
2449 1838 2739 1893 sententia,

1658 1916 1795 1979 qnod
1839 1914 2035 1963 Anton.
2071 1915 2268 1978 Pagius
2310 1916 2360 1962 in
2403 1913 2582 1964 Critic.
2622 1913 2741 1962 Ba-

1660 2006 1771 2039 ron.
1799 1991 1860 2039 ad
1887 2005 2074 2039 annum
2099 1991 2290 2040 Christi
2318 1995 2430 2039 100.
2456 1987 2627 2046 affert,
2651 1990 2739 2039 M.

1656 2067 1855 2117 Julium
1895 2068 2213 2117 Frontonem
2251 2069 2438 2117 statuit
2473 2066 2737 2127 collegam

1657 2144 1867 2207 Trajani
1926 2143 1976 2191 in
2035 2143 2304 2192 consulatu
2362 2142 2556 2204 terti03
2606 2156 2737 2192 cnm

1657 2220 1782 2279 Dio,
1806 2219 1857 2267 in
1884 2219 2081 2280 Nerva,
2100 2219 2419 2269 Frontonem
2452 2220 2587 2269 bunc
2616 2224 2736 2268 tum

1659 2296 1920 2344 consulem
2001 2296 2251 2355 nominet,
2320 2303 2377 2344 et
2446 2309 2562 2344 cnm
2636 2295 2736 2344 tib.

1659 2385 1866 2421 κινιιι.
1937 2373 2146 2432 Digest.
2169 2373 2229 2421 L.
2249 2380 2297 2422 6.
2332 2373 2399 2423 de
2427 2372 2622 2430 Ptenis,
2650 2386 2733 2422 re·

1657 2450 1847 2499 citetur
1870 2451 2182 2513 rescriptum
2201 2449 2413 2514 Trajani
2435 2448 2501 2499 ad
2525 2449 2733 2502 Julian

1658 2528 1993 2576 Frontonem.
2061 2526 2133 2576 At
2168 2527 2361 2576 Christ.
2400 2526 2588 2576 Adam.
2625 2525 2735 2575 Ru·

1658 2610 1858 2665 pertus,
1905 2600 2183 2652 Professor
2220 2601 2481 2666 quondam
2516 2601 2735 2652 Altorfi·

1656 2691 1750 2725 nus
1790 2679 1853 2725 de
1897 2678 2049 2726 bonis
2083 2678 2249 2727 literis
2274 2678 2653 2733 meritissimus,
2681 2679 2736 2727 in

1657 2754 1962 2803 Euchiridio
1993 2755 2270 2817 Pomponii
2296 2756 2360 2803 de
2385 2755 2610 2818 Origine
2632 2754 2737 2806 Ju-

1657 2831 1746 2890 ris,
1773 2846 1894 2894 pag.
1920 2834 2031 2879 171.
2057 2845 2210 2895 quem
2232 2831 2474 2880 eximium
2499 2830 2736 2880 libellum

1646 2908 1765 2969 jure
1804 2907 2097 2968 meritoque
2117 2905 2182 2954 ad
2210 2905 2260 2955 11.
2286 2907 2318 2956 l.
2342 2907 2576 2956 laudavit
2596 2905 2738 2956 Arn-

1659 2984 1876 3037 tzenius,
1892 2983 2198 3046 jamdudum
2221 2983 2415 3047 docuit,
2427 2996 2547 3033 cum
2566 2983 2617 3032 in
2640 2984 2738 3033 ali·

1657 3067 1782 3123 quot
1821 3060 1990 3108 Fastis
2026 3060 2248 3124 antiquis
2279 3060 2470 3109 Fronto
2495 3059 2737 3123 signetur

1654 3136 1833 3184 consul
1873 3136 2020 3183 istius
2058 3136 2324 3197 temporis,
2366 3135 2452 3184 bic
2496 3149 2605 3198 non
2652 3136 2737 3185 M.

1655 3210 1950 3261 Cornelium
1987 3212 2325 3273 Frontonem,
2348 3216 2632 3267 oratorem,
2655 3212 2735 3260 in·

1658 3294 1737 3336 ter
1778 3288 2020 3337 consules
2068 3289 2215 3338 istius
2271 3290 2521 3350 temporis
2578 3303 2736 3354 posse

1654 3366 1822 3414 locum
1863 3364 2092 3427 babere;
2125 3379 2240 3414 cum
2285 3366 2327 3414 is
2368 3364 2579 3415 demum
2619 3364 2736 3416 fere

1656 3454 1750 3491 Lx.
1787 3442 1932 3490 annis
1964 3450 2099 3505 post,
2121 3440 2216 3491 sub
2241 3441 2424 3490 Marco
2451 3439 2739 3499 Antonino,

1655 3517 1880 3580 adeptus
1921 3518 1990 3567 sit
2027 3518 2372 3581 consulatum,
2406 3532 2579 3584 neque
2617 3534 2736 3569 enm

1655 3594 1990 3643 ordinarium.
2043 3594 2196 3644 Quod
2223 3596 2487 3659 Rupertus
2512 3596 2736 3646 ulterius

1657 3670 1899 3734 probavit
1954 3671 2005 3719 in
2052 3670 2282 3720 Oratore
2337 3670 2636 3727 Historieo,
2679 3677 2735 3722 et

1654 3746 1863 3812 quidem
1888 3747 1939 3795 in
1964 3749 2104 3797 notis
2126 3748 2347 3798 orationi
2373 3760 2473 3797 xv.
2501 3748 2570 3797 de
2600 3748 2735 3798 Ner·

1655 3840 1717 3874 va
1747 3826 1796 3875 Τ
1799 3826 1997 3888 rajano,
2037 3826 2251 3887 speculo
2292 3825 2415 3874 mali
2453 3824 2735 3888 Principis.

1647 3902 1916 3967 subjectis,
1948 3917 2000 3966 p.
2035 3906 2152 3954 758.
2188 3916 2335 3968 seqq.
2360 3901 2449 3953 ubi
2470 3903 2738 3965 similiter,

1653 3989 1842 4030 contra
1867 3979 2133 4044 Onupbrii
2173 3980 2490 4043 opinionem,
2525 3979 2736 4029 Cornel.
2830 3992 2837 3995 ’

1653 4056 1925 4117 Frontoni,
1947 4056 2163 4118 oratori,
2186 4056 2460 4106 substituit
2494 4056 2576 4105 M.
2601 4056 2735 4108 Juli-

1654 4148 1762 4195 um,
1793 4134 1870 4183 Μ.
1909 4134 1970 4183 F.
2002 4134 2319 4184 Frontonem
2353 4147 2444 4183 tu.
2478 4142 2733 4195 ceterum,

1656 4211 1770 4261 istis
1813 4212 1865 4261 in
1908 4212 2070 4274 notis,
2112 4210 2402 4262 assentitur
2440 4210 2733 4274 onuphrio.

1658 4286 1910 4351 tradenti,
1934 4287 1989 4337 in
2027 4287 2299 4339 consulatu
2339 4286 2498 4338 tertio
2520 4286 2730 4352 Trajsui
