3060 4902
525 358 658 424 740

529 515 784 579 Caligula,
814 513 1075 564 referente
1107 514 1321 564 Sueton.
1347 528 1468 577 cap.
1505 516 1592 562 47.

528 592 951 657 procuratoribus
985 592 1089 640 suis
1112 590 1340 652 scripsit,
1372 591 1386 618 ‘
1414 588 1588 638 trium·

527 670 682 735 plium
705 676 1044 732 appararent,
1084 675 1310 730 quantus
1332 678 1592 730 nunquam

527 746 659 795 alius
683 743 865 795 fuisset
886 760 899 792 ε
944 743 1152 808 quando
1177 743 1227 791 in
1252 743 1477 791 omnium
1503 742 1592 790 lio·

527 823 719 871 minum
745 821 983 884 bonajus
1006 820 1254 869 baberet-⁹
1319 818 1404 867 Ad
1432 818 1591 883 patri·

530 897 754 947 monium
778 903 953 946 autem
978 898 1231 961 principis
1259 896 1593 960 pertinebant

526 975 642 1039 ejus
666 988 747 1023 res
770 976 988 1037 privatae
1004 984 1059 1024 et
1077 974 1315 1038 propriae.
1349 974 1429 1021 De
1449 974 1592 1035 ‘jure

526 1052 947 1115 supereminente
970 1049 982 1069 ’
1023 1051 1142 1098 vide
1172 1050 1323 1099 Grot.
1360 1048 1426 1097 de
1458 1048 1590 1099 Jure

529 1129 662 1179 Bell.
697 1134 752 1177 et
785 1129 911 1177 Pac.
937 1141 997 1182 11.
1025 1131 1104 1176 14.
1127 1131 1178 1176 7.
1215 1133 1269 1175 et
1306 1139 1393 1176 111.
1430 1129 1508 1173 19.
1542 1129 1591 1172 7.

529 1206 772 1255 Schwarz.

590 1282 755 1342 Illajus
788 1280 883 1343 est]
916 1281 1045 1329 Plus
1080 1285 1180 1341 est,
1212 1278 1349 1342 quod
1380 1277 1592 1342 publico

525 1359 637 1408 usui
664 1357 913 1420 abundat,
943 1372 1094 1421 quam
1126 1356 1265 1421 quod
1298 1355 1396 1404 sibi
1422 1355 1594 1404 Caesar

525 1436 797 1498 congerit3
840 1435 1004 1497 majus
1050 1435 1288 1482 aerarium
1331 1432 1590 1495 publicum

526 1510 842 1574 patrimonio
869 1510 1108 1559 Caesaris.
1145 1510 1365 1559 Palm-ol.

597 1589 768 1646 Refert
811 1587 861 1635 in
903 1587 1178 1649 imperium]
1238 1585 1451 1634 Bebrius
1497 1600 1592 1648 pro

524 1664 692 1725 reffert,
729 1664 926 1711 mavult
955 1665 1141 1721 restris,-
1185 1676 1299 1724 quae
1339 1660 1518 1720 lectio,
1549 1661 1592 1709 si

527 1750 762 1789 veterum
804 1738 1049 1787 librorum
1095 1735 1338 1800 suffragio
1374 1738 1593 1800 juvare-

526 1825 632 1879 tur,
669 1831 766 1865 nec
804 1816 925 1864 mihi
961 1815 1305 1877 displiceret;
1352 1829 1468 1864 curn
1510 1829 1595 1863 ea-

525 1893 643 1941 dem
674 1908 892 1956 persona
916 1909 1015 1942 non
1035 1894 1183 1954 longe
1201 1893 1527 1956 praecesserit
1545 1892 1595 1940 in

526 1970 689 2019 verbo
717 1978 730 2000 ‘
753 1971 1132 2019 circumvenis.’
1169 1970 1367 2019 Adhaec
1386 1985 1501 2018 mox
1518 1983 1596 2017 se·

523 2048 721 2111 quitur,
746 2049 1007 2110 ‘magnum
1025 2048 1123 2096 boc
1154 2055 1295 2096 tuum
1321 2045 1597 2096 meritum.'

524 2121 669 2170 Nihil
697 2130 870 2170 tamen
897 2131 976 2171 est
1009 2125 1325 2182 mutandum,
1352 2140 1467 2173 cum
1483 2124 1594 2187 jam

524 2199 760 2261 proxime
796 2200 1141 2249 antecesserit
1170 2199 1381 2248 verbum
1425 2201 1594 2249 tertiae

524 2288 782 2337 personae,
803 2275 817 2302 ‘
834 2277 948 2337 Est,
972 2276 1108 2339 quod
1126 2276 1301 2325 Caesar
1319 2290 1419 2323 non
1444 2289 1589 2324 sutum

524 2356 738 2405 videat!
807 2355 1026 2406 Acutius
1052 2371 1175 2406 vero
1211 2358 1261 2405 in
1297 2356 1429 2407 libro
1461 2358 1590 2405 Vos·

524 2434 672 2481 siano
696 2435 902 2497 punctis
936 2433 1250 2483 subnotatur
1284 2435 1589 2498 praepositio

523 2511 594 2566 in,
621 2513 790 2575 quasi,
809 2526 872 2560 ea
888 2511 1091 2570 omissa,
1114 2513 1218 2574 legi
1239 2511 1449 2562 debeat.
1470 2516 1591 2561 mul·

524 2593 587 2635 tae
612 2588 735 2635 enim
761 2603 821 2636 ex
852 2589 1138 2648 patrimonio
1172 2588 1321 2645 refert
1351 2588 1413 2649 (i.
1438 2603 1485 2637 e.
1514 2604 1589 2636 re-

520 2667 766 2731 cuperat)
786 2668 1051 2729 imperium,
1073 2682 1176 2728 quae
1209 2668 1388 2730 priores
1412 2668 1589 2730 princi-

515 2757 600 2804 pes
643 2742 945 2804 occupabant.
1017 2741 1191 2790 Nolim
1240 2750 1408 2789 tamen
1455 2742 1589 2791 hanc

521 2819 942 2882 praepositionem
964 2818 1027 2866 de
1046 2833 1137 2867 sua
1154 2819 1477 2881 possessione
1498 2819 1589 2868 de-

514 2896 704 2959 jicere.
738 2895 979 2945 Schwarz.

587 2975 742 3023 Pares
773 2972 978 3034 domini]
1016 2973 1061 3023 1.
1089 2987 1135 3022 e.
1174 2986 1318 3036 acque
1353 2972 1497 3034 digni
1525 2988 1586 3024 ac

520 3051 816 3108 nobiles,nt
842 3050 1042 3115 priores
1064 3067 1079 3111 ;
1115 3065 1212 3098 non
1235 3050 1475 3113 minores,
1502 3065 1590 3098 ne-

520 3144 619 3190 que
639 3129 880 3191 impares.
900 3127 1108 3175 domini.
1140 3126 1431 3174 Secundum
1453 3126 1588 3173 enim

522 3206 633 3253 Cic.
650 3205 713 3253 de
736 3203 893 3252 Offic.
921 3219 961 3252 1.
984 3209 1064 3253 39.
1084 3203 1317 3251 odiosum
1343 3210 1439 3265 est,
1473 3217 1588 3250 cum

523 3296 553 3327 a
590 3287 782 3342 practer
831 3280 1073 3328 euntibus
1113 3280 1325 3340 dicitur,
1370 3287 1382 3308 ‘
1412 3280 1459 3328 O
1500 3279 1589 3329 do-

520 3370 629 3403 mus
652 3356 883 3420 antiqua,
905 3357 1026 3417 lieu,
1045 3370 1195 3420 quam
1220 3355 1409 3419 dispari
1431 3357 1589 3404 ‹lomi-

520 3446 644 3480 nare
685 3432 956 3481 dominol'
1009 3435 1203 3483 Contra
1243 3433 1380 3481 Plin.
1421 3434 1591 3495 Epist.

522 3522 624 3556 vn.
645 3514 728 3557 24.
774 3511 789 3536 ⁴
814 3508 1024 3570 Laetor,’
1067 3509 1256 3569 inquit,
1289 3511 1304 3536 ‘
1330 3508 1464 3570 quod
1502 3509 1593 3557 do·

519 3599 631 3632 mus
649 3583 925 3645 aliquando
943 3585 1001 3631 C.
1015 3584 1212 3633 Cassii.
1231 3617 1244 3632 .
1264 3618 1275 3631 .
1292 3584 1485 3632 serviet
1504 3583 1593 3633 do·

519 3662 658 3708 mino
684 3674 781 3706 non
805 3659 1026 3706 minori!
1063 3661 1308 3707 Ceterum
1333 3660 1462 3707 bene
1482 3661 1592 3723 qui·

521 3735 637 3785 dem
659 3742 904 3797 recteque
926 3749 981 3783 se
998 3735 1154 3783 habet
1171 3734 1329 3783 lectio
1350 3736 1591 3799 vulgata:

520 3826 622 3859 non
650 3823 855 3872 possum
884 3818 1054 3858 tamen
1079 3809 1285 3859 silentio
1305 3813 1592 3874 praeterire,

520 3889 572 3935 in
599 3885 779 3935 codice
820 3885 924 3935 Ms.
945 3885 1414 3949 Guelpherbytano
1446 3903 1594 3937 voca·

520 3964 693 4013 bulum
728 3962 921 4023 nobiles,
962 3963 1040 4011 liis
1084 3963 1253 4012 verbis
1297 3966 1370 4013 ita
1414 3966 1593 4029 inseri,

519 4043 796 4104 immigrant
818 4056 955 4103 pares
978 4040 1159 4090 nobiles
1192 4043 1390 4091 domini.
1456 4044 1593 4092 Ean-

521 4119 637 4166 dem
668 4132 846 4167 vocem
872 4119 1030 4167 etiam
1062 4118 1263 4167 Gudius
1299 4117 1515 4168 offendit
1542 4120 1591 4169 in

521 4195 739 4257 quodam
765 4194 949 4244 codice
983 4195 1087 4244 Ms.
1109 4196 1199 4244 sed
1236 4210 1349 4260 quae
1386 4197 1592 4259 punctis

522 4268 621 4319 fuit
657 4270 953 4336 subnotata,
990 4280 1232 4337 tanquam
1280 4286 1591 4336 supervaca-

1214 368 1434 417 NOTAE
1484 365 1830 416 vAmoRU
1845 366 1894 415 M
1942 365 2021 415 IN

1666 525 1778 560 nea.
1846 512 1942 560 Est
1977 509 2111 558 enim
2134 507 2248 557 baec
2280 505 2608 558 intercalatio
2631 523 2742 559 om-

1668 589 1791 637 nino
1827 587 2002 637 nihili:
2043 586 2180 635 volui
2217 591 2388 635 tamen
2424 599 2538 634 eam
2576 601 2739 635 anno·

1672 674 1801 721 tare,
1823 672 1878 713 ut
1901 661 2234 713 manifestum
2254 659 2543 725 proferrem
2564 676 2741 711 exem·

1670 743 1833 806 plum,
1849 741 2106 804 quomodo
2128 754 2221 803 per
2238 740 2451 803 glossas,
2471 745 2528 787 ut
2547 745 2740 788 vocant

1669 819 1860 881 critici,
1883 816 2249 881 intempestive
2266 816 2618 877 intercalatus,
2632 830 2737 865 non

1669 910 1836 960 pauca
1874 903 2105 943 veterum
2145 893 2457 955 scriptorum
2498 892 2611 941 loca
2645 906 2739 955 po·

1669 974 1865 1023 tuerint
1887 972 2165 1034 corrumpi.
2226 971 2437 1020 Scilicet
2461 977 2738 1034 postquam

1667 1050 1908 1098 librarius
1935 1049 2016 1097 vel
2043 1049 2315 1096 invenerat
2347 1046 2400 1096 in
2428 1044 2610 1095 codice
2645 1060 2736 1094 au·

1667 1127 1830 1190 tiquo,
1854 1138 2004 1189 quern
2038 1122 2392 1184 describebat,
2415 1121 2512 1172 boc
2535 1135 2741 1186 nomen,

1666 1202 1859 1258 nobiles,
1880 1216 2038 1264 supra
2061 1200 2388 1259 vocabulum,
2402 1213 2558 1262 pares,
2577 1199 2740 1247 inter·

1669 1279 1977 1343 pretatiouis
1999 1292 2187 1327 caussa
2211 1275 2481 1339 scriptum,
2514 1275 2599 1323 vel
2622 1277 2739 1338 ipse

1667 1357 1800 1405 lianc
1851 1353 2335 1418 interpretationem
2388 1352 2642 1402 habuerat
2684 1352 2741 1401 in

1669 1435 1873 1494 animo;
1907 1447 2038 1488 eam.
2059 1432 2166 1480 sive
2191 1429 2514 1493 imprudens,
2533 1429 2643 1478 sive
2663 1429 2740 1479 in·

1669 1518 1841 1574 eptus,
1865 1510 1914 1558 in
1940 1511 2107 1572 ipsum
2145 1515 2449 1558 contextum
2487 1507 2738 1557 orationis

1668 1588 1871 1636 intulit:
1909 1586 2042 1634 unde
2066 1585 2169 1634 ista
2201 1584 2502 1646 corruptela
2535 1597 2600 1631 ex
2626 1597 2742 1631 ver·

1672 1664 1737 1712 bo
1760 1675 2101 1726 supervacuo.
2136 1661 2307 1710 Lubet
2324 1661 2423 1710 buc
2439 1659 2740 1722 transferre,

1671 1755 1787 1805 quae
1814 1740 1969 1803 Casp.
1987 1737 2332 1802 Scioppinsin
2352 1737 2740 1787 Commentario

1670 1817 1736 1867 de
1764 1816 1892 1866 Arte
1918 1817 2128 1871 Critica,
2152 1831 2205 1879 p.
2229 1819 2312 1864 81.
2335 1813 2402 1863 de
2422 1815 2521 1864 boc
2545 1828 2739 1878 genere

1671 1897 1984 1958 corruptelae
2009 1893 2329 1944 observavit.
2382 1899 2397 1921 ⁴
2423 1892 2504 1941 De
2529 1888 2748 1956 glossis}

1671 1972 1853 2036 inquit,
1889 1974 1905 2000 ‘
1930 1973 2027 2021 boc
2068 1971 2382 2021 tenendum:
2424 1970 2591 2020 bellos
2624 1972 2740 2021 illos

1667 2048 1903 2097 librarios
1927 2048 2247 2111 superiorum
2261 2048 2587 2108 saeculorum,
2600 2061 2744 2112 quae·

1670 2140 1874 2189 cunque
1912 2125 1995 2173 vel
2031 2124 2093 2173 ad
2130 2138 2295 2184 oram,
2326 2123 2408 2172 vel
2433 2124 2484 2171 in
2508 2124 2743 2187 margine

1670 2202 1785 2251 libri
1813 2202 2049 2266 alicujus,
2074 2201 2153 2250 vel
2175 2214 2330 2264 supra
2350 2200 2556 2257 lineam,
2573 2202 2742 2264 expll-

1668 2279 1889 2329 cationis
1912 2280 2047 2341 loco,
2069 2277 2356 2340 adscripta,
2380 2276 2488 2341 (hae
2508 2276 2646 2325 enini
2668 2277 2744 2326 di·

1667 2363 1854 2405 cuntur
1879 2356 2084 2419 glossae,
2108 2355 2188 2402 vel
2214 2350 2571 2417 glossemata.)
2590 2367 2740 2418 repe·

1668 2440 1868 2493 rerunt,
1891 2433 2040 2483 simul
2061 2432 2111 2480 in
2133 2437 2433 2480 contextum
2451 2429 2748 2494 recepisse;

1666 2524 1808 2573 saepe
1832 2511 2008 2566 etiam,
2035 2509 2170 2572 quod
2191 2509 2501 2571 glossemata
2523 2507 2611 2556 illa
2632 2521 2741 2557 me·

1666 2588 1764 2636 lius
1802 2588 2176 2651 intelligerent,
2211 2584 2379 2634 veteri
2422 2591 2479 2633 et
2515 2585 2742 2648 genuina

1667 2664 1929 2726 scriptura
1952 2663 2190 2726 expulsa.
2259 2662 2327 2710 Et
2349 2660 2429 2708 11ae
2458 2674 2578 2708 cum
2615 2675 2743 2711 cura

1668 2742 1968 2804 legentibus
1991 2739 2283 2791 hominibus
2318 2737 2598 2802 ingeniosis
2618 2737 2745 2789 faci·

1665 2817 1713 2864 le
1737 2831 1792 2864 se
1817 2815 2038 2880 prodere
2063 2812 2485 2865 consueverunt.’
2519 2812 2744 2864 Schwa-

1664 2907 1783 2940 zius.

1732 2968 1884 3016 Pares
1909 2968 2113 3032 domini]
2148 2969 2281 3020 Item
2307 2969 2525 3019 nobiles.
2560 2970 2701 3035 Lips.

1732 3045 2074 3108 Receptacula]
2111 3048 2261 3097 Villae
2282 3057 2337 3097 et
2359 3047 2607 3111 praetoria
2620 3046 2743 3098 olim

1666 3121 1961 3172 illustrium.
2001 3123 2152 3172 Idem.
2463 3177 2466 3181 ,

1734 3196 1908 3260 Servo]
1946 3199 2049 3249 Qui
2072 3199 2274 3249 villicus
2293 3198 2362 3249 ibi
2384 3199 2467 3249 vel
2485 3205 2639 3251 actor
2654 3198 2744 3250 sit.

1670 3273 1822 3321 Idem.

1734 3352 1883 3399 Servo
1905 3351 2149 3415 teruntur]
2171 3350 2554 3415 Significantins
2572 3352 2743 3403 utitur

1668 3427 1873 3476 Plinius
1924 3429 2081 3476 verbo
2126 3433 2384 3486 terantur-5
2423 3442 2559 3488 cum,
2604 3427 2740 3479 Arn-

1670 3504 1840 3553 tzenio
1867 3504 1998 3553 bene
2022 3505 2343 3568 explicante,
2365 3506 2460 3554 teri
2480 3504 2741 3570 dicantur,

1670 3595 1785 3643 quae
1820 3589 2227 3643 corrumpuntur
2263 3589 2319 3631 et
2362 3580 2740 3644 absumuntnr3

1667 3657 1919 3720 sequioris
1967 3657 2270 3706 Latinitatis
2314 3665 2558 3708 auctores
2596 3659 2741 3709 dice·

1668 3742 1785 3782 rent
1818 3733 1833 3761 ‘
1859 3731 2285 3798 deteriorantur,’
2323 3734 2360 3783 i.
2388 3747 2437 3784 e.
2473 3734 2743 3786 deteriora

1667 3810 1814 3866 fiunt,
1843 3817 1933 3860 aut
1956 3811 2326 3860 detrimentum
2346 3809 2580 3876 capiunt.
2634 3812 2740 3865 Sed

1668 3896 1839 3951 potest
1861 3888 2074 3938 verbnm
2098 3888 2115 3916 ‘
2138 3896 2307 3938 terere
2323 3886 2338 3909 '
2362 3890 2517 3938 etism
2540 3891 2741 3956 simpli·

1669 3966 1806 4013 citer
1845 3979 1940 4029 per
1966 3973 1979 3994 ‘
2005 3965 2366 4031 frequentare’
2397 3967 2626 4030 exponi;
2660 3968 2740 4018 uti

1668 4040 1818 4098 infra,
1859 4055 1991 4091 mxv.
2034 4046 2085 4092 3.
2138 4050 2153 4072 ⁴
2176 4042 2550 4093 Inadscensum
2596 4044 2740 4094 illum

1667 4118 1924 4180 superbiae
1972 4119 2268 4183 principum
2316 4121 2482 4169 locum
2530 4119 2742 4171 terere.'

1667 4195 1909 4244 Sellium.

1734 4271 1883 4321 Servo
1908 4273 2155 4338 terantur]
2188 4271 2416 4324 Sublatis
2434 4274 2647 4338 optimis
2668 4276 2737 4328 ci·
