3060 4902
744 406 805 451 Ο.
856 404 1096 452 PLINll
1149 405 1480 454 ssscuhun
1533 408 1808 456 PANEG.

300 548 490 597 civium
516 546 833 596 mentionem
855 549 1198 610 praecessisse.
1223 550 1373 601 Idem.

370 626 472 673 Pro
493 626 647 674 natm
667 625 958 688 principum]
996 628 1099 676 Pro
1132 629 1285 677 salute
1304 628 1372 676 ci-

299 704 447 754 vium.
529 703 720 765 Inepta
764 703 941 764 lectio,
987 703 1244 766 quomodo
1289 713 1371 754 est

303 791 482 830 temen
507 781 556 829 iu
582 782 645 829 C.
664 780 729 829 G.
754 780 815 828 R.
870 781 948 829 Tu
968 780 1194 832 fidenter
1217 797 1282 831 ex
1304 782 1373 831 V.

295 874 386 922 pro
419 859 574 907 salute
588 858 858 922 principum
893 857 1144 906 rescribe.
1212 858 1371 907 Patet

302 937 371 984 de
411 936 756 991 correctione,
793 950 946 1000 quum
988 936 1186 993 subdit,
1228 937 1372 986 immo

297 1026 389 1074 pro
407 1014 561 1061 mute
580 1012 867 1075 principum,
888 1014 971 1074 qe.
1007 1011 1175 1061 Lirin.

369 1089 677 1153 Principum]
739 1088 950 1137 Cinium.
1019 1087 1112 1137 Ait
1166 1088 1368 1154 aliquis,

299 1167 534 1227 ineptam
576 1167 708 1214 hauc
748 1166 1018 1215 lectionem
1054 1180 1188 1221 esse,
1219 1174 1273 1215 et
1311 1166 1370 1215 fi·

301 1244 494 1292 denter
529 1243 916 1293 rescribendum
942 1242 1228 1306 princip-m.
1296 1241 1370 1292 At

301 1320 420 1368 mibi
446 1334 548 1369 nou
573 1319 786 1383 probat:
826 1328 883 1369 et
900 1328 1028 1383 puto
1046 1319 1271 1368 Plinium
1293 1319 1369 1367 di-

303 1411 444 1458 cere,
480 1397 674 1461 antiqui
717 1398 942 1446 instituti
968 1396 1145 1458 fuisse,
1166 1403 1224 1445 ut
1247 1404 1368 1446 vota

300 1487 398 1536 pro
417 1471 635 1536 imperio
652 1481 707 1522 et
731 1474 927 1523 civibus
950 1476 1368 1536 susciperentur;

300 1558 355 1600 nt
392 1564 530 1600 nunc
569 1565 664 1613 pro
699 1552 863 1600 salute
890 1550 1198 1615 principum.
1267 1552 1370 1600 Res

299 1642 426 1676 saue
463 1629 537 1676 ita
576 1626 694 1682 fuit,
728 1636 781 1676 et
817 1628 936 1677 olim
974 1630 1205 1677 consules
1246 1635 1370 1678 ‘vota

297 1703 688 1765 nuncupabant,
725 1712 782 1752 ut
808 1703 982 1752 Livius
1015 1703 1104 1754 lib.
1129 1718 1277 1754 xxu.
1298 1705 1369 1755 de

298 1779 571 1830 Varrone:
617 1787 631 1809 ⁶
662 1781 974 1845 Capitolium
1012 1791 1067 1832 et
1103 1783 1366 1832 solennem

301 1863 540 1905 votorum
613 1858 1053 1921 nuncupationem
1122 1856 1368 1922 fugisse.'

299 1933 438 1983 Quid
477 1939 652 1982 sutem
687 1934 780 1983 nisi
818 1949 912 1999 pro
939 1949 1049 1999 rep.
1071 1941 1125 1983 et
1148 1935 1367 1999 imperio

299 2011 352 2060 S.
375 2011 438 2059 Ρ.
461 2012 530 2063 Q.
553 2012 615 2060 R.
640 2011 659 2059 ἒ
692 2011 828 2074 Lips.

360 2087 670 2151 Principum]
721 2088 949 2150 Corrigit
985 2086 1201 2150 dictum,
1245 2089 1366 2153 quia

293 2164 368 2213 itti
398 2165 597 2227 priores
622 2165 688 2213 (le
713 2179 800 2214 sua
836 2166 1004 2214 salute
1036 2167 1365 2228 satagebant,

294 2242 465 2290 securi
493 2240 736 2305 publlcae.
771 2242 840 2291 Et
858 2241 1050 2306 alioqui
1071 2243 1230 2292 verba
1250 2244 1366 2306 ipsa

294 2327 445 2368 erent
469 2319 535 2366 de
564 2318 819 2382 principe.
883 2319 1051 2368 Tacit.
1075 2319 1261 2369 Annal.
1286 2334 1368 2370 ιν.

293 2396 310 2423 ⁴
332 2394 618 2444 Pontifices
638 2409 919 2460 eorumque
939 2397 1180 2459 exemplo
1204 2397 1364 2446 ceteri

293 2473 617 2535 sacerdotes,
680 2488 793 2522 cum
855 2488 949 2536 pro
1006 2475 1365 2524 incolumitate

296 2551 551 2616 principis
586 2558 705 2599 vota
746 2549 1100 2612 susciperent.'
1170 2552 1364 2601 Paulus

292 2627 734 2680 Jnrisconsultus:
771 2628 786 2654 ⁴
811 2626 941 2676 Post
976 2626 1243 2677 Kalendas
1275 2629 1368 2678 Ja-

295 2705 521 2765 nutrius,
543 2703 627 2752 die
650 2703 825 2763 tertio,
851 2716 946 2766 pro
979 2705 1148 2752 salute
1175 2704 1366 2766 princi·

296 2780 374 2843 pis
425 2786 542 2829 rota
584 2778 966 2843 suscipiuntur.'
1056 2780 1253 2830 Plinius
1312 2783 1363 2831 iu

298 2858 536 2922 Epistola
558 2857 620 2906 nd
639 2857 916 2920 Trajanum
937 2872 949 2902 ε
977 2858 992 2884 ⁴
1011 2857 1256 2906 Soleunia
1276 2874 1363 2907 vo·

297 2944 353 2983 ta
379 2949 473 2997 pro
498 2934 857 2982 incolumitate
896 2940 998 2988 tua,
1028 2948 1126 2997 qua
1153 2935 1363 2997 publica

295 3012 438 3061 salus
459 3013 777 3072 continetur,
813 3016 868 3058 et
904 3011 1238 3074 suscepimus,
1272 3011 1363 3062 do·

297 3088 458 3152 ruine,
496 3096 552 3137 et
595 3088 794 3152 pariter
832 3086 1111 3136 solvimuse
1162 3090 1362 3150 precati

295 3166 467 3223 Deos,
490 3173 546 3213 ut
568 3165 726 3213 velint
750 3178 812 3213 ea
835 3178 1043 3227 semper
1059 3165 1208 3228 solvi,
1230 3181 1364 3216 sem·

296 3255 498 3306 perque
523 3239 744 3303 signari-⁸
779 3242 926 3291 Idem.

364 3319 515 3367 Immo
553 3332 639 3381 pro
677 3320 852 3382 salute]
885 3318 1052 3367 Immo
1092 3318 1364 3382 ‘Caligula

293 3408 392 3444 non
413 3394 568 3444 modo
588 3409 683 3459 pro
706 3409 761 3443 se
781 3409 842 3444 ac
859 3394 1142 3457 republica,
1159 3393 1248 3443 sed
1272 3410 1364 3457 pro

296 3474 403 3522 suis
427 3472 584 3521 etiam
609 3470 868 3521 sororibus
894 3471 1191 3520 anulinum?
1255 3473 1364 3522 Dio

297 3550 384 3598 lib.
406 3562 569 3599 tvm.
606 3549 757 3597 Ber-n.

358 3627 465 3675 Pro
505 3623 702 3688 imperio
734 3621 918 3686 nostro]
953 3623 1221 3674 Gesnerus
1256 3639 1362 3673 ma·

297 3703 407 3751 vult
432 3703 628 3765 legere,
659 3715 748 3764 pro
771 3701 1052 3763 imperatore
1073 3708 1232 3751 nostro
1242 3717 1260 3759 ,⁰
1293 3704 1361 3753 nd

294 3778 429 3827 hunc
464 3777 603 3826 enim
647 3777 725 3826 ait
770 3777 1034 3839 pertinere
1070 3776 1362 3836 formulam,

292 3855 310 3884 ⁸
336 3856 379 3905 si
417 3856 552 3904 bene
571 3886 612 3902 ..
633 3854 896 3902 ,rexeris.'
965 3856 1127 3903 Putat
1160 3870 1365 3920 nempe,

292 3933 449 3984 facile
466 3940 592 3982 tunc
609 3944 837 3981 errorem
857 3932 1093 3982 accidere
1113 3935 1362 4000 potuisse,

294 4024 409 4062 cnm
446 4008 587 4060 forte
632 4010 817 4074 aliquis
862 4025 955 4074 per
999 4014 1359 4076 compendium

290 4088 568 4152 scripserit
604 4086 728 4149 Imp.
773 4089 906 4137 alter
945 4094 1118 4139 autem
1156 4091 1365 4141 ultimas

291 4166 471 4216 literas
492 4164 651 4229 hujus
674 4164 814 4213 vocis
843 4162 1125 4215 infeliciter
1155 4169 1364 4230 supple·

289 4242 440 4293 verit.
506 4239 686 4291 Testis
722 4246 803 4290 est
837 4238 1361 4307 Arntzenius,quam-

1887 410 1936 456 1.
1980 396 2091 461 67.
2383 399 2514 465 891

1449 551 1524 599 vis
1569 552 1680 615 ipse
1723 553 1883 602 etiam
1929 554 2187 618 vulgatum
2232 556 2510 607 lectionem

1447 628 1622 678 Plinio
1645 629 2007 695 vindicaverit,
2040 632 2277 682 similiter
2301 634 2513 684 Perizo-

1447 704 1585 752 ninm
1609 705 1817 769 legisse,
1836 721 1922 770 pro
1947 708 2253 771 Imperatore.
2306 709 2511 763 Admit-

1448 789 1611 830 terem
1636 790 1690 831 et
1713 798 1811 846 ego
1846 784 1979 833 lianc
2017 785 2310 843 lectionem,
2345 788 2385 837 si
2417 790 2509 853 qui

1444 857 1559 907 libri
1606 866 1931 921 annuereut3
1984 861 2109 910 alins
2148 877 2249 913 non
2294 879 2509 916 necesse

1444 941 1547 995 est,
1573 941 1627 983 ut
1651 935 1716 985 de
1734 938 2021 986 mutatione
2035 939 2343 1002 cogitemus.
2406 942 2514 991 Pro

1443 1011 1638 1075 imperio
1672 1018 1850 1073 nostro,
1878 1013 1910 1064 i.
1936 1027 1982 1061 e.
2020 1029 2115 1078 pro
2155 1016 2372 1078 imperio
2402 1017 2511 1068 Ro-

1444 1102 1615 1137 mano.
1680 1090 1895 1140 Poterat
1920 1092 2073 1140 etiam
2107 1094 2412 1143 senatoriis
2436 1096 2512 1146 lo-

1444 1165 1550 1229 qui,
1577 1174 1635 1215 ut
1667 1181 1730 1215 ne
1755 1174 1927 1217 tamen
1955 1169 2052 1218 sibi
2086 1170 2391 1234 senatuique
2415 1172 2509 1221 im·

1445 1244 1644 1306 perium
1667 1245 1892 1294 tribuere
1911 1246 2192 1296 rideretur.
2260 1248 2346 1296 Sic
2372 1247 2512 1299 idem

1444 1320 1645 1370 Plinius
1677 1332 1870 1383 noster,
1892 1324 1989 1373 sub
2011 1324 2215 1374 initium
2238 1324 2384 1388 hujus
2406 1326 2512 1375 Pn-

1444 1410 1563 1460 ueg.
1597 1411 1637 1446 1.
1673 1403 1722 1448 6.
1756 1401 1773 1426 ⁸
1798 1398 1990 1463 Aptum
2032 1401 2276 1465 piumque
2311 1410 2413 1464 est,
2437 1410 2510 1459 te,

1443 1472 1655 1535 Jupiter
1676 1475 1877 1537 optime
1893 1477 2136 1537 maxime,
2159 1485 2311 1526 autea
2335 1479 2512 1528 condi-

1445 1558 1628 1606 torem,
1667 1566 1804 1602 nunc
1844 1561 2257 1603 conservatorem
2306 1555 2511 1616 imperii

1442 1630 1624 1685 nostri,
1652 1630 1890 1693 precari?
1946 1643 2063 1679 xvi.
2086 1634 2135 1678 4.
2187 1631 2204 1659 ‘
2229 1632 2510 1682 Contemtu

1441 1707 1644 1772 imperii
1669 1708 1831 1755 nostri
1857 1706 2047 1757 factum
2073 1716 2174 1771 est,
2194 1715 2250 1757 ut
2276 1707 2508 1756 vincere-

1442 1784 1590 1834 mus?
1659 1787 1725 1834 Et
1774 1785 1896 1834 alibi
1944 1787 2151 1847 passim.
2219 1785 2339 1834 Huc
2382 1798 2507 1835 saue

1442 1861 1672 1924 pertinet
1705 1861 1923 1914 formula
1950 1862 2069 1918 ista,
2094 1865 2108 1889 ‘
2133 1861 2186 1911 Si
2220 1861 2351 1909 bene
2374 1877 2509 1912 rem·

1444 1940 1700 2002 publicam
1722 1946 1777 1989 et
1801 1955 1864 1988 ex
1882 1940 2113 1988 utilitate
2132 1940 2375 1993 omnium,
2393 1951 2509 1988 rex-

1440 2016 1576 2066 eris)
1643 2019 1849 2080 Nempe
1873 2017 2076 2067 Plinius
2098 2015 2395 2079 significare
2422 2031 2509 2065 vo·

1441 2094 1557 2155 luit,
1596 2109 1710 2142 cum
1735 2093 1987 2157 Trajanus
2008 2094 2243 2156 jusserit,
2266 2102 2387 2140 vota
2412 2107 2509 2155 pro

1440 2184 1496 2218 se
1522 2183 1623 2218 nou
1656 2169 1754 2218 nisi
1792 2184 1904 2218 cum
1944 2169 2243 2218 conditione
2280 2168 2390 2216 fieri
2418 2169 2508 2217 ‹le-

1442 2245 1590 2308 bere,
1620 2247 1636 2273 ‘
1673 2247 1712 2292 si
1754 2245 1884 2294 bene
1931 2245 2320 2308 rempublicam,
2361 2245 2400 2292 si
2439 2254 2508 2293 ex

1442 2323 1669 2370 utilitate
1704 2321 1946 2382 omnium,
1986 2320 2241 2380 rexerim·
2293 2335 2355 2368 eo
2391 2321 2508 2383 ipso

1443 2409 1563 2449 vota
1589 2401 1675 2447 illa
1702 2401 1857 2462 magis
1876 2400 2094 2447 salutem
2112 2398 2507 2462 imperii‚quam

1442 2477 1783 2539 imperatoris,
1821 2478 2113 2540 respicere;
2146 2490 2261 2524 cum
2297 2477 2372 2523 sic
2407 2474 2511 2524 sub

1441 2556 1608 2603 salute
1644 2554 1848 2617 imperii
1880 2551 2407 2616 comprehenderetur
2427 2566 2506 2599 sa·

1441 2633 1517 2680 lus
1544 2632 1807 2694 principis.
1876 2630 1990 2679 Etsi
2031 2644 2153 2678 vero
2183 2636 2308 2678 tunc
2332 2642 2393 2676 ea
2420 2642 2507 2676 vo·

1443 2716 1494 2756 ta
1532 2709 1627 2770 sic,
1663 2708 1739 2758 nti
1788 2707 1990 2756 Plinius
2035 2705 2212 2760 tradit,
2248 2714 2507 2768 concepta

1439 2784 1597 2834 fnisse
1635 2783 1925 2846 credamus,
1958 2791 2115 2847 atque
2156 2782 2508 2845 recordemur,

1437 2863 1653 2912 Sueton.
1694 2876 1813 2925 cap.
1837 2866 1919 2911 3⁷.
1956 2860 2152 2910 Neroni
2192 2859 2244 2908 in
2278 2857 2506 2907 deterio-

1440 2953 1547 2987 rem
1575 2946 1774 3003 partem
1798 2938 2198 3001 interpretatum
2222 2951 2355 2997 esse,
2371 2934 2507 2999 quod

1440 3017 1481 3065 is
1505 3016 1556 3064 in
1585 3015 1899 3080 auspicando
1925 3029 2084 3077 opere
2114 3012 2280 3061 isthmi
2306 3013 2504 3074 optarit

1440 3092 1454 3121 ‘
1480 3100 1536 3140 ut
1562 3092 1658 3141 sibi
1686 3106 1747 3140 ac
1772 3091 1964 3154 populo
2002 3091 2229 3137 Romano
2266 3089 2396 3136 bene
2422 3102 2506 3136 res

1441 3167 1709 3230 verteret,'
1743 3167 2061 3215 dissimulata
2085 3171 2294 3213 senatus
2320 3163 2508 3211 menti·

1440 3260 1571 3305 oue;
1607 3245 1763 3294 nihilo
1800 3246 1968 3293 minus
1993 3252 2166 3291 tamen
2194 3242 2272 3289 vel
2306 3256 2368 3288 ex
2395 3241 2505 3304 ipso

1442 3321 1614 3369 Plinio
1632 3321 1984 3382 intelligimus,
2000 3333 2247 3367 summam
2270 3325 2507 3365 votorum

1442 3399 1780 3461 publicorum,
1817 3410 1931 3459 quas
1974 3395 2071 3442 alia
2111 3395 2385 3442 occa-tione
2410 3392 2505 3440 sub

1441 3475 1539 3522 hoc
1557 3473 1863 3536 imperatore
1878 3477 2171 3531 nuncupata
2190 3478 2329 3531 suut,
2344 3468 2508 3518 fuisse¹

1440 3563 1608 3612 eque,
1626 3563 1685 3598 ac
1704 3549 1797 3595 sub
1822 3547 1934 3595 aliis
1958 3546 2379 3608 imperatoribus,
2394 3547 2409 3571 ⁶
2430 3559 2513 3593 sa·-

1439 3626 1597 3674 lutem
1638 3624 1889 3687 principis
1910 3639 1923 3684 ;
1942 3622 1954 3644 ⁹
1992 3638 2037 3670 v.
2062 3638 2110 3685 g.
2136 3636 2309 3684 supra,
2334 3634 2507 3670 xxttt.

1440 3708 1487 3752 6.
1541 3710 1553 3730 ⁸
1581 3702 1652 3750 Ut
1685 3702 1731 3748 iu
1766 3701 1913 3747 unius
1937 3703 2153 3748 salutem
2179 3699 2366 3747 collata
2397 3714 2507 3748 om·

1438 3778 1576 3826 nium
1603 3784 1755 3837 vots;
1791 3790 1904 3825 cum
1931 3776 2024 3824 sibi
2046 3789 2100 3823 se
2126 3790 2184 3823 ac
2204 3774 2379 3823 liberis
2400 3774 2507 3822 suis

1438 3854 1792 3915 intelligerent
1821 3852 2042 3914 precari,
2063 3864 2175 3913 qum
2200 3864 2291 3911 pro
2319 3857 2369 3896 te
2387 3863 2507 3913 pre-

1438 3933 1724 3985 carentur!
1780 3930 1944 3985 Infra,
1970 3943 2122 3979 xctv.
2144 3933 2193 3978 ⁶2.
2231 3936 2245 3958 ⁸
2267 3928 2503 3990 Simplex

1437 4019 1732 4073 cunctaque
1754 4009 1853 4057 ista
1878 4008 2203 4070 complexum
2227 4020 2379 4054 uuum
2398 4020 2505 4054 om-

1439 4089 1579 4138 nium
1637 4093 1811 4134 votum
1866 4092 1968 4145 est,
2025 4083 2158 4130 salus
2208 4082 2505 4144 principis.¹

1441 4165 1611 4229 Epist.
1634 4176 1687 4211 x.
1712 4164 1825 4209 1⁰1.
1876 4161 1892 4189 ⁴
1920 4160 2079 4220 Vota,
2102 4159 2329 4215 domine,
2364 4159 2502 4220 prio·

1440 4255 1550 4290 rum
1588 4250 1832 4289 annorum
1863 4242 2160 4299 nuncupata
2190 4236 2384 4285 alacres
2414 4236 2507 4286 laee
