3060 4902
556 361 686 428 866

555 538 640 574 res
661 521 784 571 satis
815 517 1116 583 frequenter
1138 515 1459 580 usurparint;
1494 528 1612 564 nus·

558 613 709 667 quam
735 607 923 650 tamen.
938 604 1181 659 quantum
1199 595 1347 642 nobis
1363 593 1475 656 jam
1495 605 1614 641 con·

555 686 682 741 stat,
722 677 875 726 aliam
921 675 971 723 ei
1014 675 1271 722 notionem
1326 672 1617 734 subjecere,

560 770 711 823 quam
750 761 809 804 ut
844 753 978 801 idem
1018 752 1231 806 valeret,
1254 748 1388 813 quod
1415 745 1614 810 ‘scite,'

555 837 573 864 ⁸
595 832 795 898 perite‚’
831 838 886 880 et
925 831 938 857 ‘
961 844 1022 878 ex
1068 827 1214 878 arte.'
1281 828 1366 875 Sic
1405 826 1513 874 Cic.
1549 824 1615 872 de

562 911 714 961 Orat.
759 923 826 958 ιι.
857 912 907 958 2.
947 909 962 934 ‘
984 906 1127 954 Bene
1173 901 1382 957 dicere,’
1428 901 1616 963 inquit,

557 986 725 1053 ‘quod
751 993 848 1047 est,
884 981 1125 1043 scienter,
1149 989 1202 1031 et
1227 982 1412 1044 perite,
1448 988 1503 1026 et
1540 992 1617 1026 or·

560 1072 701 1120 nate,
739 1060 946 1112 dicere!
1026 1062 1092 1110 Et
1136 1060 1311 1121 Nepos
1354 1058 1406 1106 in
1454 1053 1615 1106 Praef.

562 1152 578 1174 ⁸
600 1137 863 1203 Saltasse,’
902 1138 1088 1203 inquit,
1128 1137 1141 1163 ‘
1172 1149 1286 1184 eum
1334 1132 1620 1195 commode,

566 1220 894 1281 scienterque
917 1214 1060 1264 tibiis
1080 1211 1352 1263 cantasse!
1401 1212 1469 1260 Et
1490 1212 1618 1260 Sue-

564 1301 673 1347 ton.
698 1296 861 1358 Vesp.
883 1307 996 1356 cap.
1037 1296 1084 1341 3.
1124 1295 1139 1319 ⁴
1163 1292 1264 1342 Qui
1300 1295 1536 1339 cautaret
1565 1294 1620 1336 et

570 1373 817 1436 psalleret
835 1367 1067 1433 jucunde
1106 1365 1471 1430 scienterque!
1525 1363 1620 1412 Cui

566 1461 692 1510 ergo
713 1448 824 1497 baec
857 1461 959 1495 non
999 1445 1339 1508 suspicionem
1379 1439 1619 1501 afferant,

566 1524 786 1575 fortasse
812 1522 1111 1571 adverbium
1149 1522 1368 1582 scienter,
1390 1533 1483 1581 pro
1507 1531 1620 1578 par·

568 1601 750 1665 ticipio
770 1601 938 1656 sciens,
962 1599 1024 1648 ab
1060 1598 1298 1660 imperito
1339 1597 1621 1659 glossatore

569 1679 679 1727 sive
705 1679 988 1740 interprete
1027 1671 1318 1739 profectum
1344 1673 1494 1720 esse?
1529 1671 1624 1720 Ut·

570 1765 773 1818 cunque
797 1767 920 1802 vero
958 1762 1056 1811 est,
1100 1766 1213 1800 cum
1245 1755 1314 1799 tie
1340 1751 1494 1798 ullum
1518 1750 1623 1813 qui·

569 1832 688 1881 dem
711 1831 866 1879 variae
889 1829 1120 1878 lectionis
1145 1827 1417 1889 vestigium
1455 1827 1505 1873 iu
1529 1826 1626 1874 hac

571 1917 703 1957 'voce
725 1905 987 1970 hucusque
1029 1902 1305 1953 ostendant
1327 1901 1504 1963 scripti
1536 1901 1625 1948 im·

565 1986 831 2050 pressique
856 1983 970 2032 libri
996 1997 1009 2039 3
1044 1980 1259 2043 agedum
1280 1977 1627 2040 relinquamus

575 2062 741 2113 adhuc
779 2061 954 2110 Plinio
987 2059 1083 2107 boc
1125 2057 1292 2119 ipsum
1328 2053 1627 2102 adverbium

573 2139 794 2201 scienter,
814 2139 866 2187 iu
891 2135 1192 2200 primigenio
1218 2139 1270 2181 et
1296 2131 1504 2195 proprio
1526 2131 1628 2193 sig·

573 2218 788 2269 nificatu
812 2224 826 2246 ⁸
844 2215 1039 2266 sciendi
1058 2213 1070 2233 ’
1095 2211 1522 2275 positum,ueque
1550 2224 1629 2256 so·

578 2295 631 2346 ia
656 2294 879 2356 exempli
907 2292 1136 2349 raritate,
1156 2295 1268 2351 aut,
1291 2296 1349 2337 ut
1373 2300 1486 2336 cum
1504 2285 1632 2335 Ter·

578 2374 799 2423 tuiliano
819 2372 1016 2434 loquar,
1042 2364 1407 2428 singularitate,
1430 2376 1631 2426 permo-

575 2464 799 2508 veamur‚
822 2456 878 2496 ut
904 2447 954 2494 in
980 2445 1274 2508 ejuslocum
1300 2438 1632 2505 participium

578 2526 816 2576 usitatius
852 2521 1060 2569 aliunde
1097 2520 1423 2581 cooptemus!
1463 2516 1544 2564 An
1582 2530 1633 2563 e-

575 2603 680 2652 nim
704 2599 989 2650 inauditum
1028 2604 1125 2652 est,
1164 2594 1367 2659 aliquod
1396 2593 1634 2642 adverbi-

577 2691 664 2727 um
688 2677 810 2725 duas
835 2675 1090 2722 sustinere
1113 2671 1550 2734 significationes?
1580 2671 1634 2719 Si

577 2751 910 2818 participium
922 2751 1070 2799 sciens
1089 2748 1345 2812 duplicem
1371 2737 1526 2798 babet
1549 2763 1637 2810 po-

578 2835 842 2890 testatem,
866 2826 989 2890 quid
1027 2827 1076 2875 ni
1101 2833 1154 2874 et
1180 2824 1471 2873 adverbium
1518 2824 1637 2873 iude

581 2907 870 2957 derivatum
892 2906 910 2954 ‚³
946 2903 1111 2952 Sciens
1130 2909 1300 2951 autem
1319 2903 1526 2964 proprie
1552 2916 1638 2949 no-

584 2993 664 3035 tat
687 2998 825 3043 eum,
843 2982 932 3047 qui
957 2982 1077 3041 scit,
1104 2987 1191 3029 aut
1216 2978 1637 3041 cognominum

583 3069 639 3113 et
660 3061 745 3127 qui
766 3060 830 3110 de
850 3059 1098 3108 industria
1115 3063 1168 3105 et
1186 3058 1422 3106 consulto
1446 3054 1639 3118 aliquid

582 3139 697 3198 ait;
729 3154 779 3186 v.
809 3152 857 3198 g.
891 3136 1105 3185 Terent.
1132 3133 1325 3181 Heaut.
1360 3145 1437 3180 lv.
1478 3137 1525 3179 8.
1561 3134 1641 3180 33.

584 3217 599 3244 ⁸
617 3217 690 3264 Te
724 3215 921 3263 sciente
957 3210 1164 3272 faciam,
1187 3210 1431 3273 quidquid
1456 3205 1641 3271 egero.’

587 3293 699 3342 Cic.
724 3305 816 3352 pro
843 3289 1044 3338 Cluent.
1066 3302 1112 3336 c.
1147 3291 1229 3337 46.
1266 3288 1281 3314 ‘
1304 3286 1556 3345 Habebit,
1590 3290 1643 3333 te

587 3368 785 3417 sciente
809 3373 862 3414 et
901 3365 1131 3426 vidente,
1170 3365 1312 3413 curia
1351 3372 1643 3411 senatorem

586 3445 695 3493 siue
715 3442 997 3506 ignominia
1013 3440 1356 3504 quemquam,'
1373 3444 1471 3489 &m
1497 3436 1644 3489 Idem

586 3534 684 3584 pro
706 3519 858 3568 Rosc.
893 3518 1065 3566 Amer.
1085 3530 1132 3567 c.
1156 3521 1236 3566 20.
1258 3520 1274 3545 ⁸
1292 3516 1491 3580 Aperte
1514 3515 1647 3564 ludi·

588 3595 733 3645 ficari
757 3602 812 3642 et
847 3594 1144 3642 calumniari
1168 3594 1334 3641 sciens
1372 3608 1471 3641 nou
1505 3592 1648 3641 vide·

591 3671 712 3722 tur.’
765 3669 970 3728 Deinde
989 3668 1141 3718 sciens
1164 3669 1318 3717 etiam
1344 3670 1539 3718 dicitur
1561 3683 1647 3733 pe·

592 3749 741 3811 ritus,
767 3755 820 3795 et
851 3753 966 3795 arte
1003 3758 1093 3793 sua
1131 3744 1434 3805 instructus,
1472 3745 1647 3794 babet·

592 3840 694 3892 que
718 3840 833 3874 suos
859 3821 1047 3886 gradus
1065 3824 1082 3851 ‘
1106 3824 1384 3885 scientior:
1425 3833 1480 3873 et
1515 3826 1529 3853 ‘
1553 3825 1650 3874 sei·

593 3901 922 3954 entissimus.'
989 3899 1202 3949 Sallust.
1225 3900 1345 3963 Jug.
1364 3905 1504 3950 e.8⁵.
1525 3909 1542 3930 ⁸
1563 3915 1653 3949 ex-

594 3983 785 4032 ercitus
806 3982 1037 4030 iocorum
1070 3976 1278 4038 sciens,'
1314 3979 1346 4026 i.
1366 3992 1414 4026 e.
1438 3978 1654 4042 peritus.

595 4062 713 4110 Cic.
737 4073 828 4122 pro
855 4058 993 4121 Lege
1017 4057 1200 4105 Manil.
1233 4069 1350 4120 cap.
1376 4060 1452 4106 10.
1487 4055 1502 4083 ⁸
1524 4054 1652 4105 Quis

596 4136 855 4200 Pompeio
878 4133 1124 4184 scientior
1147 4146 1366 4197 unquam
1392 4130 1489 4181 fuit
1504 4130 1543 4180 ?'
1575 4131 1652 4180 Si·

591 4212 791 4262 'miiiter
828 4212 880 4261 in
923 4210 1172 4261 adverbio
1203 4210 1490 4274 composito
1545 4208 1561 4234 ‘
1578 4208 1652 4257 in·

1241 366 1457 420 No‘rAE
1504 363 1911 416 VAmoRuat
1962 366 2036 416 tt<

1689 511 1949 570 scienter:
1971 510 2109 577 quod
2147 515 2387 576 tanqu-tn
2410 511 2655 562 Mrem
2671 505 2743 574 τᾷ*

1685 592 1888 640 scienter
1909 587 2209 653 opponitur,
2231 589 2425 651 duplex
2463 589 2629 638 baeret
2654 603 2738 637 no-

1688 669 1780 718 tio.
1859 666 2154 730 Aliquando
2198 666 2410 715 denotat
2456 668 2741 729 simplicem

1689 744 1969 794 absentiam
2005 742 2260 803 scientie,
2280 743 2313 791 i.
2337 756 2388 792 e.
2412 757 2477 792 ex
2509 744 2742 805 ignoran-

1690 823 1782 882 tis,
1806 835 1870 870 ex
1889 820 2187 879 inscientia3
2222 832 2272 867 v.
2299 831 2347 882 g.
2373 818 2510 883 apud
2531 821 2641 870 Liv.
2654 820 2740 869 lib.

1688 911 1821 947 xxv.
1843 911 1891 948 c.
1909 899 1989 945 to.
2013 897 2028 924 ⁸
2048 895 2318 944 Terrorem
2342 902 2399 945 et
2419 896 2547 946 tuba
2569 896 2744 944 audita

1690 988 1754 1022 ex
1780 974 1983 1023 theatro
2003 971 2226 1021 faciebat
2248 989 2263 1034 ς
2297 986 2413 1020 nam
2438 981 2493 1022 et
2518 974 2747 1024 Romana

1691 1057 1803 1100 erat
1825 1065 1854 1099 a
1868 1049 2220 1112 proditoribus
2238 1057 2438 1112 parata,
2453 1056 2507 1098 et
2526 1050 2749 1099 inscien-

1694 1135 1774 1177 ter
1794 1126 1884 1192 (ex
1912 1124 2221 1188 ignorantia)
2252 1140 2282 1175 a
2312 1125 2503 1175 Groeeo
2536 1124 2750 1184 inflata,’

1692 1206 1790 1252 διο.
1827 1203 1896 1252 At
1909 1209 2056 1252 notat
2073 1208 2087 1230 ‘
2105 1201 2386 1251 inscienter
2401 1202 2415 1224 ⁹
2428 1203 2582 1251 etiam
2600 1203 2750 1250 insei-

1695 1289 1766 1341 te,
1789 1280 2047 1343 imperite,
2062 1286 2115 1328 et
2130 1293 2195 1329 ex
2220 1279 2443 1329 inscitia.
2487 1280 2625 1328 Vide
2642 1280 2752 1329 Cic.

1692 1358 1871 1421 Topic.
1895 1369 2010 1421 cap.
2036 1361 2085 1406 8.
2109 1364 2162 1404 et
2187 1356 2349 1405 Acad.
2370 1357 2574 1408 Quaest.
2600 1370 2677 1405 1v.
2697 1361 2751 1407 6.

1696 1433 1835 1486 Quid
1864 1435 1913 1483 ni
1939 1433 2049 1496 pari
2073 1434 2272 1482 ratione
2307 1433 2609 1502 adverbium
2633 1434 2751 1482 sim·

1697 1512 1818 1574 piex
1859 1511 2082 1571 scienter,
2118 1509 2254 1575 quod
2296 1509 2436 1573 apud
2480 1511 2608 1559 aiios
2648 1510 2754 1559 fre·

1699 1598 1918 1654 quenter
1959 1596 2107 1638 notat
2154 1592 2171 1617 ‘
2201 1587 2403 1651 perite:
2450 1589 2756 1653 ‘aciteqne,'

1700 1667 1834 1729 apud
1861 1666 2080 1714 Plinium
2117 1664 2271 1712 etiam
2298 1662 2602 1725 significare
2638 1679 2755 1729 pos·

1701 1743 1787 1804 sit,
1820 1744 1837 1771 ³
1856 1755 1919 1790 ex
1944 1742 2182 1801 seientia,
2202 1747 2256 1790 et
2270 1741 2522 1798 consillo‚'
2542 1743 2675 1792 adeo
2696 1750 2756 1792 nt

1702 1832 1907 1882 prorsus
1924 1818 2059 1867 idem
2078 1817 2142 1867 sit
2164 1819 2470 1879 scieasfallo,
2485 1827 2540 1867 et
2556 1820 2759 1869 scienter

1689 1898 1846 1960 sallo?
1904 1897 2015 1947 Etsi
2036 1898 2192 1960 igitur
2210 1895 2365 1946 facile
2381 1897 2597 1960 largior,
2623 1896 2758 1961 qnod

1693 1978 1801 2040 jam
1838 1989 1992 2038 supra
2034 1975 2100 2023 de
2136 1976 2297 2023 verbo
2333 1973 2584 2038 ‘preivi'
2629 1975 2760 2035 dist,

1701 2052 1755 2101 id
1800 2053 1953 2100 etism
2002 2051 2102 2100 linc
2153 2049 2531 2100 accommodari
2580 2062 2762 2113 posse;

1703 2141 1887 2191 nempe
1904 2128 2154 2176 neminem
2165 2125 2321 2175 facile
2337 2126 2594 2174 maculam
2609 2137 2765 2189 quan-

1703 2205 1818 2253 dam
1847 2203 2209 2268 adspersurum
2235 2203 2455 2252 orationi
2482 2202 2766 2262 Pliniana,

1704 2281 1747 2331 si
1783 2281 1894 2346 quis
1930 2294 1994 2330 ex
2033 2280 2265 2329 formulis
2300 2279 2599 2328 solennibus
2625 2293 2765 2329 assu-

1704 2367 1809 2407 mat
1849 2358 2174 2421 participium
2209 2357 2360 2406 sciens
2397 2369 2491 2418 pro
2525 2356 2765 2415 acie-ter,-

1708 2434 2105 2486 reclamantibus
2139 2442 2309 2483 tamen
2341 2433 2581 2483 omnibns
2604 2433 2766 2483 omni·

1707 2526 1774 2562 no
1811 2512 2206 2576 exemplaribus,
2240 2520 2357 2575 qnae
2390 2513 2658 2575 bucusque
2694 2512 2767 2559 iu·

1709 2597 2007 2645 notuerunt,
2031 2588 2188 2637 nolim
2213 2585 2513 2636 adverbium
2542 2587 2769 2648 scienter,

1710 2666 1791 2715 cui
1815 2675 2070 2730 praeterea
2095 2673 2198 2714 tam
2225 2673 2409 2728 aperte
2429 2662 2573 2713 favet
2596 2665 2769 2714 analo·

1712 2744 1797 2806 gia
1830 2743 2178 2806 grammatica,
2215 2753 2283 2789 ex
2315 2742 2411 2790 boc
2446 2740 2565 2790 loco
2601 2754 2767 2791 remo-

1714 2832 1850 2865 vere.
1916 2819 2152 2866 Removit
2189 2825 2377 2873 tamen.
2407 2823 2463 2866 et
2496 2829 2616 2867 cum
2642 2828 2768 2868 voce

1711 2896 1862 2943 sciens
1915 2895 2251 2943 commutavit
2304 2903 2432 2942 uuus
2479 2893 2770 2955 Gesnerus,

1715 2972 1800 3035 qui
1827 2985 1946 3018 vero
1973 2970 2189 3032 fallitur,
2223 2970 2342 3019 dum
2380 2969 2551 3019 eredit
2585 2972 2769 3020 saltem

1715 3050 1990 3112 plerosque
2016 3047 2171 3098 libros
2189 3048 2314 3096 iliud
2339 3046 2544 3097 scienter
2562 3048 2775 3109 babere,

1716 3140 1830 3175 eum
1867 3138 2042 3174 ornnes
2079 3126 2284 3175 omnino
2318 3125 2577 3185 babeant3
2626 3126 2771 3183 item·

1718 3217 1814 3266 que
1830 3203 1941 3265 jam
1965 3201 2282 3252 Gronovium
2308 3202 2443 3251 idem
2467 3202 2771 3251 adverbium

1718 3280 1985 3343 rejecisse,
2040 3293 2153 3329 cum
2199 3279 2239 3328 is
2285 3278 2381 3328 boc
2423 3290 2489 3327 ne
2539 3280 2774 3341 attigerit

1719 3359 1945 3422 quidem,
1983 3357 2213 3421 quamvis
2254 3370 2349 3420 pro
2385 3355 2547 3404 verbo
2587 3355 2772 3418 prde-

1719 3437 1780 3494 it,
1823 3433 2212 3484 rescribendum
2258 3431 2521 3483 censuerit
2566 3432 2775 3497 preivit.

1720 3512 1979 3560 Schwart-

1787 3588 2000 3637 Deorum
2022 3587 2109 3636 irae
2133 3583 2448 3647 consecraret]
2476 3583 2527 3633 1.
2550 3599 2601 3635 e.
2625 3585 2777 3633 deva·

1723 3672 1889 3714 veret.
1957 3665 2164 3716 Scilicet
2197 3664 2305 3711 hec
2340 3662 2509 3711 altera
2534 3677 2655 3726 pars
2677 3676 2776 3710 orn-

1722 3742 1800 3791 nis
1812 3739 2280 3805 jurisjurandiest,
2311 3745 2368 3787 ut
2392 3739 2524 3788 ultio
2547 3738 2775 3801 perfidie

1725 3827 1781 3867 et
1796 3818 2010 3882 perjurii
2031 3822 2287 3879 poscatur·
2319 3815 2408 3864 Sic
2424 3815 2572 3864 Plut.
2584 3815 2776 3866 Quasi.

1730 3896 1877 3944 Rom.
1897 3898 1981 3943 44.
2021 3893 2122 3943 niis
2143 3890 2279 3953 ὅρκος
2299 3891 2364 3940 ets
2384 3888 2599 3953 κατάρα
2615 3899 2773 3939 πλευ-

1725 3974 1791 4037 τᾷ
1802 3972 1889 4030 τῆς
1910 3969 2159 4033 ἐπιορκίας,
2182 3972 2217 4019 i.
2232 3983 2280 4018 e.
2300 3969 2778 4030 emejus-sinnada·

1726 4049 1778 4097 in
1796 4049 1928 4097 dirus
1941 4047 2136 4108 desiuit,
2148 4046 2191 4095 ss·
2206 4045 2313 4111 quis
2324 4045 2627 4109 peieraret-it.
2664 4044 2777 4093 Huc

1729 4126 1958 4190 pertinet
1977 4126 2065 4174 illa
2084 4122 2301 4174 formula
2317 4122 2458 4186 apud
2476 4123 2650 4173 Plant.
2668 4123 2781 4171 Aa·

1729 4196 1888 4269 pbitr.
1908 4217 1998 4254 ιιι.
2021 4207 2071 4253 2.
2088 4206 2171 4253 52.
2199 4204 2214 4231 ⁸
2234 4200 2297 4251 Id
2321 4213 2422 4265 ego
2444 4202 2488 4251 si
2508 4198 2654 4257 fallo.
2675 4207 2777 4248 tum
