3060 4902
777 401 839 449 c.
891 399 1130 450 emim
1178 401 1508 454 saeuum
1564 409 1829 461 enno.
1909 413 1955 461 1.
1985 398 2093 463 64.

338 545 412 596 te,
451 552 654 590 summe
686 541 917 607 Jupiter,
952 559 1147 609 quaeso,
1184 547 1399 613 Amphi·

337 619 513 668 truoni
539 628 597 668 ut
621 633 829 681 semper
850 622 1012 670 iratus
1037 623 1175 672 sies-⁹
1240 623 1397 688 Apud

339 694 454 744 Liv.
490 710 530 744 ι.
562 699 647 745 24.
690 697 781 745 ‘Si
817 698 879 745 Ρ.
916 699 977 746 R.
1020 699 1159 762 prior
1197 700 1400 750 defexit

339 761 552 835 publico
587 774 822 838 consilio,
857 772 976 822 dolo
1015 777 1180 837 malo,
1219 786 1273 826 tn
1310 779 1398 828 illo

337 849 689 912 die,Jupiter,
725 852 970 913 populum
1006 852 1287 902 Romanum
1322 855 1397 905 sic

335 922 510 984 ferito,
535 933 590 973 ut
614 939 712 988 ego
744 928 878 975 hunc
910 942 1118 990 porcum
1141 931 1223 980 bic
1245 931 1396 981 hodie

335 997 539 1062 seriam,
568 1011 817 1065 tantoque
847 1004 1012 1065 magis
1040 1002 1212 1065 ferito,
1238 1021 1395 1070 quan·

337 1084 394 1126 to
438 1080 601 1140 magis
654 1088 820 1143 potes,
866 1081 1171 1144 pollesque.'
1237 1084 1393 1148 Apud

336 1153 490 1205 eund.
515 1167 641 1204 ιιι.
661 1159 744 1204 46.
778 1157 795 1182 ⁸
821 1156 1023 1217 Aguum
1060 1159 1188 1207 laeva
1223 1175 1395 1228 mann,

332 1229 555 1281 dextera
588 1232 803 1287 silicem,
829 1234 1077 1289 retinens,
1101 1235 1144 1282 si
1169 1234 1396 1299 falleret,

332 1306 543 1368 Jovem,
558 1317 864 1372 ceterosque
882 1319 1123 1372 precatus
1139 1312 1301 1374 Deos,
1318 1314 1395 1363 ita

331 1398 389 1433 se
407 1393 716 1441 mactarent,
731 1385 1162 1449 quemadmodum
1180 1387 1287 1450 ipse
1307 1405 1392 1452 sg-

329 1471 453 1510 num
477 1469 778 1511 mactasset.
821 1462 1114 1512 Secundum
1139 1467 1393 1527 precatio·

333 1550 449 1588 nem
468 1547 631 1604 caput
651 1540 862 1602 pecudis
885 1555 1008 1590 saxo
1044 1542 1219 1591 elisit.'
1256 1543 1391 1594 Vide

328 1615 488 1666 Grot.
528 1616 593 1666 de
631 1617 759 1668 Jure
800 1617 864 1666 Β.
902 1627 956 1666 et
995 1619 1056 1667 P.
1096 1633 1161 1668 ιι.
1198 1623 1277 1670 13.
1314 1626 1393 1671 10.

331 1691 592 1743 Quoniam
626 1693 786 1757 igitur
818 1693 968 1742 honio
1004 1697 1219 1746 violator
1230 1699 1390 1762 juris-

322 1768 540 1831 jurandi
564 1769 916 1820 devovebatur
944 1773 1054 1821 Deo
1078 1773 1141 1821 ad
1169 1788 1391 1839 poenam,

328 1847 372 1893 is
409 1845 425 1874 ‘
445 1845 626 1894 sacer'
659 1845 961 1905 habebatur,
996 1857 1052 1899 ut
1091 1857 1105 1877 ‘
1126 1851 1275 1914 cnjus
1303 1868 1386 1903 ca·

329 1929 425 1986 pot
444 1922 566 1973 Jovi
591 1938 792 1973 sacrum
817 1926 987 1975 essen·
1057 1927 1168 1976 Liv.
1192 1943 1281 1978 ιιι.
1306 1937 1386 1981 55.

320 1999 416 2049 Sic
452 2001 468 2028 ‘
488 2001 716 2049 sacrari'
750 2009 805 2052 et
838 2010 852 2032 ‘
874 2007 1165 2054 consecrari
1184 2006 1197 2027 '
1222 2008 1309 2057 irae
1334 2017 1388 2058 et

328 2091 498 2141 pena
537 2079 721 2129 divinae
762 2081 1069 2131 dicebantur
1105 2085 1258 2133 ctiam
1300 2086 1388 2136 alii

326 2154 579 2219 homines,
606 2156 810 2219 publice
834 2159 993 2208 noxii.
1059 2161 1172 2210 Liv.
1195 2175 1281 2209 ιιι.
1303 2166 1389 2213 48.

325 2236 342 2259 ·
362 2230 477 2289 Te,'
501 2232 668 2297 inquit
692 2235 978 2298 Virginius,
1002 2238 1018 2265 ‘
1040 2238 1199 2302 Appi,
1220 2245 1386 2288 tuum-

325 2323 427 2374 que
464 2318 643 2376 caput,
681 2313 926 2376 sanguine
965 2314 1062 2363 boc
1105 2317 1387 2366 consecro.'

326 2385 479 2436 Idem
503 2401 566 2436 ιι.
588 2392 636 2437 8.
668 2389 684 2415 ‘
708 2388 845 2439 Ante
882 2405 1057 2440 omnes
1100 2392 1164 2441 dc
1202 2408 1387 2456 provo-

321 2465 532 2516 catione
567 2466 813 2517 adversus
844 2470 1174 2533 magistratus
1201 2472 1263 2519 ad
1295 2486 1385 2535 po-

322 2542 523 2606 pulum,
560 2544 914 2607 sacrandoque
957 2559 1072 2596 cum
1114 2547 1259 2596 bonis
1299 2562 1381 2597 ca-

322 2620 437 2682 pite
469 2622 600 2683 ejus,
630 2622 719 2685 qui
753 2623 902 2685 regni
941 2623 1231 2685 occupandi
1264 2639 1384 2673 con·

323 2697 441 2747 silia
477 2698 686 2747 inisset:
709 2696 722 2716 ⁹
760 2699 847 2747 ubi
869 2700 1104 2749 Marcell.
1135 2702 1385 2763 Donatus,

319 2782 335 2803 “
355 2775 612 2825 Sacram
636 2790 759 2840 ergo
787 2782 926 2839 caput
951 2791 1174 2840 expono,
1192 2793 1385 2828 execro-

318 2858 424 2902 ssms
445 2868 465 2911 ,·
489 2854 692 2902 Graecis
723 2852 1021 2917 xardparor!
1088 2855 1174 2904 Sic
1201 2856 1384 2905 Horat.

320 2930 433 2980 Sat.
465 2943 528 2980 n.
554 2934 603 2979 8.
627 2934 740 2980 181.
778 2936 792 2959 ⁶
814 2932 1130 2982 Intestabilis
1155 2939 1210 2982 et
1234 2948 1383 2983 sacer

320 3008 472 3059 esto-⁹
521 3009 671 3059 idern.

387 3088 487 3137 11·ae
533 3089 849 3152 consecraret]
901 3090 1118 3139 Plautus
1165 3090 1379 3154 Amphi-

318 3171 540 3216 truone:
577 3168 592 3192 ⁴
613 3166 669 3215 Si
688 3164 829 3223 fallo,
849 3175 953 3215 tum
981 3176 1050 3226 te,
1072 3181 1265 3216 summe
1285 3168 1378 3219 Ju-

319 3241 478 3303 piter,
494 3256 691 3305 queso,
713 3242 1072 3306 Amphitruoni
1095 3253 1153 3293 nt
1176 3258 1380 3308 semper

315 3317 483 3367 iratus
508 3318 649 3367 sies!
711 3319 1008 3369 Brissonius
1032 3320 1097 3370 de
1123 3322 1375 3372 For-mulis

317 3393 404 3445 lib.
425 3407 557 3443 vm.
580 3394 803 3444 videtor.
850 3396 987 3459 Lips.

382 3470 487 3521 Iroe
506 3473 824 3536 consecraret]
860 3475 1085 3522 Solenne
1110 3474 1374 3536 juramen·

316 3553 425 3597 tuin
451 3546 593 3612 apud
614 3556 868 3598 nostrates
900 3552 1014 3612 lege
1043 3551 1093 3599 in
1127 3552 1198 3601 D.
1223 3551 1373 3602 Bald.

315 3630 380 3672 lt.
408 3628 464 3675 9.
499 3623 567 3674 de
596 3625 816 3675 Casibus
855 3626 1195 3677 Conscientiae
1231 3630 1372 3678 circa

313 3699 640 3752 Juraments.
688 3701 841 3751 Rern.

376 3776 551 3840 Digna
578 3778 882 3842 proeds‘catio]
917 3779 1032 3828 Hoc
1064 3779 1242 3829 ordine
1274 3780 1371 3830 ista

315 3854 474 3905 verba
497 3856 697 3918 scripta
717 3863 837 3905 sunt
859 3855 910 3903 in
937 3856 1202 3905 codic-ibus
1228 3857 1372 3905 Vati-

312 3932 473 3989 canis,
525 3932 828 3996 Parisiensi,
879 3941 1099 3997 utroque
1147 3934 1371 3990 Veneto,

310 4008 711 4071 Balisburgensi,
770 4008 1253 4071 Gnelplierbytano,
1318 4018 1372 4059 et

312 4096 455 4146 tneo;
478 4084 624 4148 alias,
643 4085 923 4147 praedicatio
939 4085 1106 4147 digna.
1136 4086 1369 4136 Schwar-

313 4160 435 4210 sins.

378 4239 517 4295 Quod
536 4236 718 4302 primo]
756 4236 802 4286 Ι.
827 4251 874 4287 e.
899 4237 1035 4303 qnod
1063 4239 1225 4303 primo
1249 4254 1369 4291 con·

2399 402 2527 470 867

1475 553 1674 615 sulem;
1709 557 1835 622 sive,
1856 559 1990 623 qnod
2016 558 2341 621 fecisti,cum
2366 563 2534 625 primo

1473 632 1651 679 consul
1689 648 1847 684 esses.
1915 638 2036 686 Fuit
2077 652 2199 686 vero
2239 639 2313 688 Μ.
2347 641 2533 705 Ulpius

1472 705 1730 769 Trajanus
1749 711 1994 771 Crinitus,
2015 728 2113 762 nna
2132 730 2247 764 cum
2268 717 2345 765 M.
2363 718 2534 769 Acilio

1472 782 1777 848 Glabrione,
1794 790 2010 849 primum
2030 793 2203 841 consul
2225 793 2532 854 ordinarius,

1470 857 1539 907 Α.
1564 861 1629 909 U.
1657 861 1716 912 C.
1739 867 1852 914 844.
1885 867 1996 916 sive
2023 875 2136 929 post
2159 869 2416 920 Christum
2438 887 2531 922 na·

1471 941 1601 999 tum,
1622 935 1688 986 A.
1712 943 1792 989 91.
1820 955 1934 990 cum
1960 942 2069 1005 ipse
2100 944 2267 995 adbuc
2301 950 2532 1010 privatus

1470 1023 1631 1076 esset,
1665 1022 1718 1064 et
1748 1017 1955 1081 quidem
1988 1020 2081 1068 snb
2115 1022 2411 1074 Domitiano
2435 1028 2531 1076 im-

1471 1099 1734 1151 peratore.
1801 1094 1997 1144 Iternm
2037 1100 2214 1148 consul
2252 1098 2350 1150 fuit
2376 1103 2440 1152 A.
2465 1105 2529 1154 C.

1466 1169 1553 1214 98.
1592 1182 1705 1216 cum
1744 1167 2316 1233 imperatorecocceio
2352 1178 2530 1228 Nerva

1469 1253 1553 1288 ιν.
1588 1242 1679 1291 sed
1708 1252 1828 1294 tunc
1854 1246 1967 1310 jam
1999 1258 2114 1298 erat
2138 1249 2334 1311 Coessr,
2358 1266 2527 1317 neque

1469 1332 1533 1366 co
1576 1327 1812 1383 tempore
1851 1323 2213 1387 jusjurandum
2255 1331 2528 1381 consulare

1468 1393 1675 1443 dedisse
1704 1397 1927 1462 videtur,
1951 1415 2067 1450 cnm
2090 1402 2275 1453 absens
2294 1412 2451 1466 esset,
2473 1414 2528 1457 et

1466 1472 1850 1535 expeditionem
1865 1478 1916 1525 iu
1934 1478 2214 1528 Germania
2236 1481 2424 1532 obiret.
2449 1483 2527 1533 Id.

1535 1548 1690 1605 Istud,
1712 1553 1833 1613 quod
1862 1560 2105 1615 preeunte
2136 1558 2289 1621 nullo]
2325 1559 2431 1608 Pro
2462 1561 2526 1609 s‘s·

1463 1627 1569 1681 tud,
1593 1626 1786 1677 liabent
1807 1629 1925 1679 illud
1949 1631 2097 1680 ambo
2119 1633 2327 1683 codices
2351 1637 2527 1687 Vene-

1465 1702 1527 1764 ti,
1566 1709 1621 1752 et
1658 1704 2165 1773 Guelplierbytanus.
2230 1712 2337 1761 Pro
2379 1715 2524 1778 nullo,

1463 1780 1631 1830 codex
1674 1782 1983 1834 Parisiensis
2020 1787 2140 1845 illo5
2188 1803 2282 1852 pro
2319 1806 2381 1839 aa
2418 1792 2524 1854 hoc,

1462 1858 1867 1923 Salisburgensis
1913 1866 1963 1913 is
2006 1864 2127 1923 Isos-3
2183 1880 2277 1931 pro
2315 1867 2524 1931 jurasti,

1465 1934 1602 1984 idem
1624 1937 2046 2004 salisburgensis,
2074 1942 2315 2006 primum,
2335 1945 2522 2009 vitoni,

1464 2012 1656 2063 deinde
1680 2029 1744 2063 ex
1768 2017 2111 2082 correctione,
2126 2020 2329 2081 ⁴itu-cisti.
2393 2022 2522 2073 Tres

1464 2090 1546 2137 vel
1585 2098 1805 2154 quatuor
1827 2093 1978 2156 hujus
2010 2095 2112 2144 loci
2150 2097 2524 2159 explicationes

1462 2165 1801 2230 deprehendi,
1853 2186 2072 2235 qttarum
2131 2187 2255 2222 vero
2311 2175 2522 2233 nullam,

1460 2242 1646 2302 fateor,
1670 2246 1742 2294 ita
1766 2247 1888 2295 mibi
1914 2262 1978 2296 ex
2011 2248 2147 2296 omni
2183 2256 2332 2312 parte
2369 2251 2523 2300 satis·

1460 2316 1654 2379 facere,
1679 2323 1798 2385 quin
1823 2323 1873 2370 in
1898 2325 2150 2384 acumine,
2172 2323 2307 2388 quod
2342 2333 2521 2388 capta·

1461 2395 1537 2445 vit
1572 2396 1791 2454 Plinius,
1828 2399 2021 2464 aliquid
2063 2401 2144 2449 vel
2191 2399 2397 2465 frigoris
2437 2403 2520 2454 vel

1459 2473 1810 2535 obscuritatis,
1828 2476 2119 2538 relinquere
2137 2476 2393 2526 videatur.
2421 2479 2522 2530 Ca·

1461 2556 1662 2597 tanaeus
1690 2550 1740 2597 in
1773 2550 2024 2613 prioribus
2057 2552 2374 2603 editionibus
2406 2555 2518 2606 bae

1459 2623 1618 2672 Plinii
1642 2625 1800 2674 verba
1833 2626 1896 2673 de
1929 2629 2179 2691 exemplis
2202 2630 2519 2681 anteceden-

1460 2700 1585 2748 tium
1621 2701 1985 2764 imperatorum
2017 2705 2335 2767 explicavit:
2374 2713 2388 2735 ‘
2409 2707 2518 2757 Ne-

1457 2775 1602 2840 sc10,’
1625 2778 1807 2842 inquit,
1843 2781 1858 2807 ‘
1881 2780 2255 2831 laudabiliusne
2277 2782 2346 2832 sit
2369 2783 2518 2845 illud,

1456 2854 1591 2917 quod
1629 2864 1897 2918 praeeunte
1930 2858 2091 2920 nullo,
2114 2858 2174 2924 (i.
2192 2874 2239 2908 e.
2277 2863 2517 2925 exemplo

1457 2930 1644 2978 nullius
1664 2935 1914 2993 praeteriti
1935 2935 1999 2982 im
2009 2936 2307 3001 peratoris,)
2320 2940 2517 2998 an,alio

1457 3009 1979 3071 praeennte,jurasti;
2016 3012 2150 3074 qnod
2176 3027 2359 3076 nempe
2384 3016 2514 3065 alius

1455 3082 1736 3146 imperator
1785 3086 1877 3135 tibi
1929 3087 2134 3140 dederit
2187 3094 2516 3156 exemplum!

1455 3158 1528 3208 At
1566 3160 1824 3212 laudabile
1862 3163 2069 3228 quidem
2094 3165 2299 3229 fnisset,
2318 3172 2364 3218 si
2386 3171 2513 3220 Tra·

1441 3237 1600 3300 janus
1623 3238 1715 3289 bac
1740 3239 1791 3287 in
1815 3254 1871 3289 re
1895 3244 2259 3293 antecedentia
2295 3248 2513 3299 aliorum

1455 3314 1701 3364 bonorum
1727 3317 2018 3381 principum
2050 3324 2288 3387 exempla
2310 3325 2514 3376 babuis-

1452 3400 1551 3456 set‚
1576 3401 1884 3458 secutusque
1908 3403 2077 3447 esset:
2114 3412 2293 3451 verum
2317 3404 2513 3462 nescio,

1453 3483 1553 3532 quo
1576 3472 1814 3519 acumine
1838 3470 2125 3524 dubitasset
2160 3484 2252 3527 aut
2289 3479 2509 3530 interro·

1451 3554 1621 3605 gasset
1650 3549 1868 3607 Plinius,
1902 3565 2072 3601 annon
2109 3553 2415 3606 laudabilius
2454 3566 2511 3609 et

1451 3624 1697 3676 illustrius
1733 3626 1888 3683 foret,
1919 3630 1961 3676 si
1996 3630 2263 3696 Trajanns,
2284 3634 2395 3684 sine
2418 3650 2510 3686 ex-

1449 3704 1622 3766 emplo
1664 3704 1782 3765 alio,
1820 3720 2031 3767 prorsus
2076 3709 2377 3761 inusitatum
2416 3714 2510 3762 hu·

1448 3780 1713 3828 inanitatis
1737 3787 1792 3829 et
1827 3782 2093 3833 civilitatis
2131 3788 2393 3849 specimen
2417 3788 2507 3838 de·

1448 3855 1643 3916 disset3
1713 3865 1767 3905 et
1820 3859 2076 3921 quomodo
2119 3875 2219 3909 non
2264 3871 2506 3914 constare

1449 3934 1696 3995 potuisset
1728 3936 1917 3992 Plinio,
1940 3946 2213 3987 secutusne
2240 3940 2306 3988 sit
2327 3941 2505 4004 Traja-

1446 4025 1540 4060 nus
1564 4014 1658 4061 bac
1694 4012 1745 4061 in
1779 4026 1834 4062 re
1870 4016 2103 4078 exempla
2138 4017 2370 4071 aliorum,
2405 4033 2503 4069 nec

1445 4100 1527 4135 ne.
1585 4088 1648 4137 In
1675 4090 2043 4150 posterioribus
2066 4091 2380 4140 editionibus
2405 4094 2505 4143 Cs-

1445 4172 1662 4223 tanaeus,
1697 4164 1902 4214 dimissa
1933 4169 2096 4228 prims
2134 4167 2502 4232 explicatione,

1447 4240 1603 4289 rerba
1648 4239 1806 4290 Plinii
1855 4241 1920 4291 de
1969 4244 2050 4303 iis,
2095 4244 2182 4307 qui
2228 4240 2498 4296 formulam
