3060 4902
512 370 644 437 904

517 526 726 590 segnius
742 524 944 589 judicia
968 539 1032 574 ex
1056 523 1273 575 decreto
1296 538 1476 574 coram⁴
1502 524 1582 574 liis

517 604 659 654 facto
683 602 853 652 Rhodi
886 600 1254 653 exercebant:’
1287 609 1343 651 et
1369 603 1585 651 Sueton.

518 680 650 729 Ner.
676 692 723 727 c.
744 683 827 727 20.
864 684 878 706 ⁸
900 678 1083 742 Neque
1117 692 1179 726 eo
1214 677 1423 739 segnius
1459 676 1583 726 ado-

516 755 831 805 lescentulos
854 755 1110 819 equestris
1135 754 1329 803 ordinis
1356 787 1370 803 .
1397 786 1411 801 .
1438 786 1453 801 .
1476 756 1584 802 ele·

516 831 633 895 git!
701 833 878 881 Nihilo
914 832 1082 880 minus
1107 832 1368 893 vulgatam
1403 830 1581 879 lectio·

518 923 637 957 nem
683 915 827 957 reete
868 914 1045 956 tuetur
1087 906 1419 965 Arntzenius,
1462 906 1584 968 quia

515 985 631 1047 ipsc
665 984 805 1032 Plin.
841 984 1010 1046 Epist.
1048 995 1137 1032 ιιι.
1163 986 1241 1030 18.
1275 982 1428 1030 ‘Nou
1465 980 1584 1030 ideo

520 1060 738 1123 tameu‚'
781 1061 965 1124 inquit,
999 1058 1242 1123 ‘segnius
1283 1072 1485 1120 precor,
1524 1065 1586 1106 ιιι

518 1138 828 1202 quandoque
855 1137 1028 1186 veniat
1051 1135 1198 1184 dies.'
1246 1134 1392 1183 Idem
1421 1134 1588 1197 Epist.

523 1228 601 1263 vr.
623 1218 706 1263 20.
732 1212 947 1266 ‘Nihilo
981 1213 1188 1276 segnius
1221 1227 1319 1275 ego
1353 1213 1586 1261 intentus

517 1290 572 1339 in
609 1289 842 1340 librum.'
911 1290 1094 1353 Nepos
1120 1290 1168 1336 in
1195 1290 1441 1352 Datame,
1465 1303 1512 1337 c.
1538 1291 1587 1336 2.

520 1367 755 1415 ‘Bellum
794 1365 981 1415 indixit
1017 1367 1195 1429 Thyo;
1233 1367 1283 1414 iu
1320 1380 1442 1429 quo,
1467 1380 1585 1415 cum

484 1432 584 1489 'ab
611 1440 978 1501 Ariobarzane,
1020 1441 1272 1504 praefecto
1314 1441 1492 1504 Lydiae
1533 1447 1587 1490 et

523 1517 709 1580 Ionias,
747 1518 1010 1581 totiusque
1046 1517 1309 1579 Plirygiae,
1343 1516 1586 1565 desertus

522 1600 681 1653 esset,
718 1593 875 1641 nihilo
908 1592 1113 1654 segnius
1148 1591 1212 1655 (i.
1235 1606 1282 1640 e.
1307 1607 1453 1656 aeque
1484 1592 1587 1641 ala·

521 1668 684 1717 criter
724 1675 778 1717 et
825 1667 1054 1729 promte)
1094 1668 1469 1731 perseveravit,
1515 1668 1587 1716 vi·

523 1759 744 1808 vumqne
784 1745 987 1807 'l'liynm
1028 1744 1171 1805 cepit
1198 1742 1241 1792 :’
1297 1744 1384 1792 ubi
1424 1743 1585 1793 Heiu-

520 1821 625 1869 sius
647 1820 711 1868 ad
737 1821 895 1869 Ovid.
923 1820 1054 1868 Met.
1078 1832 1140 1868 n.
1159 1823 1273 1868 809.
1298 1819 1587 1869 rescriben-

522 1896 643 1944 dum
681 1896 884 1960 putavit
914 1895 1065 1943 nihilo
1107 1896 1296 1951 secius5
1333 1895 1588 1945 ostendit·

521 1988 642 2036 que,
681 1971 914 2020 crebrius
953 1972 1043 2020 lias
1082 1986 1254 2026 voces,
1285 1972 1496 2035 segnius,
1533 1982 1589 2022 et

521 2048 687 2109 secius,
711 2047 847 2095 iuter
879 2060 935 2094 se
972 2047 1274 2109 permutari,
1294 2061 1588 2110 quanquam

523 2124 680 2174 etiam
721 2124 773 2172 in
813 2124 975 2172 citato
1013 2123 1235 2185 Nepotis
1271 2123 1404 2179 loco,
1437 2123 1589 2173 nihilo

521 2202 736 2264 seg-nius,
758 2200 984 2249 retinere
1009 2199 1201 2247 malim.
1245 2199 1393 2249 Idem.

603 2279 833 2327 Senatum
886 2276 1213 2340 circumirent]
1283 2276 1590 2325 Consulatum

522 2356 831 2404 circumirent
878 2354 1041 2405 Liviu.
1089 2354 1141 2402 in
1178 2361 1363 2412 textn;
1400 2353 1489 2400 sed
1537 2353 1586 2400 iu

524 2435 776 2495 margine,
796 2433 1025 2483 Senatum
1040 2430 1342 2480 circumirent
1362 2430 1423 2478 V.
1440 2443 1587 2493 egre·

526 2512 628 2573 gie.
667 2509 906 2558 Ritlersls.

593 2584 850 2646 Senatum]
874 2585 1197 2633 Consulatum.
1230 2582 1420 2642 Inepte
1439 2598 1451 2633 ς
1469 2596 1587 2631 cum

527 2662 692 2709 veteri
717 2661 865 2713 libro,
886 2663 1099 2707 senatum
1122 2657 1252 2718 lego.
1282 2657 1417 2719 Lips.

593 2739 823 2786 Senatum
875 2732 1206 2795 circumirent]
1278 2735 1589 2784 Consulatum

523 2814 849 2863 circumirent.
901 2811 1046 2859 Unus
1073 2810 1205 2858 liber
1228 2811 1472 2873 scriptus,
1497 2813 1586 2861 Se·

525 2895 690 2939 uatum
703 2889 1026 2949 circumirent,
1043 2888 1230 2935 senatui
1248 2888 1591 2949 supplicarent,

527 2966 666 3030 quod
685 2967 948 3031 egregium
968 2965 1176 3014 videtur
1195 2964 1458 3025 Livinei03
1484 2979 1588 3015 non

524 3045 668 3107 mihi,
684 3044 770 3109 qui
795 3044 987 3094 nullum
1012 3042 1122 3091 fere
1142 3041 1293 3090 video
1316 3041 1589 3092 discrimen

527 3121 665 3169 inter
677 3120 927 3169 circumire
947 3124 1180 3180 senatum,
1199 3126 1253 3168 et
1274 3118 1459 3167 senatui
1478 3133 1589 3181 sup·

522 3197 721 3261 plicare.
751 3197 908 3246 Grut.

593 3273 827 3323 Senatum
861 3268 1188 3332 circumirent]
1242 3270 1382 3320 Ante
1420 3270 1590 3321 editas

526 3358 729 3398 nostras
753 3347 1138 3397 observationes
1172 3346 1225 3395 in
1260 3347 1495 3396 omuibus
1532 3348 1590 3396 li·

531 3425 657 3486 bris,
697 3438 789 3486 pro
813 3424 1061 3474 vocabulo
1081 3428 1317 3479 senatum,
1341 3439 1588 3474 excusum

525 3499 626 3548 fuit
664 3502 998 3557 consulatum;
1048 3499 1181 3563 quod
1239 3500 1356 3549 Jac.
1415 3501 1495 3549 De
1541 3501 1591 3549 la

528 3576 714 3625 Baune
736 3582 790 3624 et
806 3576 1056 3625 cellarius
1091 3575 1424 3636 interpretati
1449 3584 1593 3632 suut,-

524 3651 838 3710 ‘ambireut,
877 3658 1138 3714 peterent,
1170 3652 1466 3701 consulatus
1500 3652 1591 3700 lio-

530 3725 743 3780 uorem.’
812 3726 875 3776 In
903 3741 1003 3775 uno
1029 3735 1206 3775 vetere
1230 3727 1411 3777 codice
1438 3743 1590 3792 repe·

529 3815 671 3858 terat
707 3804 970 3855 Livineius
1006 3806 1222 3852 senatum
1264 3803 1589 3857 circumirent.

533 3886 668 3938 Quas
692 3880 849 3931 lectio
868 3878 1076 3941 egregia
1102 3878 1207 3925 visa
1227 3884 1304 3927 est
1328 3878 1423 3943 ipsi
1449 3879 1591 3929 Livi·

529 3962 648 4012 ueio
686 3967 742 4011 et
789 3956 995 4021 Lipsio;
1032 3969 1195 4019 eaque
1229 3969 1366 4004 nunc
1404 3957 1591 4006 confir-

532 4047 709 4087 matur
721 4033 966 4100 suffragio
981 4033 1217 4084 codicum
1232 4032 1363 4081 Mss.
1379 4025 1591 4083 Vatica-

531 4129 733 4169 norum.
747 4112 1073 4173 Parisieusis,
1095 4109 1361 4173 utriusque
1377 4109 1591 4174 Veneti,

534 4190 964 4253 Salisburgeusis‚
999 4185 1262 4248 Patavini,
1300 4186 1592 4251 Guelpher-

535 4266 742 4331 bytaui,
765 4265 883 4320 mei.
919 4272 975 4314 et
1006 4263 1128 4314 libri
1151 4262 1412 4319 Vossiani.
1435 4272 1592 4330 atque

1169 357 1180 368 ’
1215 380 1434 433 Nom
1483 380 1892 430 vamonuu
1941 380 2021 428 m

1662 523 1878 573 alterius
1896 521 2144 573 Gudiaui.
2210 519 2463 586 Equidem
2481 522 2594 570 liaec
2613 521 2723 585 ipss

1663 598 1817 646 lectio
1824 598 1937 661 jam
1959 598 2231 647 aLivineio
2249 598 2482 647 iudicata
2498 597 2722 662 quidem,

1661 681 1715 723 et
1741 676 1978 738 probata,
1993 675 2221 723 nondum
2250 665 2420 723 tamen
2445 675 2496 722 iu
2521 682 2723 722 contex-

1661 755 1771 798 tnm
1794 749 2038 809 admissa,
2062 750 2231 799 minus
2248 764 2304 798 se
2329 751 2574 812 probavit
2594 750 2722 799 Gru·

1662 834 1797 889 tero,
1819 827 2285 890 opinanti,nullum
2311 826 2425 875 fere
2452 828 2721 876 discrimen

1664 901 1775 952 fore
1818 905 1955 952 iuter
2005 911 2021 934 ⁸
2041 904 2317 955 circumire
2362 902 2640 958 senatum,'
2671 910 2725 951 et

1663 980 1679 1009 ⁴
1704 981 2000 1044 supplicare
2045 979 2291 1029 senatui!
2378 981 2484 1029 Sed
2529 979 2728 1037 neseio,

1664 1057 1921 1120 quomodo
1959 1057 2167 1117 vulgata
2186 1057 2361 1118 lectio,
2382 1064 2436 1106 et
2460 1056 2724 1120 sigillatim

1664 1146 1848 1180 nomen
1885 1133 2202 1186 consulatus.
2236 1134 2403 1195 possit
2441 1132 2524 1181 hic
2558 1134 2725 1182 locum

1661 1208 1871 1258 habere.
1934 1212 2068 1259 Dum
2094 1210 2230 1259 euim
2257 1210 2460 1258 Plinius
2500 1210 2727 1275 loquitur

1661 1284 2045 1347 dejuvenibus‚
2080 1286 2192 1334 sine
2229 1285 2390 1334 dubio
2426 1299 2529 1334 nou
2571 1287 2726 1335 solius

1662 1364 1983 1419 consulatus,
2004 1363 2095 1412 sed
2122 1370 2175 1412 et
2200 1371 2467 1427 praeturae,
2491 1370 2546 1411 et
2569 1362 2728 1412 adili-

1664 1440 1811 1500 tatis,
1850 1440 2167 1504 aliorumque
2192 1439 2610 1502 magistratuum,
2643 1439 2728 1487 lto·

1660 1531 1813 1567 nores
1838 1518 2100 1580 intelligit.
2151 1516 2354 1566 Deinde
2377 1530 2632 1581 nusquam
2655 1516 2729 1564 iu·

1665 1594 1841 1643 venire
1868 1595 2029 1657 potui,
2050 1593 2376 1649 candidatos,
2398 1595 2485 1656 qui
2510 1594 2728 1641 bonores

1663 1668 1917 1732 publicos,
1941 1668 2149 1718 satalia
2173 1667 2442 1730 beneficia,
2463 1668 2731 1731 petebant,

1664 1745 1831 1794 dictos
1877 1760 2013 1807 esse,
2046 1748 2063 1776 ⁸
2088 1746 2441 1802 circumivisse
2477 1746 2732 1795 honores’

1665 1822 1818 1885 ipsos,
1839 1822 1949 1871 sive
1983 1826 1999 1851 ‘
2025 1821 2389 1884 consulatum‚'
2420 1823 2532 1871 sive
2567 1830 2729 1886 'pra‘-

1668 1897 1877 1958 turarn,'
1910 1899 2022 1947 sive
2059 1898 2396 1947 ‘aedilitatem
2412 1896 2445 1959 ;’
2480 1898 2617 1947 bene
2655 1907 2728 1947 ts-

1666 1988 1781 2023 men
1805 1974 2116 2024 dicebantur
2147 1977 2163 2002 ‘
2184 1976 2459 2023 circumire
2496 1975 2621 2023 alios
2643 1975 2731 2024 uo·

1666 2049 1847 2111 mines,
1885 2051 2139 2113 consules,
2180 2052 2472 2112 praetores‚’
2524 2057 2729 2099 ceteros

1664 2127 2023 2188 magistratus,
2066 2133 2118 2175 et
2174 2117 2472 2186 senatores,
2527 2126 2729 2186 equites

1668 2202 1947 2265 Romanos,
1971 2202 2295 2265 omniumque
2312 2201 2552 2249 ordinum
2573 2201 2731 2251 homi·

1666 2291 1777 2333 nes,
1799 2294 1927 2341 quos
1947 2279 2166 2327 comiter
2190 2278 2539 2340 appellarent,
2562 2284 2620 2326 et
2650 2292 2731 2327 as·

1666 2355 1812 2403 sidne
1839 2369 1897 2404 ac
1933 2354 2211 2417 diligenter
2251 2359 2519 2415 rogarent,
2555 2361 2613 2403 ut
2646 2355 2734 2403 ho·

1668 2446 1778 2481 rum
1816 2430 2065 2491 favorem,
2102 2438 2156 2480 et
2191 2426 2503 2492 suffragandi
2543 2430 2733 2487 studia,

1667 2509 1763 2557 sibi
1791 2509 2162 2571 adjungerent;
2196 2512 2490 2567 at,mutata
2523 2507 2732 2569 reipub-

1667 2586 1780 2635 licae
1805 2586 2063 2641 libertate,
2094 2586 2259 2633 omnis
2285 2585 2733 2647 potestasmagis·

1666 2670 1891 2714 tratuum
1934 2663 2434 2719 constituendorum,
2468 2669 2529 2712 ut
2576 2670 2736 2727 supra·

1653 2742 1764 2804 jam
1785 2742 1977 2797 monui,
2003 2740 2065 2789 ad
2093 2740 2398 2804 principem,
2420 2746 2496 2802 et,
2522 2754 2620 2804 pro
2644 2742 2730 2789 lm·

1656 2817 1744 2879 jus
1781 2818 2071 2878 voluntate,
2091 2831 2156 2865 ex
2198 2823 2349 2879 parte
2380 2815 2445 2864 ad
2472 2825 2732 2880 senatum,

1667 2899 1978 2958 pervenerat
2002 2909 2018 2954 ς
2040 2894 2127 2957 qui
2154 2893 2489 2948 senatus,sub
2504 2894 2733 2957 Trajano

1666 2969 1986 3032 cumprimis,
2019 2970 2240 3018 maxime
2273 2969 2432 3018 etiam
2474 2970 2735 3033 rogandus

1666 3046 1769 3096 fuit
1792 3062 1819 3094 a
1842 3047 2152 3108 candidatis,
2195 3051 2253 3095 ut
2286 3045 2354 3095 ab
2386 3045 2573 3095 eodem
2595 3054 2737 3097 com-⁹

1667 3122 2037 3173 mendareutur
2061 3123 2297 3186 principi.
2366 3123 2456 3172 Sic
2479 3138 2606 3172 vero
2626 3125 2732 3190 jaus

1668 3201 1781 3250 Cic.
1796 3200 1961 3250 Attic.
1982 3214 2099 3249 xiv,
2121 3204 2203 3249 21.
2222 3200 2377 3261 dixit,
2410 3207 2425 3228 ⁴
2446 3200 2733 3250 Antoniam

1667 3277 1944 3326 circumire
1970 3284 2264 3336 veteranos,
2287 3283 2343 3323 ut
2367 3283 2489 3325 acta
2515 3276 2734 3326 Caesaris

1667 3352 1970 3403 sancirent.’
2038 3352 2146 3401 Pro
2167 3367 2287 3416 quo,
2303 3352 2439 3401 idem
2459 3352 2573 3402 Cic.
2591 3354 2735 3403 Fam.

1668 3443 1705 3478 t.
1724 3435 1773 3478 8.
1795 3431 1962 3479 utitur
1982 3429 2141 3478 verbo
2159 3432 2173 3454 ‘
2193 3428 2471 3477 convenire
2490 3428 2527 3475 ε’
2560 3435 2577 3457 ‘
2600 3429 2737 3478 Nou

1668 3512 1801 3555 trum
1843 3503 2121 3561 studium,'
2173 3504 2359 3569 inquit,
2393 3512 2410 3535 ⁸
2437 3505 2645 3556 extabit
2683 3505 2735 3554 iu

1665 3581 2032 3631 conveniendis
2051 3580 2435 3642 magistratibus
2449 3587 2505 3629 et
2528 3587 2737 3630 senato·

1667 3655 1844 3706 ribus.’
1912 3656 2208 3720 Aliquando
2225 3655 2381 3705 etiam
2406 3656 2568 3705 verbo
2602 3657 2619 3685 ⁸
2637 3658 2734 3706 cir·

1666 3731 1902 3796 cumire,'
1936 3732 1989 3782 iu
2011 3731 2195 3782 eadem
2233 3746 2290 3781 re
2322 3732 2637 3796 simpliciter
2658 3732 2735 3784 usi

1666 3816 1807 3865 sunt,
1833 3810 1944 3858 sine
1969 3808 2160 3857 additis
2187 3808 2440 3871 personis,
2472 3821 2602 3873 quas
2637 3809 2731 3858 cir-

1667 3885 1961 3946 cumibaut3
2010 3888 2167 3949 prout
2208 3883 2401 3933 Coelius
2436 3884 2581 3946 apud
2623 3885 2737 3934 Cic.·

1668 3963 1815 4011 Fam.
1859 3975 1986 4011 vrn.
2025 3965 2107 4010 ll.
2140 3960 2191 4007 in
2232 3960 2385 4008 simili
2431 3968 2733 4024 argumento

1666 4038 1976 4101 simpliciter
2010 4036 2176 4086 dixit:
2210 4037 2227 4064 ‘
2250 4036 2473 4086 Furnius
2509 4045 2567 4087 et
2603 4038 2731 4087 Len·

1669 4117 1827 4172 tulus,
1847 4123 1904 4165 ut
1924 4114 2243 4175 debuerunt,
2264 4113 2414 4176 quasi
2445 4127 2625 4164 eorum
2647 4129 2730 4165 res

1667 4190 1957 4249 esset.‘uua
1981 4190 2246 4241 uobiscum
2264 4190 2658 4246 circumierunt,
2673 4200 2728 4241 et

1666 4267 2011 4320 laborarunt.'
2078 4268 2194 4319 Etsi
2229 4281 2354 4318 vero
2390 4268 2590 4319 nullum
2629 4269 2732 4319 dis·
