<?xml version="1.0" encoding="UTF-8"?>
<!DOCTYPE html PUBLIC "-//W3C//DTD XHTML 1.0 Transitional//EN"
    "http://www.w3.org/TR/xhtml1/DTD/xhtml1-transitional.dtd">
<html xmlns="http://www.w3.org/1999/xhtml" xml:lang="en" lang="en">
 <head>
  <title>
</title>
<meta http-equiv="Content-Type" content="text/html;charset=utf-8" />
  <meta name='ocr-system' content='tesseract 3.04.00' />
  <meta name='ocr-capabilities' content='ocr_page ocr_carea ocr_par ocr_line ocrx_word'/>
</head>
<body>
  <div class='ocr_page' id='page_1' title='image "./panegyriciveter02unkngoog_0340.png"; bbox 0 0 3060 4902; ppageno 0'>
   <div class='ocr_carea' id='block_1_1' title="bbox 519 371 654 438">
    <p class='ocr_par' dir='ltr' id='par_1_1' title="bbox 519 371 654 438">
     <span class='ocr_line' id='line_1_1' title="bbox 519 371 654 438; baseline -0.015 0"><span class='ocrx_word' id='word_1_1' title='bbox 519 371 654 438; x_wconf 76' lang='lat'>792</span> 
     </span>
    </p>
   </div>
   <div class='ocr_carea' id='block_1_2' title="bbox 509 528 1594 4365">
    <p class='ocr_par' dir='ltr' id='par_1_2' title="bbox 517 528 1594 1890">
     <span class='ocr_line' id='line_1_2' title="bbox 523 528 1593 594; baseline -0.005 -12"><span class='ocrx_word' id='word_1_2' title='bbox 523 546 643 584; x_wconf 79' lang='lat' dir='ltr'>mox</span> <span class='ocrx_word' id='word_1_3' title='bbox 676 528 740 581; x_wconf 86' lang='lat' dir='ltr'>ad</span> <span class='ocrx_word' id='word_1_4' title='bbox 778 545 918 580; x_wconf 88' lang='lat' dir='ltr'>usum</span> <span class='ocrx_word' id='word_1_5' title='bbox 961 529 1201 580; x_wconf 78' lang='lat' dir='ltr'>secundae</span> <span class='ocrx_word' id='word_1_6' title='bbox 1236 543 1474 594; x_wconf 75' lang='lat' dir='ltr'>personae</span> <span class='ocrx_word' id='word_1_7' title='bbox 1512 543 1593 577; x_wconf 84' lang='lat' dir='ltr'>rc·</span> 
     </span>
     <span class='ocr_line' id='line_1_3' title="bbox 525 606 1591 670; baseline -0.002 -14"><span class='ocrx_word' id='word_1_8' title='bbox 525 610 658 669; x_wconf 82' lang='lat' dir='ltr'>dire,</span> <span class='ocrx_word' id='word_1_9' title='bbox 694 618 707 637; x_wconf 82' lang='lat'><em>⁰</em></span> <span class='ocrx_word' id='word_1_10' title='bbox 734 607 812 657; x_wconf 81' lang='lat' dir='ltr'>Ac</span> <span class='ocrx_word' id='word_1_11' title='bbox 851 608 972 656; x_wconf 79' lang='lat' dir='ltr'>mihi</span> <span class='ocrx_word' id='word_1_12' title='bbox 1013 608 1240 657; x_wconf 80' lang='lat' dir='ltr'>intuenti</span> <span class='ocrx_word' id='word_1_13' title='bbox 1279 606 1591 670; x_wconf 84' lang='lat' dir='ltr'>sapientiam</span> 
     </span>
     <span class='ocr_line' id='line_1_4' title="bbox 526 683 1593 747; baseline -0.004 -12"><span class='ocrx_word' id='word_1_14' title='bbox 526 683 818 747; x_wconf 71' lang='lat' dir='ltr'>tuam‚&#39;&amp;t·.</span> <span class='ocrx_word' id='word_1_15' title='bbox 864 684 979 732; x_wconf 88' lang='lat' dir='ltr'>Uno</span> <span class='ocrx_word' id='word_1_16' title='bbox 1002 698 1127 746; x_wconf 84' lang='lat' dir='ltr'>ergo</span> <span class='ocrx_word' id='word_1_17' title='bbox 1153 692 1333 733; x_wconf 83' lang='lat' dir='ltr'>tenore</span> <span class='ocrx_word' id='word_1_18' title='bbox 1353 697 1593 745; x_wconf 81' lang='lat' dir='ltr'>nexuque</span> 
     </span>
     <span class='ocr_line' id='line_1_5' title="bbox 524 761 1591 823; baseline -0.006 -11"><span class='ocrx_word' id='word_1_19' title='bbox 524 762 698 816; x_wconf 82' lang='lat' dir='ltr'>dicere</span> <span class='ocrx_word' id='word_1_20' title='bbox 715 761 988 823; x_wconf 88' lang='lat' dir='ltr'>potuisset,</span> <span class='ocrx_word' id='word_1_21' title='bbox 1001 766 1053 809; x_wconf 79' lang='grc' dir='ltr'>ιιι</span> <span class='ocrx_word' id='word_1_22' title='bbox 1069 775 1267 822; x_wconf 74' lang='lat' dir='ltr'>regnam</span> <span class='ocrx_word' id='word_1_23' title='bbox 1279 761 1452 823; x_wconf 76' lang='lat' dir='ltr'>ipsum,</span> <span class='ocrx_word' id='word_1_24' title='bbox 1463 773 1591 822; x_wconf 73' lang='lat' dir='ltr'>quc·</span> 
     </span>
     <span class='ocr_line' id='line_1_6' title="bbox 518 836 1592 903; baseline -0.004 -14"><span class='ocrx_word' id='word_1_25' title='bbox 518 856 609 903; x_wconf 72' lang='lat' dir='ltr'>que</span> <span class='ocrx_word' id='word_1_26' title='bbox 629 841 728 888; x_wconf 77' lang='lat' dir='ltr'>aliu</span> <span class='ocrx_word' id='word_1_27' title='bbox 757 838 1010 901; x_wconf 74' lang='lat' dir='ltr'>captivitas</span> <span class='ocrx_word' id='word_1_28' title='bbox 1036 838 1227 900; x_wconf 71' lang='lat' dir='ltr'>gignit,</span> <span class='ocrx_word' id='word_1_29' title='bbox 1247 852 1381 887; x_wconf 79' lang='lat' dir='ltr'>arces</span> <span class='ocrx_word' id='word_1_30' title='bbox 1404 852 1459 886; x_wconf 82' lang='lat' dir='ltr'>nc</span> <span class='ocrx_word' id='word_1_31' title='bbox 1480 836 1592 885; x_wconf 78' lang='lat' dir='ltr'>sub·</span> 
     </span>
     <span class='ocr_line' id='line_1_7' title="bbox 521 913 1593 977; baseline -0.005 -11"><span class='ocrx_word' id='word_1_32' title='bbox 521 931 699 970; x_wconf 70' lang='lat' dir='ltr'>moves.</span> <span class='ocrx_word' id='word_1_33' title='bbox 719 918 961 977; x_wconf 79' lang='lat' dir='ltr'>sedemque</span> <span class='ocrx_word' id='word_1_34' title='bbox 976 915 1155 964; x_wconf 76' lang='lat' dir='ltr'>obtines</span> <span class='ocrx_word' id='word_1_35' title='bbox 1173 913 1425 977; x_wconf 52' lang='lat' dir='ltr'>principie,</span> <span class='ocrx_word' id='word_1_36' title='bbox 1445 928 1504 962; x_wconf 76' lang='lat' dir='ltr'>ue</span> <span class='ocrx_word' id='word_1_37' title='bbox 1522 913 1593 962; x_wconf 80' lang='lat' dir='ltr'>sit</span> 
     </span>
     <span class='ocr_line' id='line_1_8' title="bbox 524 992 1594 1056; baseline -0.003 -13"><span class='ocrx_word' id='word_1_38' title='bbox 524 994 712 1048; x_wconf 69' lang='lat' dir='ltr'>domiuo</span> <span class='ocrx_word' id='word_1_39' title='bbox 743 994 889 1044; x_wconf 73' lang='grc' dir='ltr'>Ιοοιιι.</span> <span class='ocrx_word' id='word_1_40' title='bbox 956 992 1271 1056; x_wconf 79' lang='lat' dir='ltr'>suspicabar</span> <span class='ocrx_word' id='word_1_41' title='bbox 1294 992 1594 1056; x_wconf 79' lang='lat' dir='ltr'>aliquando,</span> 
     </span>
     <span class='ocr_line' id='line_1_9' title="bbox 523 1071 1587 1135; baseline -0.002 -15"><span class='ocrx_word' id='word_1_42' title='bbox 523 1071 812 1135; x_wconf 74' lang='lat' dir='ltr'>hujusmodi</span> <span class='ocrx_word' id='word_1_43' title='bbox 834 1072 1170 1120; x_wconf 73' lang='lat' dir='ltr'>variationem</span> <span class='ocrx_word' id='word_1_44' title='bbox 1197 1085 1446 1133; x_wconf 66' lang='lat' dir='ltr'>personae,</span> <span class='ocrx_word' id='word_1_45' title='bbox 1471 1085 1587 1133; x_wconf 82' lang='lat' dir='ltr'>quae</span> 
     </span>
     <span class='ocr_line' id='line_1_10' title="bbox 524 1147 1588 1213; baseline -0.005 -15"><span class='ocrx_word' id='word_1_46' title='bbox 524 1148 797 1213; x_wconf 68' lang='lat' dir='ltr'><strong>aliquoties</strong></span> <span class='ocrx_word' id='word_1_47' title='bbox 828 1147 878 1197; x_wconf 90' lang='lat' dir='ltr'>in</span> <span class='ocrx_word' id='word_1_48' title='bbox 915 1149 1010 1197; x_wconf 78' lang='lat' dir='ltr'>hoc</span> <span class='ocrx_word' id='word_1_49' title='bbox 1045 1147 1369 1210; x_wconf 76' lang='lat' dir='ltr'><strong>Panegyrico</strong></span> <span class='ocrx_word' id='word_1_50' title='bbox 1408 1159 1588 1195; x_wconf 86' lang='lat' dir='ltr'>occur·</span> 
     </span>
     <span class='ocr_line' id='line_1_11' title="bbox 522 1222 1588 1282; baseline -0.003 -7"><span class='ocrx_word' id='word_1_51' title='bbox 522 1227 608 1282; x_wconf 85' lang='lat' dir='ltr'>rit.</span> <span class='ocrx_word' id='word_1_52' title='bbox 633 1224 884 1274; x_wconf 84' lang='lat' dir='ltr'>accidisse</span> <span class='ocrx_word' id='word_1_53' title='bbox 923 1238 987 1273; x_wconf 85' lang='lat' dir='ltr'>ex</span> <span class='ocrx_word' id='word_1_54' title='bbox 1013 1224 1198 1272; x_wconf 85' lang='lat' dir='ltr'>crebra</span> <span class='ocrx_word' id='word_1_55' title='bbox 1222 1222 1588 1272; x_wconf 81' lang='lat' dir='ltr'>emendatione</span> 
     </span>
     <span class='ocr_line' id='line_1_12' title="bbox 521 1299 1589 1363; baseline -0.001 -15"><span class='ocrx_word' id='word_1_56' title='bbox 521 1309 576 1350; x_wconf 77' lang='lat' dir='ltr'>et</span> <span class='ocrx_word' id='word_1_57' title='bbox 620 1299 1017 1351; x_wconf 70' lang='lat' dir='ltr'>intercalatione</span> <span class='ocrx_word' id='word_1_58' title='bbox 1054 1299 1448 1358; x_wconf 81' lang='lat' dir='ltr'>sententiarum,</span> <span class='ocrx_word' id='word_1_59' title='bbox 1484 1313 1589 1363; x_wconf 84' lang='lat' dir='ltr'>qua</span> 
     </span>
     <span class='ocr_line' id='line_1_13' title="bbox 521 1375 1588 1440; baseline -0.005 -11"><span class='ocrx_word' id='word_1_60' title='bbox 521 1393 642 1429; x_wconf 80' lang='lat' dir='ltr'>usus</span> <span class='ocrx_word' id='word_1_61' title='bbox 666 1385 743 1426; x_wconf 89' lang='lat' dir='ltr'>est</span> <span class='ocrx_word' id='word_1_62' title='bbox 775 1377 887 1440; x_wconf 91' lang='lat' dir='ltr'>ipse</span> <span class='ocrx_word' id='word_1_63' title='bbox 914 1376 1116 1426; x_wconf 85' lang='lat' dir='ltr'>Plinius</span> <span class='ocrx_word' id='word_1_64' title='bbox 1144 1377 1196 1424; x_wconf 90' lang='lat' dir='ltr'>in</span> <span class='ocrx_word' id='word_1_65' title='bbox 1221 1375 1318 1423; x_wconf 87' lang='lat' dir='ltr'>hoc</span> <span class='ocrx_word' id='word_1_66' title='bbox 1351 1375 1588 1439; x_wconf 75' lang='lat' dir='ltr'>Panegy-</span> 
     </span>
     <span class='ocr_line' id='line_1_14' title="bbox 519 1452 1590 1506; baseline -0.003 -2"><span class='ocrx_word' id='word_1_67' title='bbox 519 1457 629 1506; x_wconf 87' lang='lat' dir='ltr'>rico</span> <span class='ocrx_word' id='word_1_68' title='bbox 671 1453 1052 1505; x_wconf 88' lang='lat' dir='ltr'>concinnando.</span> <span class='ocrx_word' id='word_1_69' title='bbox 1120 1452 1476 1504; x_wconf 71' lang='lat' dir='ltr'>Conseruntur</span> <span class='ocrx_word' id='word_1_70' title='bbox 1523 1468 1590 1501; x_wconf 87' lang='lat' dir='ltr'>ea</span> 
     </span>
     <span class='ocr_line' id='line_1_15' title="bbox 517 1531 1586 1597; baseline -0.003 -14"><span class='ocrx_word' id='word_1_71' title='bbox 517 1548 636 1597; x_wconf 64' lang='lat' dir='ltr'>quaa</span> <span class='ocrx_word' id='word_1_72' title='bbox 663 1547 822 1596; x_wconf 85' lang='lat' dir='ltr'>supra</span> <span class='ocrx_word' id='word_1_73' title='bbox 844 1533 906 1581; x_wconf 85' lang='lat' dir='ltr'>ad</span> <span class='ocrx_word' id='word_1_74' title='bbox 934 1545 1141 1582; x_wconf 77' lang='lat' dir='ltr'>xxxix.</span> <span class='ocrx_word' id='word_1_75' title='bbox 1166 1531 1429 1579; x_wconf 81' lang='lat' dir='ltr'>annotavi.</span> <span class='ocrx_word' id='word_1_76' title='bbox 1486 1531 1586 1580; x_wconf 87' lang='lat' dir='ltr'>Ce-</span> 
     </span>
     <span class='ocr_line' id='line_1_16' title="bbox 521 1605 1588 1672; baseline -0.004 -13"><span class='ocrx_word' id='word_1_77' title='bbox 521 1619 708 1672; x_wconf 74' lang='lat' dir='ltr'>terum,</span> <span class='ocrx_word' id='word_1_78' title='bbox 756 1609 1049 1660; x_wconf 86' lang='lat' dir='ltr'>tralititium</span> <span class='ocrx_word' id='word_1_79' title='bbox 1092 1616 1192 1661; x_wconf 84' lang='lat' dir='ltr'>est.</span> <span class='ocrx_word' id='word_1_80' title='bbox 1225 1609 1240 1632; x_wconf 93' lang='lat'>‘</span> <span class='ocrx_word' id='word_1_81' title='bbox 1282 1620 1428 1668; x_wconf 85' lang='lat' dir='ltr'>reges</span> <span class='ocrx_word' id='word_1_82' title='bbox 1454 1605 1468 1625; x_wconf 92' lang='lat'><em>&#39;</em></span> <span class='ocrx_word' id='word_1_83' title='bbox 1502 1607 1588 1655; x_wconf 74' lang='lat' dir='ltr'>liic</span> 
     </span>
     <span class='ocr_line' id='line_1_17' title="bbox 521 1683 1586 1752; baseline -0.003 -17"><span class='ocrx_word' id='word_1_84' title='bbox 521 1701 620 1752; x_wconf 82' lang='lat' dir='ltr'>pro</span> <span class='ocrx_word' id='word_1_85' title='bbox 672 1688 923 1751; x_wconf 76' lang='lat' dir='ltr'>tyrannis,</span> <span class='ocrx_word' id='word_1_86' title='bbox 965 1693 1019 1733; x_wconf 90' lang='lat' dir='ltr'>et</span> <span class='ocrx_word' id='word_1_87' title='bbox 1068 1686 1084 1711; x_wconf 83' lang='lat'>⁸</span> <span class='ocrx_word' id='word_1_88' title='bbox 1122 1698 1332 1745; x_wconf 78' lang='lat' dir='ltr'>regnum</span> <span class='ocrx_word' id='word_1_89' title='bbox 1360 1683 1372 1702; x_wconf 88' lang='lat'>&#39;</span> <span class='ocrx_word' id='word_1_90' title='bbox 1420 1684 1586 1744; x_wconf 86' lang='lat' dir='ltr'>ipsum</span> 
     </span>
     <span class='ocr_line' id='line_1_18' title="bbox 519 1758 1588 1828; baseline -0.006 -16"><span class='ocrx_word' id='word_1_91' title='bbox 519 1779 613 1827; x_wconf 88' lang='lat' dir='ltr'>pro</span> <span class='ocrx_word' id='word_1_92' title='bbox 652 1763 926 1828; x_wconf 76' lang='lat' dir='ltr'>tyrannide</span> <span class='ocrx_word' id='word_1_93' title='bbox 951 1761 1090 1826; x_wconf 88' lang='lat' dir='ltr'>poni.</span> <span class='ocrx_word' id='word_1_94' title='bbox 1144 1759 1228 1810; x_wconf 87' lang='lat' dir='ltr'>Cf.</span> <span class='ocrx_word' id='word_1_95' title='bbox 1263 1758 1327 1808; x_wconf 89' lang='lat' dir='ltr'>ad</span> <span class='ocrx_word' id='word_1_96' title='bbox 1351 1773 1516 1809; x_wconf 72' lang='lat' dir='ltr'>aun.</span> <span class='ocrx_word' id='word_1_97' title='bbox 1542 1766 1588 1808; x_wconf 85' lang='lat'>5.</span> 
     </span>
     <span class='ocr_line' id='line_1_19' title="bbox 519 1840 772 1890; baseline -0.016 0"><span class='ocrx_word' id='word_1_98' title='bbox 519 1840 772 1890; x_wconf 66' lang='lat' dir='ltr'>Seleu-urz.</span> 
     </span>
    </p>

    <p class='ocr_par' dir='ltr' id='par_1_3' title="bbox 519 1909 1588 2054">
     <span class='ocr_line' id='line_1_20' title="bbox 589 1909 1588 1979; baseline -0.004 -15"><span class='ocrx_word' id='word_1_99' title='bbox 589 1913 884 1979; x_wconf 73' lang='lat' dir='ltr'>captivitas]</span> <span class='ocrx_word' id='word_1_100' title='bbox 930 1914 1098 1965; x_wconf 82' lang='lat' dir='ltr'>Quam</span> <span class='ocrx_word' id='word_1_101' title='bbox 1140 1912 1390 1962; x_wconf 83' lang='lat' dir='ltr'>Camillus</span> <span class='ocrx_word' id='word_1_102' title='bbox 1423 1909 1588 1975; x_wconf 84' lang='lat' dir='ltr'>depu-</span> 
     </span>
     <span class='ocr_line' id='line_1_21' title="bbox 519 1991 768 2054; baseline -0.008 -14"><span class='ocrx_word' id='word_1_103' title='bbox 519 1992 599 2041; x_wconf 87' lang='lat' dir='ltr'>lit.</span> <span class='ocrx_word' id='word_1_104' title='bbox 633 1991 768 2054; x_wconf 82' lang='lat' dir='ltr'>Lips-</span> 
     </span>
    </p>

    <p class='ocr_par' dir='ltr' id='par_1_4' title="bbox 509 2066 1592 4365">
     <span class='ocr_line' id='line_1_22' title="bbox 583 2066 1589 2130; baseline -0.004 -13"><span class='ocrx_word' id='word_1_105' title='bbox 583 2068 844 2129; x_wconf 76' lang='lat' dir='ltr'>Sedemqae</span> <span class='ocrx_word' id='word_1_106' title='bbox 861 2067 1042 2120; x_wconf 71' lang='lat' dir='ltr'>obtinet</span> <span class='ocrx_word' id='word_1_107' title='bbox 1072 2066 1332 2130; x_wconf 74' lang='lat' dir='ltr'>principis]</span> <span class='ocrx_word' id='word_1_108' title='bbox 1366 2066 1454 2115; x_wconf 88' lang='lat' dir='ltr'>Sic</span> <span class='ocrx_word' id='word_1_109' title='bbox 1481 2066 1589 2114; x_wconf 84' lang='lat' dir='ltr'>Pli-</span> 
     </span>
     <span class='ocr_line' id='line_1_23' title="bbox 519 2143 1592 2207; baseline -0.007 -9"><span class='ocrx_word' id='word_1_110' title='bbox 519 2145 635 2198; x_wconf 81' lang='lat' dir='ltr'>nius</span> <span class='ocrx_word' id='word_1_111' title='bbox 681 2145 839 2197; x_wconf 84' lang='lat' dir='ltr'>etiam</span> <span class='ocrx_word' id='word_1_112' title='bbox 887 2159 1066 2207; x_wconf 82' lang='lat' dir='ltr'>supra,</span> <span class='ocrx_word' id='word_1_113' title='bbox 1115 2156 1216 2192; x_wconf 84' lang='lat' dir='ltr'>vn.</span> <span class='ocrx_word' id='word_1_114' title='bbox 1257 2148 1308 2191; x_wconf 86' lang='lat'>6.</span> <span class='ocrx_word' id='word_1_115' title='bbox 1358 2143 1374 2170; x_wconf 89' lang='lat'>‘</span> <span class='ocrx_word' id='word_1_116' title='bbox 1401 2143 1592 2206; x_wconf 85' lang='lat' dir='ltr'>princi·</span> 
     </span>
     <span class='ocr_line' id='line_1_24' title="bbox 518 2220 1589 2288; baseline -0.004 -15"><span class='ocrx_word' id='word_1_117' title='bbox 518 2239 639 2288; x_wconf 79' lang='lat' dir='ltr'>pem</span> <span class='ocrx_word' id='word_1_118' title='bbox 661 2222 678 2244; x_wconf 84' lang='lat'><em>&#39;</em></span> <span class='ocrx_word' id='word_1_119' title='bbox 711 2223 978 2283; x_wconf 68' lang='lat' dir='ltr'>distinguit</span> <span class='ocrx_word' id='word_1_120' title='bbox 1013 2238 1043 2270; x_wconf 81' lang='lat' dir='ltr'>a</span> <span class='ocrx_word' id='word_1_121' title='bbox 1075 2228 1090 2249; x_wconf 82' lang='lat'><strong><em>⁴</em></strong></span> <span class='ocrx_word' id='word_1_122' title='bbox 1118 2220 1362 2270; x_wconf 88' lang='lat' dir='ltr'>domino.’</span> <span class='ocrx_word' id='word_1_123' title='bbox 1429 2229 1443 2250; x_wconf 77' lang='lat'>⁸</span> <span class='ocrx_word' id='word_1_124' title='bbox 1469 2221 1589 2270; x_wconf 85' lang='lat' dir='ltr'>Non</span> 
     </span>
     <span class='ocr_line' id='line_1_25' title="bbox 517 2298 1591 2363; baseline -0.004 -12"><span class='ocrx_word' id='word_1_125' title='bbox 517 2302 659 2356; x_wconf 70' lang='lat' dir='ltr'>enim</span> <span class='ocrx_word' id='word_1_126' title='bbox 678 2301 894 2351; x_wconf 80' lang='lat' dir='ltr'>servulis</span> <span class='ocrx_word' id='word_1_127' title='bbox 911 2299 1049 2362; x_wconf 86' lang='lat' dir='ltr'>tuis,’</span> <span class='ocrx_word' id='word_1_128' title='bbox 1071 2300 1255 2363; x_wconf 87' lang='lat' dir='ltr'>iuquit,</span> <span class='ocrx_word' id='word_1_129' title='bbox 1276 2301 1290 2327; x_wconf 81' lang='lat'>⁸</span> <span class='ocrx_word' id='word_1_130' title='bbox 1308 2298 1591 2360; x_wconf 83' lang='lat' dir='ltr'>dominum,</span> 
     </span>
     <span class='ocr_line' id='line_1_26' title="bbox 520 2377 1582 2441; baseline -0.006 -12"><span class='ocrx_word' id='word_1_131' title='bbox 520 2386 579 2430; x_wconf 86' lang='lat' dir='ltr'>nt</span> <span class='ocrx_word' id='word_1_132' title='bbox 603 2380 766 2441; x_wconf 86' lang='lat' dir='ltr'>possis</span> <span class='ocrx_word' id='word_1_133' title='bbox 802 2393 911 2427; x_wconf 77' lang='lat' dir='ltr'>esse</span> <span class='ocrx_word' id='word_1_134' title='bbox 935 2384 1209 2427; x_wconf 82' lang='lat' dir='ltr'>contentus</span> <span class='ocrx_word' id='word_1_135' title='bbox 1233 2377 1377 2440; x_wconf 82' lang='lat' dir='ltr'>quasi</span> <span class='ocrx_word' id='word_1_136' title='bbox 1405 2390 1582 2424; x_wconf 80' lang='lat' dir='ltr'>ueces-</span> 
     </span>
     <span class='ocr_line' id='line_1_27' title="bbox 519 2451 1587 2517; baseline -0.005 -13"><span class='ocrx_word' id='word_1_137' title='bbox 519 2457 654 2505; x_wconf 87' lang='lat' dir='ltr'>sario</span> <span class='ocrx_word' id='word_1_138' title='bbox 680 2455 890 2516; x_wconf 77' lang='lat' dir='ltr'>herede,</span> <span class='ocrx_word' id='word_1_139' title='bbox 914 2457 1004 2504; x_wconf 84' lang='lat' dir='ltr'>sed</span> <span class='ocrx_word' id='word_1_140' title='bbox 1039 2455 1324 2517; x_wconf 80' lang='lat' dir='ltr'>principem</span> <span class='ocrx_word' id='word_1_141' title='bbox 1363 2451 1587 2512; x_wconf 82' lang='lat' dir='ltr'>civibus,</span> 
     </span>
     <span class='ocr_line' id='line_1_28' title="bbox 519 2529 1585 2592; baseline -0.006 -11"><span class='ocrx_word' id='word_1_142' title='bbox 519 2532 736 2583; x_wconf 84' lang='lat' dir='ltr'>daturus</span> <span class='ocrx_word' id='word_1_143' title='bbox 767 2532 823 2580; x_wconf 72' lang='lat' dir='ltr'>‘es</span> <span class='ocrx_word' id='word_1_144' title='bbox 862 2529 1185 2592; x_wconf 64' lang='lat' dir='ltr'>imperator:</span> <span class='ocrx_word' id='word_1_145' title='bbox 1255 2531 1318 2576; x_wconf 81' lang='lat' dir='ltr'>Et</span> <span class='ocrx_word' id='word_1_146' title='bbox 1368 2543 1500 2577; x_wconf 67' lang='lat' dir='ltr'>xnv.</span> <span class='ocrx_word' id='word_1_147' title='bbox 1538 2533 1585 2576; x_wconf 82' lang='lat'>3.</span> 
     </span>
     <span class='ocr_line' id='line_1_29' title="bbox 519 2605 1587 2666; baseline -0.004 -9"><span class='ocrx_word' id='word_1_148' title='bbox 519 2609 671 2666; x_wconf 77' lang='lat' dir='ltr'>dixit,</span> <span class='ocrx_word' id='word_1_149' title='bbox 689 2610 703 2635; x_wconf 91' lang='lat'>‘</span> <span class='ocrx_word' id='word_1_150' title='bbox 725 2608 857 2656; x_wconf 86' lang='lat' dir='ltr'>Sunt</span> <span class='ocrx_word' id='word_1_151' title='bbox 873 2607 1079 2654; x_wconf 83' lang='lat' dir='ltr'>diversa</span> <span class='ocrx_word' id='word_1_152' title='bbox 1101 2612 1281 2653; x_wconf 84' lang='lat' dir='ltr'>ustura</span> <span class='ocrx_word' id='word_1_153' title='bbox 1302 2605 1587 2653; x_wconf 73' lang='lat' dir='ltr'>dominatio</span> 
     </span>
     <span class='ocr_line' id='line_1_30' title="bbox 518 2683 1585 2748; baseline -0.002 -15"><span class='ocrx_word' id='word_1_154' title='bbox 518 2691 572 2735; x_wconf 81' lang='lat' dir='ltr'>et</span> <span class='ocrx_word' id='word_1_155' title='bbox 598 2683 958 2748; x_wconf 64' lang='lat' dir='ltr'>principatus!</span> <span class='ocrx_word' id='word_1_156' title='bbox 1025 2684 1241 2733; x_wconf 78' lang='lat' dir='ltr'>Scilicet</span> <span class='ocrx_word' id='word_1_157' title='bbox 1266 2692 1280 2713; x_wconf 78' lang='lat'>⁸</span> <span class='ocrx_word' id='word_1_158' title='bbox 1307 2685 1549 2746; x_wconf 87' lang='lat' dir='ltr'>princeps</span> <span class='ocrx_word' id='word_1_159' title='bbox 1571 2684 1585 2703; x_wconf 89' lang='lat'>’</span> 
     </span>
     <span class='ocr_line' id='line_1_31' title="bbox 515 2761 1587 2824; baseline 0.001 -15"><span class='ocrx_word' id='word_1_160' title='bbox 515 2762 729 2824; x_wconf 82' lang='lat' dir='ltr'>proprie</span> <span class='ocrx_word' id='word_1_161' title='bbox 753 2770 836 2811; x_wconf 83' lang='lat' dir='ltr'>est</span> <span class='ocrx_word' id='word_1_162' title='bbox 859 2770 1033 2810; x_wconf 87' lang='lat' dir='ltr'>rector</span> <span class='ocrx_word' id='word_1_163' title='bbox 1058 2761 1247 2809; x_wconf 82' lang='lat' dir='ltr'>civium</span> <span class='ocrx_word' id='word_1_164' title='bbox 1272 2761 1587 2823; x_wconf 78' lang='lat' dir='ltr'>liberorum3</span> 
     </span>
     <span class='ocr_line' id='line_1_32' title="bbox 515 2836 1586 2898; baseline 0.001 -12"><span class='ocrx_word' id='word_1_165' title='bbox 515 2841 532 2865; x_wconf 83' lang='lat'>⁸</span> <span class='ocrx_word' id='word_1_166' title='bbox 558 2836 795 2887; x_wconf 85' lang='lat' dir='ltr'>dominus</span> <span class='ocrx_word' id='word_1_167' title='bbox 813 2837 827 2859; x_wconf 87' lang='lat'>’</span> <span class='ocrx_word' id='word_1_168' title='bbox 853 2851 975 2887; x_wconf 80' lang='lat' dir='ltr'>vero</span> <span class='ocrx_word' id='word_1_169' title='bbox 999 2851 1284 2886; x_wconf 79' lang='lat' dir='ltr'>servorum.</span> <span class='ocrx_word' id='word_1_170' title='bbox 1355 2838 1458 2898; x_wconf 85' lang='lat' dir='ltr'>Ita,</span> <span class='ocrx_word' id='word_1_171' title='bbox 1480 2849 1586 2887; x_wconf 84' lang='lat' dir='ltr'>tes·</span> 
     </span>
     <span class='ocr_line' id='line_1_33' title="bbox 519 2914 1583 2977; baseline 0.001 -13"><span class='ocrx_word' id='word_1_172' title='bbox 519 2922 574 2964; x_wconf 83' lang='lat' dir='ltr'>te</span> <span class='ocrx_word' id='word_1_173' title='bbox 599 2915 790 2972; x_wconf 84' lang='lat' dir='ltr'>Dione,</span> <span class='ocrx_word' id='word_1_174' title='bbox 825 2914 915 2964; x_wconf 85' lang='lat' dir='ltr'>lib.</span> <span class='ocrx_word' id='word_1_175' title='bbox 954 2927 1068 2963; x_wconf 77' lang='grc' dir='ltr'>ινι.</span> <span class='ocrx_word' id='word_1_176' title='bbox 1095 2929 1146 2977; x_wconf 90' lang='lat' dir='ltr'>p.</span> <span class='ocrx_word' id='word_1_177' title='bbox 1172 2918 1287 2965; x_wconf 85' lang='grc'><strong>607.</strong></span> <span class='ocrx_word' id='word_1_178' title='bbox 1314 2915 1469 2964; x_wconf 86' lang='lat' dir='ltr'>etiam</span> <span class='ocrx_word' id='word_1_179' title='bbox 1493 2918 1583 2965; x_wconf 82' lang='lat' dir='ltr'>Ti-</span> 
     </span>
     <span class='ocr_line' id='line_1_34' title="bbox 517 2991 1586 3055; baseline 0.002 -16"><span class='ocrx_word' id='word_1_180' title='bbox 517 2992 693 3041; x_wconf 88' lang='lat' dir='ltr'>berius</span> <span class='ocrx_word' id='word_1_181' title='bbox 721 3007 827 3055; x_wconf 79' lang='lat' dir='ltr'>pra.-</span> <span class='ocrx_word' id='word_1_182' title='bbox 852 3007 906 3040; x_wconf 85' lang='lat' dir='ltr'>se</span> <span class='ocrx_word' id='word_1_183' title='bbox 932 2992 1072 3047; x_wconf 88' lang='lat' dir='ltr'>tulit,</span> <span class='ocrx_word' id='word_1_184' title='bbox 1095 2991 1360 3040; x_wconf 87' lang='lat' dir='ltr'>dominum</span> <span class='ocrx_word' id='word_1_185' title='bbox 1397 3006 1453 3041; x_wconf 90' lang='lat' dir='ltr'>se</span> <span class='ocrx_word' id='word_1_186' title='bbox 1478 3006 1586 3041; x_wconf 84' lang='lat' dir='ltr'>ser·</span> 
     </span>
     <span class='ocr_line' id='line_1_35' title="bbox 516 3069 1587 3133; baseline 0 -15"><span class='ocrx_word' id='word_1_187' title='bbox 516 3083 724 3132; x_wconf 82' lang='lat' dir='ltr'>vorum,</span> <span class='ocrx_word' id='word_1_188' title='bbox 762 3070 1128 3133; x_wconf 76' lang='lat' dir='ltr'>imperatorem</span> <span class='ocrx_word' id='word_1_189' title='bbox 1164 3069 1407 3131; x_wconf 82' lang='lat' dir='ltr'>militum,</span> <span class='ocrx_word' id='word_1_190' title='bbox 1447 3071 1587 3133; x_wconf 88' lang='lat' dir='ltr'>prin·</span> 
     </span>
     <span class='ocr_line' id='line_1_36' title="bbox 516 3145 1582 3212; baseline -0.004 -15"><span class='ocrx_word' id='word_1_191' title='bbox 516 3148 687 3212; x_wconf 81' lang='lat' dir='ltr'>cipern</span> <span class='ocrx_word' id='word_1_192' title='bbox 711 3155 1005 3198; x_wconf 73' lang='lat' dir='ltr'>ceterorum</span> <span class='ocrx_word' id='word_1_193' title='bbox 1028 3159 1160 3194; x_wconf 82' lang='lat' dir='ltr'>esse.</span> <span class='ocrx_word' id='word_1_194' title='bbox 1207 3145 1471 3209; x_wconf 79' lang='lat' dir='ltr'>Augustus</span> <span class='ocrx_word' id='word_1_195' title='bbox 1499 3160 1582 3194; x_wconf 86' lang='lat' dir='ltr'>ve-</span> 
     </span>
     <span class='ocr_line' id='line_1_37' title="bbox 517 3223 1587 3286; baseline 0.001 -15"><span class='ocrx_word' id='word_1_196' title='bbox 517 3238 577 3273; x_wconf 88' lang='lat' dir='ltr'>ro</span> <span class='ocrx_word' id='word_1_197' title='bbox 601 3224 808 3273; x_wconf 75' lang='lat' dir='ltr'>titulum</span> <span class='ocrx_word' id='word_1_198' title='bbox 824 3223 957 3271; x_wconf 87' lang='lat' dir='ltr'>hunc</span> <span class='ocrx_word' id='word_1_199' title='bbox 981 3237 1047 3272; x_wconf 84' lang='lat' dir='ltr'>ex</span> <span class='ocrx_word' id='word_1_200' title='bbox 1063 3237 1158 3272; x_wconf 89' lang='lat' dir='ltr'>usn</span> <span class='ocrx_word' id='word_1_201' title='bbox 1178 3223 1356 3272; x_wconf 81' lang='lat' dir='ltr'>liberae</span> <span class='ocrx_word' id='word_1_202' title='bbox 1377 3223 1587 3286; x_wconf 75' lang='lat' dir='ltr'>reipub·</span> 
     </span>
     <span class='ocr_line' id='line_1_38' title="bbox 515 3299 1587 3364; baseline -0.002 -15"><span class='ocrx_word' id='word_1_203' title='bbox 515 3299 656 3360; x_wconf 68' lang='lat' dir='ltr'>lice,</span> <span class='ocrx_word' id='word_1_204' title='bbox 690 3300 740 3348; x_wconf 86' lang='lat' dir='ltr'>in</span> <span class='ocrx_word' id='word_1_205' title='bbox 773 3314 877 3364; x_wconf 81' lang='lat' dir='ltr'>qua</span> <span class='ocrx_word' id='word_1_206' title='bbox 899 3300 1009 3362; x_wconf 87' lang='lat' dir='ltr'>jam</span> <span class='ocrx_word' id='word_1_207' title='bbox 1054 3313 1241 3348; x_wconf 85' lang='lat' dir='ltr'>nomen</span> <span class='ocrx_word' id='word_1_208' title='bbox 1278 3300 1293 3327; x_wconf 92' lang='lat'>‘</span> <span class='ocrx_word' id='word_1_209' title='bbox 1336 3299 1587 3363; x_wconf 90' lang='lat' dir='ltr'>principis</span> 
     </span>
     <span class='ocr_line' id='line_1_39' title="bbox 515 3376 1586 3438; baseline 0.001 -14"><span class='ocrx_word' id='word_1_210' title='bbox 515 3384 729 3424; x_wconf 87' lang='lat' dir='ltr'>senatus</span> <span class='ocrx_word' id='word_1_211' title='bbox 759 3376 774 3397; x_wconf 88' lang='lat'><em>&#39;</em></span> <span class='ocrx_word' id='word_1_212' title='bbox 801 3376 1123 3438; x_wconf 81' lang='lat' dir='ltr'>obtinuerat,</span> <span class='ocrx_word' id='word_1_213' title='bbox 1147 3376 1354 3427; x_wconf 65' lang='lat' dir='ltr'>invidia</span> <span class='ocrx_word' id='word_1_214' title='bbox 1389 3377 1586 3427; x_wconf 86' lang='lat' dir='ltr'>lenien-</span> 
     </span>
     <span class='ocr_line' id='line_1_40' title="bbox 515 3453 1585 3518; baseline 0 -16"><span class='ocrx_word' id='word_1_215' title='bbox 515 3453 600 3502; x_wconf 63' lang='lat' dir='ltr'>da</span> <span class='ocrx_word' id='word_1_216' title='bbox 623 3468 823 3516; x_wconf 86' lang='lat' dir='ltr'>caussa,</span> <span class='ocrx_word' id='word_1_217' title='bbox 844 3454 908 3503; x_wconf 91' lang='lat' dir='ltr'>ad</span> <span class='ocrx_word' id='word_1_218' title='bbox 932 3468 1225 3518; x_wconf 83' lang='lat' dir='ltr'>supremam</span> <span class='ocrx_word' id='word_1_219' title='bbox 1244 3455 1448 3516; x_wconf 87' lang='lat' dir='ltr'>imperii</span> <span class='ocrx_word' id='word_1_220' title='bbox 1473 3454 1585 3517; x_wconf 78' lang='lat' dir='ltr'>dig·</span> 
     </span>
     <span class='ocr_line' id='line_1_41' title="bbox 513 3532 1583 3595; baseline 0.003 -16"><span class='ocrx_word' id='word_1_221' title='bbox 513 3532 734 3581; x_wconf 86' lang='lat' dir='ltr'>nitatem</span> <span class='ocrx_word' id='word_1_222' title='bbox 793 3535 1061 3583; x_wconf 75' lang='lat' dir='ltr'>transtulit</span> <span class='ocrx_word' id='word_1_223' title='bbox 1086 3548 1102 3592; x_wconf 74' lang='lat'><em>3</em></span> <span class='ocrx_word' id='word_1_224' title='bbox 1162 3533 1296 3595; x_wconf 89' lang='lat' dir='ltr'>quod</span> <span class='ocrx_word' id='word_1_225' title='bbox 1358 3540 1583 3582; x_wconf 86' lang='lat' dir='ltr'>testatus</span> 
     </span>
     <span class='ocr_line' id='line_1_42' title="bbox 515 3604 1584 3667; baseline 0.003 -13"><span class='ocrx_word' id='word_1_226' title='bbox 515 3606 687 3655; x_wconf 80' lang='lat' dir='ltr'>Tacit.</span> <span class='ocrx_word' id='word_1_227' title='bbox 722 3604 910 3654; x_wconf 81' lang='lat' dir='ltr'>Annal.</span> <span class='ocrx_word' id='word_1_228' title='bbox 957 3619 993 3655; x_wconf 83' lang='lat'>1.</span> <span class='ocrx_word' id='word_1_229' title='bbox 1034 3611 1079 3654; x_wconf 86' lang='lat' dir='ltr'>l.</span> <span class='ocrx_word' id='word_1_230' title='bbox 1121 3607 1137 3631; x_wconf 81' lang='lat'><strong>⁴</strong></span> <span class='ocrx_word' id='word_1_231' title='bbox 1163 3606 1472 3667; x_wconf 73' lang='lat' dir='ltr'>Angustus,&#39;</span> <span class='ocrx_word' id='word_1_232' title='bbox 1507 3609 1584 3657; x_wconf 91' lang='lat' dir='ltr'>in-</span> 
     </span>
     <span class='ocr_line' id='line_1_43' title="bbox 519 3683 1584 3749; baseline 0.001 -16"><span class='ocrx_word' id='word_1_233' title='bbox 519 3685 653 3749; x_wconf 84' lang='lat' dir='ltr'>quit,</span> <span class='ocrx_word' id='word_1_234' title='bbox 673 3683 690 3709; x_wconf 88' lang='lat'>‘</span> <span class='ocrx_word' id='word_1_235' title='bbox 709 3692 898 3732; x_wconf 86' lang='lat' dir='ltr'>cuncta</span> <span class='ocrx_word' id='word_1_236' title='bbox 919 3683 1193 3732; x_wconf 69' lang='lat' dir='ltr'>discordiis</span> <span class='ocrx_word' id='word_1_237' title='bbox 1217 3685 1455 3733; x_wconf 83' lang='lat' dir='ltr'>civilibus</span> <span class='ocrx_word' id='word_1_238' title='bbox 1480 3683 1584 3734; x_wconf 80' lang='lat' dir='ltr'>fes·</span> 
     </span>
     <span class='ocr_line' id='line_1_44' title="bbox 513 3761 1583 3826; baseline 0.002 -15"><span class='ocrx_word' id='word_1_239' title='bbox 513 3777 591 3826; x_wconf 85' lang='lat' dir='ltr'>sa,</span> <span class='ocrx_word' id='word_1_240' title='bbox 630 3761 840 3811; x_wconf 83' lang='lat' dir='ltr'>nomine</span> <span class='ocrx_word' id='word_1_241' title='bbox 870 3761 1137 3824; x_wconf 78' lang='lat' dir='ltr'>principis,</span> <span class='ocrx_word' id='word_1_242' title='bbox 1175 3762 1273 3811; x_wconf 90' lang='lat' dir='ltr'>sub</span> <span class='ocrx_word' id='word_1_243' title='bbox 1311 3763 1583 3825; x_wconf 79' lang='lat' dir='ltr'>imperium</span> 
     </span>
     <span class='ocr_line' id='line_1_45' title="bbox 520 3835 1587 3902; baseline 0.001 -14"><span class='ocrx_word' id='word_1_244' title='bbox 520 3835 768 3902; x_wconf 83' lang='lat' dir='ltr'>accepit.&#39;</span> <span class='ocrx_word' id='word_1_245' title='bbox 836 3837 904 3886; x_wconf 85' lang='lat' dir='ltr'>Et</span> <span class='ocrx_word' id='word_1_246' title='bbox 941 3851 986 3885; x_wconf 86' lang='lat' dir='ltr'>c.</span> <span class='ocrx_word' id='word_1_247' title='bbox 1016 3840 1065 3885; x_wconf 81' lang='lat'>9.</span> <span class='ocrx_word' id='word_1_248' title='bbox 1106 3844 1121 3867; x_wconf 80' lang='lat'>¹</span> <span class='ocrx_word' id='word_1_249' title='bbox 1150 3837 1267 3887; x_wconf 86' lang='lat' dir='ltr'>Non</span> <span class='ocrx_word' id='word_1_250' title='bbox 1314 3853 1472 3901; x_wconf 81' lang='lat' dir='ltr'>regno</span> <span class='ocrx_word' id='word_1_251' title='bbox 1508 3848 1587 3890; x_wconf 87' lang='lat' dir='ltr'>ta-</span> 
     </span>
     <span class='ocr_line' id='line_1_46' title="bbox 515 3913 1586 3980; baseline 0.001 -16"><span class='ocrx_word' id='word_1_252' title='bbox 515 3929 657 3975; x_wconf 79' lang='lat' dir='ltr'>men,</span> <span class='ocrx_word' id='word_1_253' title='bbox 683 3928 854 3978; x_wconf 83' lang='lat' dir='ltr'>neque</span> <span class='ocrx_word' id='word_1_254' title='bbox 887 3913 1166 3970; x_wconf 83' lang='lat' dir='ltr'>dictatura,</span> <span class='ocrx_word' id='word_1_255' title='bbox 1199 3915 1291 3964; x_wconf 86' lang='lat' dir='ltr'>sed</span> <span class='ocrx_word' id='word_1_256' title='bbox 1332 3916 1586 3980; x_wconf 87' lang='lat' dir='ltr'>principis</span> 
     </span>
     <span class='ocr_line' id='line_1_47' title="bbox 516 3988 1586 4055; baseline -0.001 -13"><span class='ocrx_word' id='word_1_257' title='bbox 516 3992 749 4051; x_wconf 81' lang='lat' dir='ltr'>nomine,</span> <span class='ocrx_word' id='word_1_258' title='bbox 815 3988 1092 4047; x_wconf 83' lang='lat' dir='ltr'>constituit</span> <span class='ocrx_word' id='word_1_259' title='bbox 1169 3992 1586 4055; x_wconf 84' lang='lat' dir='ltr'>rempublicam.&#39;</span> 
     </span>
     <span class='ocr_line' id='line_1_48' title="bbox 513 4066 1584 4133; baseline -0.001 -14"><span class='ocrx_word' id='word_1_260' title='bbox 513 4069 530 4099; x_wconf 85' lang='lat'>‘</span> <span class='ocrx_word' id='word_1_261' title='bbox 547 4066 838 4133; x_wconf 81' lang='lat' dir='ltr'>Principis&#39;</span> <span class='ocrx_word' id='word_1_262' title='bbox 877 4067 1035 4131; x_wconf 77' lang='lat' dir='ltr'>igitur</span> <span class='ocrx_word' id='word_1_263' title='bbox 1058 4068 1263 4118; x_wconf 78' lang='lat' dir='ltr'>nomino</span> <span class='ocrx_word' id='word_1_264' title='bbox 1288 4078 1584 4125; x_wconf 84' lang='lat' dir='ltr'>contentus.</span> 
     </span>
     <span class='ocr_line' id='line_1_49' title="bbox 513 4144 1583 4208; baseline -0.004 -13"><span class='ocrx_word' id='word_1_265' title='bbox 513 4159 615 4196; x_wconf 81' lang='lat' dir='ltr'>non</span> <span class='ocrx_word' id='word_1_266' title='bbox 643 4144 855 4200; x_wconf 72' lang='lat' dir='ltr'>donnini,</span> <span class='ocrx_word' id='word_1_267' title='bbox 892 4157 994 4193; x_wconf 83' lang='lat' dir='ltr'>non</span> <span class='ocrx_word' id='word_1_268' title='bbox 1030 4145 1188 4208; x_wconf 75' lang='lat' dir='ltr'>regis,</span> <span class='ocrx_word' id='word_1_269' title='bbox 1221 4160 1321 4195; x_wconf 80' lang='lat' dir='ltr'>nee</span> <span class='ocrx_word' id='word_1_270' title='bbox 1354 4146 1583 4197; x_wconf 79' lang='lat' dir='ltr'>dictato.-</span> 
     </span>
     <span class='ocr_line' id='line_1_50' title="bbox 509 4220 1584 4286; baseline 0.001 -14"><span class='ocrx_word' id='word_1_271' title='bbox 509 4224 605 4275; x_wconf 57' lang='grc' dir='ltr'>νὴ.</span> <span class='ocrx_word' id='word_1_272' title='bbox 641 4222 845 4271; x_wconf 87' lang='lat' dir='ltr'>titulum</span> <span class='ocrx_word' id='word_1_273' title='bbox 869 4220 1131 4282; x_wconf 73' lang='lat' dir='ltr'>adscivit3</span> <span class='ocrx_word' id='word_1_274' title='bbox 1164 4223 1284 4286; x_wconf 75' lang='lat' dir='ltr'>quia</span> <span class='ocrx_word' id='word_1_275' title='bbox 1322 4223 1372 4273; x_wconf 91' lang='lat' dir='ltr'>in</span> <span class='ocrx_word' id='word_1_276' title='bbox 1398 4224 1485 4273; x_wconf 85' lang='lat' dir='ltr'>illo</span> <span class='ocrx_word' id='word_1_277' title='bbox 1510 4224 1584 4273; x_wconf 89' lang='lat' dir='ltr'>ni·</span> 
     </span>
     <span class='ocr_line' id='line_1_51' title="bbox 513 4297 1587 4365; baseline 0 -16"><span class='ocrx_word' id='word_1_278' title='bbox 513 4297 588 4349; x_wconf 73' lang='lat' dir='ltr'>hil</span> <span class='ocrx_word' id='word_1_279' title='bbox 611 4298 910 4365; x_wconf 79' lang='lat' dir='ltr'>superbum,</span> <span class='ocrx_word' id='word_1_280' title='bbox 931 4298 1058 4350; x_wconf 79' lang='lat' dir='ltr'>nihil</span> <span class='ocrx_word' id='word_1_281' title='bbox 1077 4299 1407 4363; x_wconf 79' lang='lat' dir='ltr'>tyrannicum</span> <span class='ocrx_word' id='word_1_282' title='bbox 1431 4309 1587 4351; x_wconf 84' lang='lat' dir='ltr'>esset.</span> 
     </span>
    </p>
   </div>
   <div class='ocr_carea' id='block_1_3' title="bbox 1226 386 2030 438">
    <p class='ocr_par' dir='ltr' id='par_1_5' title="bbox 1226 386 2030 438">
     <span class='ocr_line' id='line_1_52' title="bbox 1226 386 2030 438; baseline -0.001 -1"><span class='ocrx_word' id='word_1_283' title='bbox 1226 387 1443 438; x_wconf 75' lang='lat' dir='ltr'>NOTAE</span> <span class='ocrx_word' id='word_1_284' title='bbox 1497 386 1897 436; x_wconf 63' lang='lat' dir='ltr'>vantonuu</span> <span class='ocrx_word' id='word_1_285' title='bbox 1952 387 2030 436; x_wconf 73' lang='lat' dir='ltr'>{N</span> 
     </span>
    </p>
   </div>
   <div class='ocr_carea' id='block_1_4' title="bbox 1654 528 2759 4355">
    <p class='ocr_par' dir='ltr' id='par_1_6' title="bbox 1660 528 2759 2591">
     <span class='ocr_line' id='line_1_53' title="bbox 1667 528 2731 593; baseline -0.001 -14"><span class='ocrx_word' id='word_1_286' title='bbox 1667 528 1943 590; x_wconf 77' lang='lat' dir='ltr'>sigillatim</span> <span class='ocrx_word' id='word_1_287' title='bbox 1997 529 2403 593; x_wconf 77' lang='lat' dir='ltr'>appellationem</span> <span class='ocrx_word' id='word_1_288' title='bbox 2447 535 2461 557; x_wconf 79' lang='lat'><strong><em>⁴</em></strong></span> <span class='ocrx_word' id='word_1_289' title='bbox 2497 529 2731 588; x_wconf 65' lang='lat' dir='ltr'>domiui.,&#39;</span> 
     </span>
     <span class='ocr_line' id='line_1_54' title="bbox 1669 604 2728 670; baseline 0.005 -17"><span class='ocrx_word' id='word_1_290' title='bbox 1669 613 1726 653; x_wconf 88' lang='lat' dir='ltr'>ut</span> <span class='ocrx_word' id='word_1_291' title='bbox 1759 604 2091 655; x_wconf 78' lang='lat' dir='ltr'>maledictum</span> <span class='ocrx_word' id='word_1_292' title='bbox 2124 615 2181 656; x_wconf 83' lang='lat' dir='ltr'>et</span> <span class='ocrx_word' id='word_1_293' title='bbox 2208 606 2568 670; x_wconf 83' lang='lat' dir='ltr'>opprobrium,</span> <span class='ocrx_word' id='word_1_294' title='bbox 2597 623 2728 657; x_wconf 86' lang='lat' dir='ltr'>sem·</span> 
     </span>
     <span class='ocr_line' id='line_1_55' title="bbox 1668 681 2729 747; baseline 0.005 -18"><span class='ocrx_word' id='word_1_295' title='bbox 1668 694 1761 743; x_wconf 82' lang='lat' dir='ltr'>per</span> <span class='ocrx_word' id='word_1_296' title='bbox 1815 681 2143 731; x_wconf 73' lang='lat' dir='ltr'>exhorruisse</span> <span class='ocrx_word' id='word_1_297' title='bbox 2213 684 2481 747; x_wconf 74' lang='lat' dir='ltr'>Augustus</span> <span class='ocrx_word' id='word_1_298' title='bbox 2538 683 2729 734; x_wconf 85' lang='lat' dir='ltr'>dicitur</span> 
     </span>
     <span class='ocr_line' id='line_1_56' title="bbox 1666 756 2729 824; baseline 0.008 -20"><span class='ocrx_word' id='word_1_299' title='bbox 1666 757 1911 806; x_wconf 84' lang='lat' dir='ltr'>Suetonio</span> <span class='ocrx_word' id='word_1_300' title='bbox 1948 756 2083 822; x_wconf 71' lang='lat' dir='ltr'>Aug.</span> <span class='ocrx_word' id='word_1_301' title='bbox 2106 774 2226 824; x_wconf 86' lang='lat' dir='ltr'>cap.</span> <span class='ocrx_word' id='word_1_302' title='bbox 2247 763 2331 809; x_wconf 75' lang='lat'>53.</span> <span class='ocrx_word' id='word_1_303' title='bbox 2397 761 2503 810; x_wconf 79' lang='lat' dir='ltr'>Sed</span> <span class='ocrx_word' id='word_1_304' title='bbox 2535 761 2601 811; x_wconf 87' lang='lat' dir='ltr'>ab</span> <span class='ocrx_word' id='word_1_305' title='bbox 2629 762 2729 812; x_wconf 88' lang='lat' dir='ltr'>ista</span> 
     </span>
     <span class='ocr_line' id='line_1_57' title="bbox 1665 834 2732 902; baseline 0.004 -21"><span class='ocrx_word' id='word_1_306' title='bbox 1665 834 2019 884; x_wconf 84' lang='lat' dir='ltr'>moderatione</span> <span class='ocrx_word' id='word_1_307' title='bbox 2035 835 2148 898; x_wconf 86' lang='lat' dir='ltr'>jam</span> <span class='ocrx_word' id='word_1_308' title='bbox 2170 837 2391 886; x_wconf 77' lang='lat' dir='ltr'>recessit</span> <span class='ocrx_word' id='word_1_309' title='bbox 2420 837 2597 893; x_wconf 88' lang='lat' dir='ltr'>Caius,</span> <span class='ocrx_word' id='word_1_310' title='bbox 2620 839 2732 902; x_wconf 82' lang='lat' dir='ltr'>qui,</span> 
     </span>
     <span class='ocr_line' id='line_1_58' title="bbox 1664 912 2732 964; baseline 0.003 -3"><span class='ocrx_word' id='word_1_311' title='bbox 1664 913 1945 961; x_wconf 86' lang='lat' dir='ltr'>secundum</span> <span class='ocrx_word' id='word_1_312' title='bbox 1972 912 2181 963; x_wconf 87' lang='lat' dir='ltr'>Victor.</span> <span class='ocrx_word' id='word_1_313' title='bbox 2213 914 2347 964; x_wconf 65' lang='lat' dir='ltr'>Ces.</span> <span class='ocrx_word' id='word_1_314' title='bbox 2369 929 2417 964; x_wconf 83' lang='lat' dir='ltr'>c.</span> <span class='ocrx_word' id='word_1_315' title='bbox 2439 918 2491 964; x_wconf 76' lang='lat'>8.</span> <span class='ocrx_word' id='word_1_316' title='bbox 2520 916 2537 942; x_wconf 87' lang='lat'>‘</span> <span class='ocrx_word' id='word_1_317' title='bbox 2564 913 2732 964; x_wconf 86' lang='lat' dir='ltr'>domi·</span> 
     </span>
     <span class='ocr_line' id='line_1_59' title="bbox 1666 987 2730 1056; baseline 0.004 -19"><span class='ocrx_word' id='word_1_318' title='bbox 1666 1003 1762 1038; x_wconf 89' lang='lat' dir='ltr'>nus</span> <span class='ocrx_word' id='word_1_319' title='bbox 1787 987 1799 1008; x_wconf 88' lang='lat'><em>&#39;</em></span> <span class='ocrx_word' id='word_1_320' title='bbox 1821 990 2076 1053; x_wconf 83' lang='lat' dir='ltr'>appellari</span> <span class='ocrx_word' id='word_1_321' title='bbox 2107 989 2288 1040; x_wconf 85' lang='lat' dir='ltr'>voluit.</span> <span class='ocrx_word' id='word_1_322' title='bbox 2357 989 2544 1041; x_wconf 79' lang='lat' dir='ltr'>Adhuc</span> <span class='ocrx_word' id='word_1_323' title='bbox 2565 991 2730 1056; x_wconf 65' lang='lat' dir='ltr'>magis</span> 
     </span>
     <span class='ocr_line' id='line_1_60' title="bbox 1664 1065 2759 1132; baseline 0.004 -20"><span class='ocrx_word' id='word_1_324' title='bbox 1664 1065 1799 1114; x_wconf 80' lang='lat' dir='ltr'>hunc</span> <span class='ocrx_word' id='word_1_325' title='bbox 1824 1066 2030 1114; x_wconf 86' lang='lat' dir='ltr'>titulum</span> <span class='ocrx_word' id='word_1_326' title='bbox 2055 1066 2233 1115; x_wconf 86' lang='lat' dir='ltr'>ambiit</span> <span class='ocrx_word' id='word_1_327' title='bbox 2257 1068 2759 1132; x_wconf 80' lang='lat' dir='ltr'>Domitianus,qui,·</span> 
     </span>
     <span class='ocr_line' id='line_1_61' title="bbox 1665 1143 2728 1206; baseline 0.004 -16"><span class='ocrx_word' id='word_1_328' title='bbox 1665 1148 1801 1191; x_wconf 89' lang='lat' dir='ltr'>teste</span> <span class='ocrx_word' id='word_1_329' title='bbox 1825 1143 1965 1192; x_wconf 81' lang='lat' dir='ltr'>Suet.</span> <span class='ocrx_word' id='word_1_330' title='bbox 1990 1144 2143 1192; x_wconf 87' lang='lat' dir='ltr'>Dom.</span> <span class='ocrx_word' id='word_1_331' title='bbox 2166 1158 2214 1192; x_wconf 85' lang='lat' dir='ltr'>c.</span> <span class='ocrx_word' id='word_1_332' title='bbox 2238 1147 2320 1193; x_wconf 78' lang='lat'>13.</span> <span class='ocrx_word' id='word_1_333' title='bbox 2349 1144 2626 1206; x_wconf 75' lang='lat' dir='ltr'>epistolant</span> <span class='ocrx_word' id='word_1_334' title='bbox 2650 1145 2728 1194; x_wconf 78' lang='lat' dir='ltr'>bis</span> 
     </span>
     <span class='ocr_line' id='line_1_62' title="bbox 1664 1219 2729 1274; baseline 0.008 -9"><span class='ocrx_word' id='word_1_335' title='bbox 1664 1219 1833 1268; x_wconf 83' lang='lat' dir='ltr'>verbis</span> <span class='ocrx_word' id='word_1_336' title='bbox 1849 1232 2062 1268; x_wconf 84' lang='lat' dir='ltr'>exorsus</span> <span class='ocrx_word' id='word_1_337' title='bbox 2077 1228 2187 1269; x_wconf 83' lang='lat' dir='ltr'>est:</span> <span class='ocrx_word' id='word_1_338' title='bbox 2211 1222 2492 1272; x_wconf 85' lang='lat' dir='ltr'>‘Dominus</span> <span class='ocrx_word' id='word_1_339' title='bbox 2510 1231 2563 1271; x_wconf 86' lang='lat' dir='ltr'>et</span> <span class='ocrx_word' id='word_1_340' title='bbox 2582 1223 2729 1274; x_wconf 85' lang='lat' dir='ltr'>Deus</span> 
     </span>
     <span class='ocr_line' id='line_1_63' title="bbox 1662 1296 2731 1361; baseline 0.006 -17"><span class='ocrx_word' id='word_1_341' title='bbox 1662 1303 1844 1345; x_wconf 92' lang='lat' dir='ltr'>noster</span> <span class='ocrx_word' id='word_1_342' title='bbox 1889 1296 1966 1346; x_wconf 87' lang='lat' dir='ltr'>sic</span> <span class='ocrx_word' id='word_1_343' title='bbox 2006 1296 2118 1347; x_wconf 82' lang='lat' dir='ltr'>fieri</span> <span class='ocrx_word' id='word_1_344' title='bbox 2155 1297 2350 1361; x_wconf 83' lang='lat' dir='ltr'>jubet.&#39;</span> <span class='ocrx_word' id='word_1_345' title='bbox 2416 1298 2618 1350; x_wconf 71' lang='lat' dir='ltr'>Eadem</span> <span class='ocrx_word' id='word_1_346' title='bbox 2656 1307 2731 1350; x_wconf 83' lang='lat' dir='ltr'>ta·</span> 
     </span>
     <span class='ocr_line' id='line_1_64' title="bbox 1662 1374 2728 1438; baseline 0.002 -16"><span class='ocrx_word' id='word_1_347' title='bbox 1662 1386 1779 1422; x_wconf 83' lang='lat' dir='ltr'>meu</span> <span class='ocrx_word' id='word_1_348' title='bbox 1802 1375 2152 1438; x_wconf 81' lang='lat' dir='ltr'>appellatione</span> <span class='ocrx_word' id='word_1_349' title='bbox 2172 1390 2271 1424; x_wconf 91' lang='lat' dir='ltr'>non</span> <span class='ocrx_word' id='word_1_350' title='bbox 2298 1375 2590 1425; x_wconf 82' lang='lat' dir='ltr'>delectatus</span> <span class='ocrx_word' id='word_1_351' title='bbox 2604 1374 2728 1425; x_wconf 83' lang='lat' dir='ltr'>t&#39;uis·</span> 
     </span>
     <span class='ocr_line' id='line_1_65' title="bbox 1660 1450 2727 1516; baseline 0.003 -17"><span class='ocrx_word' id='word_1_352' title='bbox 1660 1464 1716 1499; x_wconf 81' lang='lat' dir='ltr'>ae</span> <span class='ocrx_word' id='word_1_353' title='bbox 1761 1450 1965 1499; x_wconf 80' lang='lat' dir='ltr'>videtur</span> <span class='ocrx_word' id='word_1_354' title='bbox 1996 1451 2285 1513; x_wconf 82' lang='lat' dir='ltr'>Trajanus;</span> <span class='ocrx_word' id='word_1_355' title='bbox 2320 1452 2386 1501; x_wconf 88' lang='lat' dir='ltr'>de</span> <span class='ocrx_word' id='word_1_356' title='bbox 2431 1467 2534 1516; x_wconf 89' lang='lat' dir='ltr'>quo</span> <span class='ocrx_word' id='word_1_357' title='bbox 2581 1452 2727 1504; x_wconf 81' lang='lat' dir='ltr'>Mar·</span> 
     </span>
     <span class='ocr_line' id='line_1_66' title="bbox 1662 1528 2730 1589; baseline 0.003 -12"><span class='ocrx_word' id='word_1_358' title='bbox 1662 1528 1769 1577; x_wconf 83' lang='lat' dir='ltr'>tiai.</span> <span class='ocrx_word' id='word_1_359' title='bbox 1795 1541 1851 1577; x_wconf 83' lang='lat' dir='ltr'>x.</span> <span class='ocrx_word' id='word_1_360' title='bbox 1877 1533 1960 1577; x_wconf 79' lang='grc'>72.</span> <span class='ocrx_word' id='word_1_361' title='bbox 1998 1529 2204 1589; x_wconf 78' lang='lat' dir='ltr'>scribit,</span> <span class='ocrx_word' id='word_1_362' title='bbox 2239 1530 2253 1555; x_wconf 94' lang='lat'>‘</span> <span class='ocrx_word' id='word_1_363' title='bbox 2281 1531 2496 1579; x_wconf 80' lang='lat' dir='ltr'>Frustra</span> <span class='ocrx_word' id='word_1_364' title='bbox 2522 1529 2730 1580; x_wconf 84' lang='lat' dir='ltr'>blandi·</span> 
     </span>
     <span class='ocr_line' id='line_1_67' title="bbox 1664 1605 2730 1657; baseline 0.001 -3"><span class='ocrx_word' id='word_1_365' title='bbox 1664 1606 1750 1654; x_wconf 75' lang='lat' dir='ltr'>tiae</span> <span class='ocrx_word' id='word_1_366' title='bbox 1778 1605 1962 1654; x_wconf 76' lang='lat' dir='ltr'>venitis</span> <span class='ocrx_word' id='word_1_367' title='bbox 1987 1605 2050 1655; x_wconf 92' lang='lat' dir='ltr'>ad</span> <span class='ocrx_word' id='word_1_368' title='bbox 2077 1620 2158 1655; x_wconf 87' lang='lat' dir='ltr'>me</span> <span class='ocrx_word' id='word_1_369' title='bbox 2179 1639 2193 1653; x_wconf 93' lang='lat'>.</span> <span class='ocrx_word' id='word_1_370' title='bbox 2212 1640 2225 1654; x_wconf 91' lang='lat'>.</span> <span class='ocrx_word' id='word_1_371' title='bbox 2249 1639 2262 1656; x_wconf 93' lang='lat'>.</span> <span class='ocrx_word' id='word_1_372' title='bbox 2288 1607 2543 1657; x_wconf 76' lang='lat' dir='ltr'>Dicturus</span> <span class='ocrx_word' id='word_1_373' title='bbox 2564 1607 2730 1656; x_wconf 70' lang='lat' dir='ltr'>domi·</span> 
     </span>
     <span class='ocr_line' id='line_1_68' title="bbox 1663 1682 2732 1746; baseline -0.001 -14"><span class='ocrx_word' id='word_1_374' title='bbox 1663 1697 1781 1732; x_wconf 85' lang='lat' dir='ltr'>num</span> <span class='ocrx_word' id='word_1_375' title='bbox 1798 1684 2067 1746; x_wconf 83' lang='lat' dir='ltr'>Deumque</span> <span class='ocrx_word' id='word_1_376' title='bbox 2087 1697 2185 1733; x_wconf 90' lang='lat' dir='ltr'>non</span> <span class='ocrx_word' id='word_1_377' title='bbox 2207 1697 2349 1732; x_wconf 78' lang='lat' dir='ltr'>sum:</span> <span class='ocrx_word' id='word_1_378' title='bbox 2384 1682 2503 1734; x_wconf 77' lang='lat' dir='ltr'>Jatn</span> <span class='ocrx_word' id='word_1_379' title='bbox 2526 1697 2630 1732; x_wconf 85' lang='lat' dir='ltr'>non</span> <span class='ocrx_word' id='word_1_380' title='bbox 2647 1691 2732 1732; x_wconf 82' lang='lat' dir='ltr'>est</span> 
     </span>
     <span class='ocr_line' id='line_1_69' title="bbox 1664 1758 2732 1809; baseline 0.001 -1"><span class='ocrx_word' id='word_1_381' title='bbox 1664 1761 1805 1808; x_wconf 88' lang='lat' dir='ltr'>locus</span> <span class='ocrx_word' id='word_1_382' title='bbox 1829 1761 1922 1808; x_wconf 80' lang='lat' dir='ltr'>hac</span> <span class='ocrx_word' id='word_1_383' title='bbox 1945 1760 1996 1807; x_wconf 90' lang='lat' dir='ltr'>in</span> <span class='ocrx_word' id='word_1_384' title='bbox 2022 1759 2149 1807; x_wconf 86' lang='lat' dir='ltr'>urbe</span> <span class='ocrx_word' id='word_1_385' title='bbox 2186 1758 2349 1808; x_wconf 76' lang='lat' dir='ltr'>vobis.</span> <span class='ocrx_word' id='word_1_386' title='bbox 2376 1792 2392 1807; x_wconf 91' lang='lat'>.</span> <span class='ocrx_word' id='word_1_387' title='bbox 2417 1791 2431 1807; x_wconf 96' lang='lat'>.</span> <span class='ocrx_word' id='word_1_388' title='bbox 2500 1760 2622 1808; x_wconf 79' lang='lat' dir='ltr'>Non</span> <span class='ocrx_word' id='word_1_389' title='bbox 2646 1767 2732 1809; x_wconf 84' lang='lat' dir='ltr'>est</span> 
     </span>
     <span class='ocr_line' id='line_1_70' title="bbox 1663 1835 2732 1900; baseline -0.005 -15"><span class='ocrx_word' id='word_1_390' title='bbox 1663 1835 1747 1885; x_wconf 74' lang='lat' dir='ltr'>liic</span> <span class='ocrx_word' id='word_1_391' title='bbox 1770 1835 2023 1895; x_wconf 83' lang='lat' dir='ltr'>domiuus,</span> <span class='ocrx_word' id='word_1_392' title='bbox 2045 1835 2137 1884; x_wconf 85' lang='lat' dir='ltr'>sed</span> <span class='ocrx_word' id='word_1_393' title='bbox 2161 1836 2467 1897; x_wconf 79' lang='lat' dir='ltr'>imperator,</span> <span class='ocrx_word' id='word_1_394' title='bbox 2495 1835 2600 1884; x_wconf 80' lang='lat' dir='ltr'>Sed</span> <span class='ocrx_word' id='word_1_395' title='bbox 2613 1837 2732 1900; x_wconf 70' lang='lat' dir='ltr'>jus-</span> 
     </span>
     <span class='ocr_line' id='line_1_71' title="bbox 1666 1912 2733 1965; baseline 0 -1"><span class='ocrx_word' id='word_1_396' title='bbox 1666 1915 1894 1964; x_wconf 86' lang='lat' dir='ltr'>tissimus</span> <span class='ocrx_word' id='word_1_397' title='bbox 1917 1914 2140 1963; x_wconf 84' lang='lat' dir='ltr'>omnium</span> <span class='ocrx_word' id='word_1_398' title='bbox 2163 1912 2406 1963; x_wconf 54' lang='lat' dir='ltr'>senator)</span> <span class='ocrx_word' id='word_1_399' title='bbox 2472 1914 2579 1965; x_wconf 89' lang='lat' dir='ltr'>Cur</span> <span class='ocrx_word' id='word_1_400' title='bbox 2604 1929 2733 1964; x_wconf 82' lang='lat' dir='ltr'>vero</span> 
     </span>
     <span class='ocr_line' id='line_1_72' title="bbox 1662 1990 2732 2055; baseline 0 -15"><span class='ocrx_word' id='word_1_401' title='bbox 1662 1991 1915 2055; x_wconf 79' lang='lat' dir='ltr'>Trajanus</span> <span class='ocrx_word' id='word_1_402' title='bbox 1967 1991 2124 2041; x_wconf 78' lang='lat' dir='ltr'>nihilo</span> <span class='ocrx_word' id='word_1_403' title='bbox 2168 1993 2338 2041; x_wconf 82' lang='lat' dir='ltr'>minus</span> <span class='ocrx_word' id='word_1_404' title='bbox 2383 1991 2436 2040; x_wconf 87' lang='lat' dir='ltr'>in</span> <span class='ocrx_word' id='word_1_405' title='bbox 2490 1990 2732 2054; x_wconf 83' lang='lat' dir='ltr'>epistolis</span> 
     </span>
     <span class='ocr_line' id='line_1_73' title="bbox 1666 2066 2733 2131; baseline 0.003 -15"><span class='ocrx_word' id='word_1_406' title='bbox 1666 2069 1824 2117; x_wconf 82' lang='lat' dir='ltr'>Plinii</span> <span class='ocrx_word' id='word_1_407' title='bbox 1850 2073 1863 2096; x_wconf 89' lang='lat'>‘</span> <span class='ocrx_word' id='word_1_408' title='bbox 1890 2067 2124 2117; x_wconf 76' lang='lat' dir='ltr'>domiuus</span> <span class='ocrx_word' id='word_1_409' title='bbox 2147 2066 2161 2087; x_wconf 88' lang='lat'>’</span> <span class='ocrx_word' id='word_1_410' title='bbox 2184 2068 2476 2131; x_wconf 85' lang='lat' dir='ltr'>appellatus</span> <span class='ocrx_word' id='word_1_411' title='bbox 2498 2068 2590 2130; x_wconf 89' lang='lat' dir='ltr'>ait,</span> <span class='ocrx_word' id='word_1_412' title='bbox 2611 2069 2733 2131; x_wconf 85' lang='lat' dir='ltr'>ejus</span> 
     </span>
     <span class='ocr_line' id='line_1_74' title="bbox 1667 2146 2730 2208; baseline 0.004 -14"><span class='ocrx_word' id='word_1_413' title='bbox 1667 2146 1739 2194; x_wconf 82' lang='lat' dir='ltr'>rei</span> <span class='ocrx_word' id='word_1_414' title='bbox 1765 2161 1994 2195; x_wconf 74' lang='lat' dir='ltr'>caussam</span> <span class='ocrx_word' id='word_1_415' title='bbox 2032 2146 2185 2208; x_wconf 75' lang='lat' dir='ltr'>attigi</span> <span class='ocrx_word' id='word_1_416' title='bbox 2216 2146 2281 2195; x_wconf 89' lang='lat' dir='ltr'>ad</span> <span class='ocrx_word' id='word_1_417' title='bbox 2319 2159 2383 2195; x_wconf 85' lang='lat' dir='ltr'>n.</span> <span class='ocrx_word' id='word_1_418' title='bbox 2404 2150 2455 2196; x_wconf 72' lang='lat'>8.</span> <span class='ocrx_word' id='word_1_419' title='bbox 2522 2146 2730 2198; x_wconf 80' lang='lat' dir='ltr'>Laben-</span> 
     </span>
     <span class='ocr_line' id='line_1_75' title="bbox 1667 2223 2731 2286; baseline 0.002 -14"><span class='ocrx_word' id='word_1_420' title='bbox 1667 2223 1805 2272; x_wconf 87' lang='lat' dir='ltr'>tibus</span> <span class='ocrx_word' id='word_1_421' title='bbox 1827 2232 2001 2273; x_wconf 87' lang='lat' dir='ltr'>autem</span> <span class='ocrx_word' id='word_1_422' title='bbox 2032 2224 2235 2286; x_wconf 86' lang='lat' dir='ltr'>imperii</span> <span class='ocrx_word' id='word_1_423' title='bbox 2260 2224 2480 2274; x_wconf 85' lang='lat' dir='ltr'>Romani</span> <span class='ocrx_word' id='word_1_424' title='bbox 2501 2225 2731 2286; x_wconf 60' lang='lat' dir='ltr'>suculis,</span> 
     </span>
     <span class='ocr_line' id='line_1_76' title="bbox 1667 2298 2730 2363; baseline 0.004 -15"><span class='ocrx_word' id='word_1_425' title='bbox 1667 2301 1952 2363; x_wconf 81' lang='lat' dir='ltr'>appellatio</span> <span class='ocrx_word' id='word_1_426' title='bbox 1984 2303 1999 2330; x_wconf 81' lang='lat'>⁸</span> <span class='ocrx_word' id='word_1_427' title='bbox 2026 2298 2269 2356; x_wconf 51' lang='lat' dir='ltr'>dominu·</span> <span class='ocrx_word' id='word_1_428' title='bbox 2300 2301 2416 2350; x_wconf 80' lang='lat' dir='ltr'>vice</span> <span class='ocrx_word' id='word_1_429' title='bbox 2451 2303 2730 2363; x_wconf 62' lang='lat' dir='ltr'>prenomi-</span> 
     </span>
     <span class='ocr_line' id='line_1_77' title="bbox 1664 2376 2732 2442; baseline 0.005 -17"><span class='ocrx_word' id='word_1_430' title='bbox 1664 2378 1760 2431; x_wconf 87' lang='lat' dir='ltr'>uis,</span> <span class='ocrx_word' id='word_1_431' title='bbox 1784 2385 1833 2425; x_wconf 84' lang='lat' dir='ltr'>et</span> <span class='ocrx_word' id='word_1_432' title='bbox 1861 2392 1957 2440; x_wconf 88' lang='lat' dir='ltr'>pro</span> <span class='ocrx_word' id='word_1_433' title='bbox 1979 2378 2206 2440; x_wconf 81' lang='lat' dir='ltr'>supremi</span> <span class='ocrx_word' id='word_1_434' title='bbox 2230 2376 2426 2442; x_wconf 77' lang='lat' dir='ltr'>fastigii</span> <span class='ocrx_word' id='word_1_435' title='bbox 2454 2378 2732 2441; x_wconf 73' lang='lat' dir='ltr'>vocabulo.</span> 
     </span>
     <span class='ocr_line' id='line_1_78' title="bbox 1667 2453 2730 2519; baseline 0.008 -18"><span class='ocrx_word' id='word_1_436' title='bbox 1667 2455 1856 2516; x_wconf 84' lang='lat' dir='ltr'>passim</span> <span class='ocrx_word' id='word_1_437' title='bbox 1897 2453 1948 2501; x_wconf 91' lang='lat' dir='ltr'>in</span> <span class='ocrx_word' id='word_1_438' title='bbox 1989 2454 2316 2503; x_wconf 86' lang='lat' dir='ltr'>monimentis</span> <span class='ocrx_word' id='word_1_439' title='bbox 2354 2456 2730 2519; x_wconf 66' lang='lat' dir='ltr'>imperatorum</span> 
     </span>
     <span class='ocr_line' id='line_1_79' title="bbox 1665 2530 2277 2591; baseline 0.003 -13"><span class='ocrx_word' id='word_1_440' title='bbox 1665 2540 1879 2591; x_wconf 79' lang='lat' dir='ltr'>recepta</span> <span class='ocrx_word' id='word_1_441' title='bbox 1898 2536 1996 2579; x_wconf 90' lang='lat' dir='ltr'>est.</span> <span class='ocrx_word' id='word_1_442' title='bbox 2032 2530 2277 2580; x_wconf 64' lang='lat' dir='ltr'>Schwart-</span> 
     </span>
    </p>

    <p class='ocr_par' dir='ltr' id='par_1_7' title="bbox 1654 2607 2735 3669">
     <span class='ocr_line' id='line_1_80' title="bbox 1730 2607 2731 2672; baseline 0.004 -17"><span class='ocrx_word' id='word_1_443' title='bbox 1730 2607 1804 2655; x_wconf 76' lang='lat' dir='ltr'>Ac</span> <span class='ocrx_word' id='word_1_444' title='bbox 1844 2607 1963 2656; x_wconf 72' lang='lat' dir='ltr'>asilii</span> <span class='ocrx_word' id='word_1_445' title='bbox 2007 2607 2215 2657; x_wconf 76' lang='lat' dir='ltr'>intuenti</span> <span class='ocrx_word' id='word_1_446' title='bbox 2255 2607 2565 2672; x_wconf 57' lang='lat' dir='ltr'>cephalica]</span> <span class='ocrx_word' id='word_1_447' title='bbox 2621 2608 2731 2661; x_wconf 73' lang='lat' dir='ltr'>Pru</span> 
     </span>
     <span class='ocr_line' id='line_1_81' title="bbox 1665 2683 2735 2748; baseline 0.003 -15"><span class='ocrx_word' id='word_1_448' title='bbox 1665 2684 1757 2738; x_wconf 78' lang='lat' dir='ltr'>Ac,</span> <span class='ocrx_word' id='word_1_449' title='bbox 1784 2684 1916 2734; x_wconf 83' lang='lat' dir='ltr'>liber</span> <span class='ocrx_word' id='word_1_450' title='bbox 1945 2685 2135 2748; x_wconf 83' lang='lat' dir='ltr'>primus</span> <span class='ocrx_word' id='word_1_451' title='bbox 2159 2683 2433 2734; x_wconf 83' lang='lat' dir='ltr'>Gudianus</span> <span class='ocrx_word' id='word_1_452' title='bbox 2454 2685 2613 2734; x_wconf 77' lang='lat' dir='ltr'>babet</span> <span class='ocrx_word' id='word_1_453' title='bbox 2646 2687 2735 2736; x_wconf 70' lang='lat' dir='ltr'>At.</span> 
     </span>
     <span class='ocr_line' id='line_1_82' title="bbox 1667 2760 2731 2823; baseline 0.005 -15"><span class='ocrx_word' id='word_1_454' title='bbox 1667 2760 1955 2823; x_wconf 85' lang='lat' dir='ltr'>Participio</span> <span class='ocrx_word' id='word_1_455' title='bbox 2011 2763 2240 2822; x_wconf 74' lang='lat' dir='ltr'>intuenti,</span> <span class='ocrx_word' id='word_1_456' title='bbox 2294 2760 2598 2823; x_wconf 77' lang='lat' dir='ltr'>Ascensius,</span> <span class='ocrx_word' id='word_1_457' title='bbox 2658 2761 2731 2813; x_wconf 69' lang='lat' dir='ltr'>ti.</span> 
     </span>
     <span class='ocr_line' id='line_1_83' title="bbox 1663 2836 2733 2898; baseline 0 -13"><span class='ocrx_word' id='word_1_458' title='bbox 1663 2836 1982 2898; x_wconf 81' lang='lat' dir='ltr'>Stephanus,</span> <span class='ocrx_word' id='word_1_459' title='bbox 2064 2836 2300 2898; x_wconf 76' lang='lat' dir='ltr'>Riviuas,</span> <span class='ocrx_word' id='word_1_460' title='bbox 2384 2837 2733 2894; x_wconf 69' lang='lat' dir='ltr'>Boxlsornius.</span> 
     </span>
     <span class='ocr_line' id='line_1_84' title="bbox 1664 2913 2730 2976; baseline -0.002 -13"><span class='ocrx_word' id='word_1_461' title='bbox 1664 2913 1939 2973; x_wconf 71' lang='lat' dir='ltr'>Cellnrim,</span> <span class='ocrx_word' id='word_1_462' title='bbox 1974 2914 2398 2976; x_wconf 73' lang='lat' dir='ltr'>pra-positionem</span> <span class='ocrx_word' id='word_1_463' title='bbox 2438 2916 2492 2963; x_wconf 76' lang='lat' dir='ltr'>t&#39;a</span> <span class='ocrx_word' id='word_1_464' title='bbox 2522 2914 2601 2965; x_wconf 80' lang='lat' dir='ltr'>sio</span> <span class='ocrx_word' id='word_1_465' title='bbox 2637 2913 2730 2966; x_wconf 61' lang='lat' dir='ltr'>adv</span> 
     </span>
     <span class='ocr_line' id='line_1_85' title="bbox 1654 2990 2732 3055; baseline 0.006 -18"><span class='ocrx_word' id='word_1_466' title='bbox 1654 2990 1903 3054; x_wconf 84' lang='lat' dir='ltr'>jungunt,</span> <span class='ocrx_word' id='word_1_467' title='bbox 1929 2992 2137 3041; x_wconf 72' lang='lat' dir='ltr'>intuenti</span> <span class='ocrx_word' id='word_1_468' title='bbox 2174 2992 2227 3041; x_wconf 76' lang='lat' dir='ltr'>ia</span> <span class='ocrx_word' id='word_1_469' title='bbox 2259 2992 2547 3055; x_wconf 65' lang='lat' dir='ltr'>apte-tim</span> <span class='ocrx_word' id='word_1_470' title='bbox 2576 2996 2732 3043; x_wconf 65' lang='lat' dir='ltr'>nau.</span> 
     </span>
     <span class='ocr_line' id='line_1_86' title="bbox 1664 3068 2733 3133; baseline 0.003 -17"><span class='ocrx_word' id='word_1_471' title='bbox 1664 3068 1959 3132; x_wconf 87' lang='lat' dir='ltr'>Utrumque</span> <span class='ocrx_word' id='word_1_472' title='bbox 1986 3078 2128 3117; x_wconf 84' lang='lat' dir='ltr'>recte</span> <span class='ocrx_word' id='word_1_473' title='bbox 2150 3068 2377 3129; x_wconf 67' lang='lat' dir='ltr'>diciturt</span> <span class='ocrx_word' id='word_1_474' title='bbox 2410 3069 2503 3119; x_wconf 76' lang='lat' dir='ltr'>sed</span> <span class='ocrx_word' id='word_1_475' title='bbox 2539 3083 2733 3133; x_wconf 72' lang='lat' dir='ltr'>sequor</span> 
     </span>
     <span class='ocr_line' id='line_1_87' title="bbox 1664 3145 2734 3209; baseline -0.001 -14"><span class='ocrx_word' id='word_1_476' title='bbox 1664 3146 1941 3195; x_wconf 82' lang='lat' dir='ltr'>lectionem</span> <span class='ocrx_word' id='word_1_477' title='bbox 1973 3145 2207 3196; x_wconf 83' lang='lat' dir='ltr'>codicum</span> <span class='ocrx_word' id='word_1_478' title='bbox 2232 3146 2367 3195; x_wconf 62' lang='grc' dir='ltr'>Μαι.</span> <span class='ocrx_word' id='word_1_479' title='bbox 2399 3153 2456 3195; x_wconf 84' lang='lat' dir='ltr'>et</span> <span class='ocrx_word' id='word_1_480' title='bbox 2479 3145 2734 3209; x_wconf 71' lang='lat' dir='ltr'>plurim-</span> 
     </span>
     <span class='ocr_line' id='line_1_88' title="bbox 1664 3221 2733 3286; baseline 0.001 -16"><span class='ocrx_word' id='word_1_481' title='bbox 1664 3236 1774 3270; x_wconf 84' lang='lat' dir='ltr'>rum</span> <span class='ocrx_word' id='word_1_482' title='bbox 1816 3222 2127 3285; x_wconf 82' lang='lat' dir='ltr'>editionum,</span> <span class='ocrx_word' id='word_1_483' title='bbox 2167 3222 2219 3271; x_wconf 91' lang='lat' dir='ltr'>in</span> <span class='ocrx_word' id='word_1_484' title='bbox 2255 3221 2440 3286; x_wconf 80' lang='lat' dir='ltr'>quihus</span> <span class='ocrx_word' id='word_1_485' title='bbox 2476 3221 2579 3272; x_wconf 81' lang='lat' dir='ltr'>itoe</span> <span class='ocrx_word' id='word_1_486' title='bbox 2612 3223 2733 3273; x_wconf 75' lang='lat' dir='ltr'>loeo</span> 
     </span>
     <span class='ocr_line' id='line_1_89' title="bbox 1664 3296 2733 3362; baseline 0.001 -16"><span class='ocrx_word' id='word_1_487' title='bbox 1664 3298 1812 3347; x_wconf 86' lang='lat' dir='ltr'>istam</span> <span class='ocrx_word' id='word_1_488' title='bbox 1856 3299 2275 3362; x_wconf 75' lang='lat' dir='ltr'>praepositionem</span> <span class='ocrx_word' id='word_1_489' title='bbox 2305 3296 2733 3349; x_wconf 72' lang='lat' dir='ltr'>animadvertere</span> 
     </span>
     <span class='ocr_line' id='line_1_90' title="bbox 1663 3375 2733 3429; baseline 0 -6"><span class='ocrx_word' id='word_1_490' title='bbox 1663 3388 1763 3424; x_wconf 87' lang='lat' dir='ltr'>non</span> <span class='ocrx_word' id='word_1_491' title='bbox 1793 3375 1957 3425; x_wconf 86' lang='lat' dir='ltr'>licuit.</span> <span class='ocrx_word' id='word_1_492' title='bbox 2027 3375 2141 3427; x_wconf 88' lang='lat' dir='ltr'>Cic.</span> <span class='ocrx_word' id='word_1_493' title='bbox 2164 3375 2231 3426; x_wconf 81' lang='lat' dir='ltr'>ad</span> <span class='ocrx_word' id='word_1_494' title='bbox 2254 3375 2321 3427; x_wconf 84' lang='lat' dir='ltr'>Q.</span> <span class='ocrx_word' id='word_1_495' title='bbox 2356 3375 2497 3425; x_wconf 71' lang='lat' dir='ltr'>Fut.</span> <span class='ocrx_word' id='word_1_496' title='bbox 2531 3388 2573 3424; x_wconf 88' lang='lat' dir='ltr'>s.</span> <span class='ocrx_word' id='word_1_497' title='bbox 2608 3378 2655 3429; x_wconf 87' lang='lat' dir='ltr'>t.</span> <span class='ocrx_word' id='word_1_498' title='bbox 2681 3379 2733 3424; x_wconf 76' lang='lat'>2.</span> 
     </span>
     <span class='ocr_line' id='line_1_91' title="bbox 1663 3451 2734 3516; baseline -0.002 -12"><span class='ocrx_word' id='word_1_499' title='bbox 1663 3452 1680 3482; x_wconf 77' lang='lat'>⁸</span> <span class='ocrx_word' id='word_1_500' title='bbox 1706 3453 1842 3504; x_wconf 78' lang='lat' dir='ltr'>Nam</span> <span class='ocrx_word' id='word_1_501' title='bbox 1864 3452 2037 3503; x_wconf 62' lang='lat' dir='ltr'>Greci</span> <span class='ocrx_word' id='word_1_502' title='bbox 2061 3452 2268 3516; x_wconf 81' lang='lat' dir='ltr'>quidem</span> <span class='ocrx_word' id='word_1_503' title='bbox 2281 3452 2357 3501; x_wconf 82' lang='lat' dir='ltr'>sic</span> <span class='ocrx_word' id='word_1_504' title='bbox 2380 3458 2433 3505; x_wconf 85' lang='lat' dir='ltr'>te</span> <span class='ocrx_word' id='word_1_505' title='bbox 2455 3452 2532 3501; x_wconf 88' lang='lat' dir='ltr'>ita</span> <span class='ocrx_word' id='word_1_506' title='bbox 2555 3451 2734 3502; x_wconf 61' lang='lat' dir='ltr'>vivena-</span> 
     </span>
     <span class='ocr_line' id='line_1_92' title="bbox 1665 3528 2734 3593; baseline -0.002 -14"><span class='ocrx_word' id='word_1_507' title='bbox 1665 3537 1769 3580; x_wconf 87' lang='lat' dir='ltr'>tem</span> <span class='ocrx_word' id='word_1_508' title='bbox 1805 3529 2162 3587; x_wconf 81' lang='lat' dir='ltr'>intuebuntur.</span> <span class='ocrx_word' id='word_1_509' title='bbox 2185 3538 2242 3579; x_wconf 87' lang='lat' dir='ltr'>ut</span> <span class='ocrx_word' id='word_1_510' title='bbox 2265 3528 2524 3593; x_wconf 72' lang='lat' dir='ltr'>quendam</span> <span class='ocrx_word' id='word_1_511' title='bbox 2547 3543 2616 3587; x_wconf 69' lang='lat' dir='ltr'>ea</span> <span class='ocrx_word' id='word_1_512' title='bbox 2640 3543 2734 3581; x_wconf 56' lang='lat' dir='ltr'>an,</span> 
     </span>
     <span class='ocr_line' id='line_1_93' title="bbox 1661 3604 2675 3669; baseline 0.002 -14"><span class='ocrx_word' id='word_1_513' title='bbox 1661 3607 1853 3657; x_wconf 88' lang='lat' dir='ltr'>nalium</span> <span class='ocrx_word' id='word_1_514' title='bbox 1877 3605 2123 3659; x_wconf 80' lang='lat' dir='ltr'>memoria</span> <span class='ocrx_word' id='word_1_515' title='bbox 2149 3638 2165 3655; x_wconf 90' lang='lat'>.</span> <span class='ocrx_word' id='word_1_516' title='bbox 2187 3637 2203 3656; x_wconf 90' lang='lat'>.</span> <span class='ocrx_word' id='word_1_517' title='bbox 2225 3638 2241 3654; x_wconf 91' lang='lat'>.</span> <span class='ocrx_word' id='word_1_518' title='bbox 2263 3604 2483 3669; x_wconf 60' lang='lat' dir='ltr'>putentss</span> <span class='ocrx_word' id='word_1_519' title='bbox 2515 3606 2675 3657; x_wconf 80' lang='lat' dir='ltr'>Ideas.</span> 
     </span>
    </p>

    <p class='ocr_par' dir='ltr' id='par_1_8' title="bbox 1728 3681 2698 3749">
     <span class='ocr_line' id='line_1_94' title="bbox 1728 3681 2698 3749; baseline -0.002 -15"><span class='ocrx_word' id='word_1_520' title='bbox 1728 3683 2037 3749; x_wconf 79' lang='lat' dir='ltr'>Depreceris]</span> <span class='ocrx_word' id='word_1_521' title='bbox 2061 3683 2230 3735; x_wconf 78' lang='lat' dir='ltr'>Preee</span> <span class='ocrx_word' id='word_1_522' title='bbox 2253 3681 2533 3734; x_wconf 82' lang='lat' dir='ltr'>amoliaris.</span> <span class='ocrx_word' id='word_1_523' title='bbox 2557 3682 2698 3745; x_wconf 62' lang='lat' dir='ltr'>up.</span> 
     </span>
    </p>

    <p class='ocr_par' dir='ltr' id='par_1_9' title="bbox 1706 3759 2728 3826">
     <span class='ocr_line' id='line_1_95' title="bbox 1706 3759 2728 3826; baseline 0 -14"><span class='ocrx_word' id='word_1_524' title='bbox 1706 3800 1707 3803; x_wconf 16' lang='grc' dir='ltr'>η</span> <span class='ocrx_word' id='word_1_525' title='bbox 1730 3761 1996 3826; x_wconf 76' lang='lat' dir='ltr'>Temperes]</span> <span class='ocrx_word' id='word_1_526' title='bbox 2033 3761 2285 3812; x_wconf 79' lang='lat' dir='ltr'>Modicus·</span> <span class='ocrx_word' id='word_1_527' title='bbox 2300 3759 2621 3825; x_wconf 80' lang='lat' dir='ltr'>recipiendo.</span> <span class='ocrx_word' id='word_1_528' title='bbox 2647 3760 2728 3812; x_wconf 80' lang='lat' dir='ltr'>u.</span> 
     </span>
    </p>

    <p class='ocr_par' dir='ltr' id='par_1_10' title="bbox 1660 3836 2733 4043">
     <span class='ocr_line' id='line_1_96' title="bbox 1733 3836 2730 3903; baseline -0.002 -15"><span class='ocrx_word' id='word_1_529' title='bbox 1733 3837 1854 3903; x_wconf 81' lang='lat' dir='ltr'>Ubi]</span> <span class='ocrx_word' id='word_1_530' title='bbox 1886 3838 1950 3888; x_wconf 88' lang='lat' dir='ltr'>In</span> <span class='ocrx_word' id='word_1_531' title='bbox 1981 3837 2162 3887; x_wconf 86' lang='lat' dir='ltr'>animis</span> <span class='ocrx_word' id='word_1_532' title='bbox 2184 3837 2464 3897; x_wconf 75' lang='lat' dir='ltr'>hominurn,</span> <span class='ocrx_word' id='word_1_533' title='bbox 2487 3836 2540 3886; x_wconf 81' lang='lat' dir='ltr'>in</span> <span class='ocrx_word' id='word_1_534' title='bbox 2565 3837 2730 3887; x_wconf 74' lang='lat' dir='ltr'>atoni·</span> 
     </span>
     <span class='ocr_line' id='line_1_97' title="bbox 1663 3913 2733 3976; baseline 0.001 -13"><span class='ocrx_word' id='word_1_535' title='bbox 1663 3914 1848 3963; x_wconf 81' lang='lat' dir='ltr'>mentis</span> <span class='ocrx_word' id='word_1_536' title='bbox 1885 3921 1942 3965; x_wconf 83' lang='lat' dir='ltr'>et</span> <span class='ocrx_word' id='word_1_537' title='bbox 1985 3913 2354 3976; x_wconf 67' lang='lat' dir='ltr'>predicatione</span> <span class='ocrx_word' id='word_1_538' title='bbox 2377 3921 2733 3976; x_wconf 75' lang='lat' dir='ltr'>postes-ornas.</span> 
     </span>
     <span class='ocr_line' id='line_1_98' title="bbox 1660 3993 2459 4043; baseline 0 0"><span class='ocrx_word' id='word_1_539' title='bbox 1660 3993 1815 4043; x_wconf 71' lang='lat' dir='ltr'>Idem.</span> <span class='ocrx_word' id='word_1_540' title='bbox 2186 4036 2191 4041; x_wconf 76' lang='grc'><strong>.</strong></span> <span class='ocrx_word' id='word_1_541' title='bbox 2449 4034 2459 4043; x_wconf 89' lang='grc'><strong>.</strong></span> 
     </span>
    </p>

    <p class='ocr_par' dir='ltr' id='par_1_11' title="bbox 1659 4066 2732 4355">
     <span class='ocr_line' id='line_1_99' title="bbox 1726 4066 2731 4132; baseline 0 -13"><span class='ocrx_word' id='word_1_542' title='bbox 1726 4069 1833 4119; x_wconf 81' lang='lat' dir='ltr'>Scis</span> <span class='ocrx_word' id='word_1_543' title='bbox 1863 4067 1969 4132; x_wconf 77' lang='lat' dir='ltr'>abi]</span> <span class='ocrx_word' id='word_1_544' title='bbox 2000 4066 2242 4118; x_wconf 75' lang='lat' dir='ltr'>&#39;l&#39;iberins</span> <span class='ocrx_word' id='word_1_545' title='bbox 2282 4066 2537 4128; x_wconf 66' lang='lat' dir='ltr'>proetus</span> <span class='ocrx_word' id='word_1_546' title='bbox 2571 4067 2642 4118; x_wconf 79' lang='lat' dir='ltr'>da</span> <span class='ocrx_word' id='word_1_547' title='bbox 2672 4082 2731 4119; x_wconf 81' lang='lat' dir='ltr'>sa</span> 
     </span>
     <span class='ocr_line' id='line_1_100' title="bbox 1660 4145 2732 4209; baseline -0.007 -13"><span class='ocrx_word' id='word_1_548' title='bbox 1660 4152 1675 4175; x_wconf 78' lang='lat'><em>⁶</em></span> <span class='ocrx_word' id='word_1_549' title='bbox 1701 4146 1831 4196; x_wconf 80' lang='lat' dir='ltr'>Mihi</span> <span class='ocrx_word' id='word_1_550' title='bbox 1857 4148 1908 4196; x_wconf 86' lang='lat' dir='ltr'>iu</span> <span class='ocrx_word' id='word_1_551' title='bbox 1933 4146 2116 4196; x_wconf 86' lang='lat' dir='ltr'>animis</span> <span class='ocrx_word' id='word_1_552' title='bbox 2138 4145 2325 4195; x_wconf 75' lang='lat' dir='ltr'>vestris</span> <span class='ocrx_word' id='word_1_553' title='bbox 2361 4145 2585 4208; x_wconf 76' lang='lat' dir='ltr'>templa,</span> <span class='ocrx_word' id='word_1_554' title='bbox 2614 4147 2732 4209; x_wconf 75' lang='lat' dir='ltr'>pul.</span> 
     </span>
     <span class='ocr_line' id='line_1_101' title="bbox 1660 4220 2732 4284; baseline -0.001 -11"><span class='ocrx_word' id='word_1_555' title='bbox 1660 4223 1929 4274; x_wconf 59' lang='lat' dir='ltr'>cherrima</span> <span class='ocrx_word' id='word_1_556' title='bbox 1954 4221 2155 4284; x_wconf 71' lang='lat' dir='ltr'>effigies</span> <span class='ocrx_word' id='word_1_557' title='bbox 2176 4228 2232 4271; x_wconf 80' lang='lat' dir='ltr'>et</span> <span class='ocrx_word' id='word_1_558' title='bbox 2261 4220 2555 4271; x_wconf 59' lang='lat' dir='ltr'>mansuro?</span> <span class='ocrx_word' id='word_1_559' title='bbox 2620 4222 2732 4272; x_wconf 84' lang='lat' dir='ltr'>Ta·</span> 
     </span>
     <span class='ocr_line' id='line_1_102' title="bbox 1659 4296 2729 4355; baseline -0.003 -3"><span class='ocrx_word' id='word_1_560' title='bbox 1659 4301 1754 4352; x_wconf 90' lang='lat' dir='ltr'>cit.</span> <span class='ocrx_word' id='word_1_561' title='bbox 1776 4298 1965 4355; x_wconf 81' lang='lat' dir='ltr'>Annal.</span> <span class='ocrx_word' id='word_1_562' title='bbox 1990 4312 2075 4351; x_wconf 70' lang='grc' dir='ltr'>ιν.</span> <span class='ocrx_word' id='word_1_563' title='bbox 2091 4302 2175 4350; x_wconf 69' lang='lat'>⁸⁸.</span> <span class='ocrx_word' id='word_1_564' title='bbox 2225 4296 2383 4350; x_wconf 74' lang='lat' dir='ltr'>Adde</span> <span class='ocrx_word' id='word_1_565' title='bbox 2414 4298 2650 4351; x_wconf 63' lang='lat' dir='ltr'>Macen.</span> <span class='ocrx_word' id='word_1_566' title='bbox 2672 4300 2729 4350; x_wconf 83' lang='lat' dir='ltr'>ia</span> 
     </span>
    </p>
   </div>
  </div>
 </body>
</html>
