3060 4902
802 396 867 441 ο.
915 392 1158 442 mauu
1209 393 1545 443 saeuum
1592 393 1868 444 rauce.
1916 398 1966 445 1.
2010 381 2119 446 51.

347 537 476 586 ts‘aem'
510 536 697 586 adibus
730 551 828 587 uua
861 538 1062 602 porticu,
1086 544 1172 588 aut
1205 539 1419 598 basilica,

348 620 436 663 aut
476 614 659 675 balaeo,
694 619 779 663 aut
815 616 1031 677 pellicum
1064 616 1228 671 dioeta,
1262 616 1415 676 cujus-

347 691 480 738 modi
499 696 569 739 est
595 691 868 754 Epicharmi
885 691 934 739 iu
954 693 1201 754 prodigum
1218 693 1415 757 dictum,

353 767 472 816 Nou
506 782 595 829 ego
629 768 882 815 humanum
913 783 1072 818 vocem
1107 775 1172 823 te,
1206 772 1416 820 morbum

349 843 512 898 habes,
543 845 697 904 gestis
732 844 942 902 donaro
975 848 1073 894 tale
1108 847 1332 909 quiddam
1369 854 1418 897 et

347 919 404 968 iss
427 921 762 970 Domitianum
784 922 941 971 dicere
973 923 1174 972 incessat
1197 925 1382 974 animas
1398 942 1415 974 .·

350 995 468 1045 Non
490 1011 577 1057 ego
605 997 738 1061 pium
759 1003 823 1054 te,
845 1013 991 1062 neque
1011 1001 1314 1065 magnificum
1335 1018 1414 1051 vo-

345 1090 468 1139 cem,
487 1077 698 1125 morbum
730 1077 889 1139 habes,
909 1077 1252 1143 aedificaturus,
1282 1081 1417 1142 quasi

349 1152 520 1202 Midas
539 1154 636 1215 ine,
654 1154 852 1217 cupidus
870 1156 1027 1203 omnia
1054 1155 1142 1203 eibi
1173 1171 1317 1205 aurea
1337 1163 1413 1206 at-

347 1244 438 1291 que
457 1246 672 1292 gemmea
697 1231 853 1280 reddi.
921 1231 1063 1295 Lege
1092 1232 1249 1281 Statii
1276 1233 1415 1297 Epu-

347 1306 456 1354 lnm
485 1308 767 1356 Domitiani
790 1308 917 1356 Silv.
940 1320 1021 1355 xv.
1056 1308 1220 1357 Licin.

419 1383 550 1445 Non,
579 1388 634 1432 stt
666 1382 801 1445 ante]
834 1383 944 1432 Sub
979 1384 1298 1447 Domitiano,
1327 1400 1414 1434 an·

346 1458 451 1507 lam
497 1459 635 1508 illam
688 1474 830 1509 snam
878 1460 1205 1509 Parrhasiam
1254 1460 1412 1511 aedifi-

348 1542 526 1584 cante.
562 1536 698 1598 Lips.

413 1611 676 1676 Satorum]
731 1613 1115 1676 Columnarum,
1155 1612 1407 1663 obelisco-

347 1704 484 1740 rum.
565 1691 810 1741 Juvenal.
853 1691 964 1740 Sat.
1009 1704 1100 1739 ιιι.
1139 1697 1154 1719 ⁴
1181 1691 1313 1740 Nam
1363 1691 1406 1739 si

345 1768 629 1831 procubuit
650 1767 737 1832 qui
773 1783 898 1816 saxa
933 1768 1200 1831 Ligustica
1234 1774 1408 1831 portat

346 1841 500 1903 Axis,
521 1851 577 1892 et
609 1857 844 1892 eversum
868 1841 1003 1892 fudit
1027 1858 1186 1905 super
1207 1844 1409 1905 agmina

342 1929 594 1975 montem,
627 1920 765 1972 Quid
807 1927 1049 1984 superest
1083 1921 1146 1969 de
1180 1922 1408 1984 corpori-

342 1997 444 2047 bus
459 1998 497 2046 ἓ·
543 1999 747 2048 Seneca
769 1999 820 2047 in
839 1998 1122 2060 Epistolis:
1160 1998 1250 2047 ‘lu
1276 1998 1408 2047 huuc

341 2089 493 2123 nsum
539 2075 689 2139 pinus
731 2080 828 2124 aut
864 2074 1005 2122 abies
1053 2073 1407 2139 deferebatur,

340 2152 498 2213 longo
519 2151 860 2201 vehiculorum
885 2149 1080 2206 ordine,
1106 2151 1229 2200 vicis
1251 2152 1408 2201 intre-

342 2227 649 2278 mentibus.’
682 2227 827 2277 Idem.

411 2303 732 2368 Quatiuntur]
799 2304 925 2353 Pius
972 2303 1212 2354 Aurelius
1268 2305 1407 2367 apud

342 2382 518 2431 Tacit.
558 2381 750 2431 Anu-1.
781 2395 820 2429 ι.
851 2385 934 2429 75.
968 2383 1230 2445 ‘questus,
1272 2383 1409 2431 mole

340 2459 570 2522 publice
597 2459 712 2519 via»,
743 2457 1005 2521 ductuque
1039 2472 1306 2521 aquarum,
1336 2460 1408 2509 la-

341 2535 577 2585 befactas
603 2535 743 2585 aedes
766 2533 920 2584 suas.'
954 2536 1103 2585 Rern.

409 2614 607 2676 rmpza
633 2614 878 2677 nutantia]
930 2610 975 2660 1.
1008 2626 1056 2659 e.
1096 2611 1407 2667 vacillantis,

338 2691 642 2753 trementia,
666 2699 722 2739 et
743 2689 1029 2738 minitantia
1056 2689 1270 2737 ruinam.
1319 2689 1404 2738 De

337 2767 506 2817 verbo
541 2764 797 2826 ‘nutare‚'
833 2765 951 2814 vide
983 2780 1141 2827 supra
1174 2764 1238 2813 ad
1270 2779 1321 2813 v.
1354 2770 1404 2814 6.

339 2844 463 2893 Nec
504 2849 604 2902 est,
633 2841 770 2907 qnod
809 2850 983 2905 putes,
1015 2842 1241 2891 Plinium
1277 2843 1404 2891 scri-

337 2919 468 2968 bere
500 2917 743 2967 debuisse
766 2932 849 2966 nec
868 2917 976 2976 jam
1010 2919 1179 2979 templa
1213 2923 1402 2966 nutant.

338 2996 676 3057 Nam-templu
697 2994 939 3054 nutantia,
964 2996 1041 3042 vel
1079 2995 1244 3043 adhuc
1273 2994 1403 3043 refe-

339 3079 531 3121 runtur
564 3070 628 3119 ad
666 3071 967 3135 praecedens
993 3071 1205 3120 verbum
1237 3077 1403 3129 stant,-

336 3150 424 3198 vel
447 3149 642 3198 Graeco
676 3162 819 3197 more
853 3147 1063 3210 dicitnr,
1085 3148 1257 3210 templa
1283 3156 1403 3198 sunt

335 3226 584 3278 nutantia,
634 3239 731 3287 pro
783 3226 799 3251 ‘
825 3222 1075 3285 nutant3'
1131 3225 1206 3272 uti
1262 3224 1399 3287 apud

339 3301 503 3351 Ovid.
543 3316 611 3350 ex
643 3301 797 3350 Pont.
828 3313 906 3349 ιν.
936 3303 983 3351 3.
1018 3299 1242 3349 ‘Omnia
1282 3308 1403 3350 sunt

336 3380 602 3429 hominnm
642 3377 785 3427 tenui
824 3374 1109 3439 pendentia
1145 3375 1268 3432 filo‚’
1294 3378 1329 3428 i.
1357 3393 1407 3427 e.

339 3456 594 3519 pendent.
629 3453 784 3518 Apud
826 3455 940 3503 Cic.
981 3454 1123 3502 Fam.
1158 3468 1287 3503 xm.
1325 3459 1405 3504 12.

334 3539 349 3560 ⁸
370 3534 468 3581 Est
496 3536 758 3595 praeterea
792 3545 824 3579 a
856 3531 1046 3579 nostris
1079 3531 1265 3580 studiis
1301 3546 1402 3579 non

335 3606 654 3661 abhorream·
676 3606 712 3655 i.
746 3619 796 3655 e.
830 3619 932 3654 non
964 3605 1226 3655 abhorret.
1297 3607 1403 3656 Pro

335 3685 582 3743 nutantia,
606 3682 790 3732 vitiose
825 3682 1078 3742 scriptum
1115 3688 1194 3730 est
1234 3681 1283 3730 in
1317 3696 1404 3730 co·

336 3762 455 3812 dice
479 3759 760 3810 Parisiensi
783 3758 1036 3805 mutantia.
1085 3757 1236 3807 Quod
1262 3772 1402 3806 men·

335 3837 461 3887 dnm
501 3837 658 3885 etiam
699 3835 914 3898 primam
950 3833 1183 3882 Catanaei
1219 3833 1405 3882 editio·

337 3929 457 3964 nem
495 3914 777 3972 invaserat,
811 3910 900 3958 sed
938 3924 1002 3957 ex
1040 3922 1215 3957 errore
1254 3917 1402 3972 typo.

338 3990 545 4057 graphi.
611 3989 694 4037 Ita
731 4000 855 4036 vero
898 3985 1057 4035 etiam
1114 3985 1235 4034 alibi
1294 3987 1404 4034 ha’c

337 4068 500 4117 verb·
542 4061 889 4123 commisceri,
931 4062 1231 4111 observavit
1279 4061 1402 4110 doc-

338 4144 571 4197 tissimus
596 4140 1002 4192 Drakenborch·
1019 4138 1082 4187 ad
1106 4138 1309 4195 Silium,
1325 4152 1403 4189 Π.

337 4224 456 4272 234.
486 4218 732 4269 δώωσι.

399 4296 569 4349 navio
598 4289 851 4357 mmm]
885 4290 949 4342 In
989 4290 1222 4345 omnibus
1258 4291 1403 4349 libris

2426 385 2559 450 '74⁷

1492 539 1699 588 excusis
1735 539 1984 605 editores,
2007 541 2049 590 si
2082 541 2225 591 forte
2262 547 2367 592 tres
2401 558 2556 594 exce-

1490 617 1652 678 peris,
1684 617 1813 666 hanc
1847 617 2124 667 lectionem
2160 619 2377 669 antehac
2410 622 2556 669 evul-

1491 699 1701 754 garunt,
1727 693 1864 742 Satis
1894 700 1962 743 est
1997 695 2106 757 tibi,
2126 695 2426 759 nimiumque.
2449 713 2556 746 cum

1487 771 1763 819 successeris
1777 771 2116 831 frugalissimo
2144 773 2369 835 principi,
2399 774 2556 835 magis

1488 848 1683 907 rejicere
1703 849 1886 913 aliquid
1908 855 1954 898 et
1974 856 2237 912 amputare.
2301 851 2405 900 Sed
2439 854 2553 902 lnaec

1492 923 1648 972 lectio
1690 939 1894 987 semper
1940 925 2061 973 mihi
2109 926 2219 975 visa
2263 934 2341 975 est
2385 928 2552 979 minus

1489 1001 1776 1050 cohaerere.
1843 1001 2176 1050 Unde‘enim
2221 1001 2553 1066 dependeant

1489 1076 1754 1139 infinitivi,
1784 1077 2064 1141 ‘rejicere'
2102 1085 2155 1127 et
2187 1079 2203 1107 ⁴
2224 1088 2497 1141 amputare
2515 1081 2554 1130 Ρ

1487 1168 1606 1204 cum
1642 1157 1938 1218 neutiquam
1983 1163 2107 1217 apte
2143 1153 2320 1204 referri
2355 1164 2553 1220 queant

1491 1230 1555 1278 ad
1595 1232 1761 1292 prima
1791 1232 1970 1289 verba,
2005 1230 2134 1279 Satis
2166 1236 2237 1280 est
2268 1231 2379 1290 tibi,
2407 1233 2553 1282 uimi-

1488 1322 1670 1370 umque.
1736 1308 2006 1359 Quomodo
2062 1307 2198 1360 enim
2254 1316 2399 1358 recte
2445 1310 2552 1359 dici

1490 1384 1675 1445 possit,
1700 1384 1895 1432 nimium
1927 1399 2028 1433 esse
2059 1385 2302 1449 Trajauo,
2328 1387 2549 1450 rejicere

1488 1460 1687 1523 aliquid
1731 1470 1784 1508 et
1821 1469 2092 1522 amputare
2129 1476 2194 1511 ex
2239 1464 2551 1526 patrimonio

1485 1538 1615 1585 suo?
1652 1537 1722 1585 At
1744 1551 1937 1592 omnes,
1962 1553 2089 1601 quos
2123 1540 2374 1599 consului,
2410 1540 2553 1589 codi-

1485 1625 1572 1661 ces
1598 1614 1724 1662 Mss.
1751 1614 1801 1661 in
1835 1615 2040 1663 excusis
2074 1621 2249 1663 autem
2274 1615 2416 1663 libris
2438 1616 2553 1676 soli,

1485 1689 1831 1753 Cuspiuianus
1861 1698 1916 1738 et
1941 1690 2269 1752 Arntzeniu8‚
2293 1692 2406 1740 loco
2430 1705 2549 1755 par-

1484 1766 1659 1815 ticulae
1679 1769 1852 1829 magis,
1865 1776 2059 1830 ponunt
2079 1767 2397 1830 adjectivum
2414 1784 2550 1831 mag-

1482 1860 1613 1900 num,
1635 1845 1770 1894 huuc
1806 1847 1853 1893 in
1891 1844 2095 1894 modum
2121 1861 2134 1894 ε
2165 1846 2304 1894 Satis
2335 1852 2406 1894 est
2439 1847 2550 1908 tibi,

1482 1921 1786 1984 nimiumque,
1810 1937 1914 1969 cum
1936 1920 2548 1983 successerissrugnlissimo

1480 1997 1722 2060 principi‚·
1770 2013 2012 2059 magnum,
2050 1998 2245 2058 rejicere
2279 1999 2461 2060 aliquid
2501 2005 2549 2048 et

1480 2078 1748 2132 amputare.
1808 2074 1931 2130 Sed,
1960 2074 2002 2121 si
2037 2089 2259 2135 magnum
2291 2088 2320 2121 a
2352 2077 2547 2125 ceteris

1485 2151 1660 2199 verbis
1685 2152 1947 2214 sejungas,
1968 2159 2022 2198 ut
2044 2151 2187 2214 quasi
2223 2164 2316 2212 per
2344 2165 2401 2199 se
2426 2151 2546 2200 sub-

1483 2228 1653 2288 sistat,
1688 2236 1743 2276 et
1778 2227 1983 2275 dicatur
2024 2241 2247 2286 magnum
2289 2232 2376 2283 est.
2422 2235 2546 2277 tunc

1486 2305 1637 2353 nimis
1661 2304 1888 2365 abrupta
1924 2303 2106 2350 existit
2132 2303 2424 2361 sententia3
2459 2303 2548 2351 ubi

1485 2389 1607 2444 post
1643 2382 1814 2443 priora
1843 2380 2018 2437 verba,
2036 2379 2158 2427 satis
2183 2384 2253 2427 est
2276 2379 2381 2433 tibi,
2404 2379 2547 2428 nimi-

1484 2473 1671 2522 umque,
1706 2460 1878 2521 potius
1913 2455 2067 2516 majus
2097 2461 2189 2518 est,
2219 2472 2370 2520 quam
2412 2472 2548 2519 mag·

1483 2551 1614 2595 uum,
1640 2544 1966 2598 expectares.
2030 2534 2362 2597 Bongarsius,
2390 2534 2548 2586 decus

1483 2612 1741 2675 quondam
1782 2611 2005 2660 eruditae
2041 2611 2251 2674 Galliae,
2284 2612 2399 2661 hnic
2437 2612 2546 2661 vui-

1483 2687 1593 2736 neri
1648 2687 1826 2737 attnlit
1878 2687 2130 2737 medelam
2157 2703 2175 2748 ;
2228 2703 2364 2749 cum,
2407 2690 2546 2753 quod

1482 2762 1735 2812 Gruterus
1770 2771 1824 2811 et
1860 2764 2152 2813 Gronovius
2186 2763 2417 2819 tradunt,
2453 2780 2548 2827 pro

1479 2841 1654 2901 magis,
1674 2848 1763 2890 aut
1783 2856 2030 2902 maguum,
2048 2841 2401 2904 reponendum
2426 2856 2542 2890 cen-

1479 2917 1640 2967 suerit
1676 2917 1887 2966 vetbum
1922 2918 2089 2966 naevis.
2155 2919 2250 2967 Est
2290 2918 2400 2966 haec
2436 2917 2547 2981 qui-

1479 2991 1596 3042 dem
1644 2996 1968 3058 conjectura,
2003 2993 2092 3041 sed
2135 3001 2188 3041 et
2232 2995 2545 3056 necessaria,

1478 3078 1534 3121 et
1569 3070 1907 3129 felicissima3
1943 3086 2057 3131 quae
2096 3069 2302 3118 tandem
2335 3078 2547 3119 senten-

1480 3149 1604 3198 tiam
1631 3148 1805 3196 Plinio
1828 3147 2034 3209 dignam
2070 3147 2355 3208 constituit,
2377 3154 2432 3194 et
2455 3150 2543 3197 cui

1481 3226 1668 3273 saltem
1713 3238 1889 3271 omnes
1927 3223 2064 3284 libri,
2103 3223 2191 3285 qui
2232 3223 2543 3285 particulam

1479 3301 1638 3361 magis
1679 3299 1977 3363 prodidere,
2022 3298 2085 3347 ad
2133 3299 2544 3362 recuperandum

1480 3377 1651 3424 locum
1721 3388 1866 3422 suum
1945 3376 2321 3437 praemunivere
2389 3377 2542 3425 viam.

1483 3452 1652 3502 Quam
1691 3448 1845 3498 facile
1880 3452 2015 3497 euim
2051 3449 2165 3497 fieri
2204 3450 2392 3513 potuit,
2423 3460 2480 3502 ut
2512 3468 2545 3502 a

1480 3529 1692 3579 rudibus
1733 3527 1955 3576 librariis
1994 3526 2143 3576 mavis
2186 3542 2544 3593 corrumpere·

1481 3615 1584 3662 tur.
1641 3613 2180 3668 transmutareturque
2243 3606 2294 3654 in
2351 3609 2546 3671 magis?

1477 3684 1616 3740 Jam,
1648 3684 1688 3732 si
1720 3697 1940 3747 quaeras‚
1967 3681 2086 3745 quid
2117 3680 2347 3733 futurum
2385 3685 2451 3734 sit
2477 3684 2544 3735 de

1480 3776 1607 3809 voce
1644 3775 1885 3822 mnrium,
1924 3758 2008 3807 cui
2049 3766 2130 3808 tot
2168 3761 2375 3810 codices
2414 3762 2544 3811 Mss.

1482 3839 1649 3887 locum
1676 3838 1999 3888 concedunt?
2036 3852 2135 3900 ego
2165 3852 2294 3894 eam,
2318 3839 2384 3887 ob
2409 3838 2546 3889 hunc

1481 3917 1648 3977 ipsum
1675 3915 1910 3964 codicum
1936 3929 2261 3974 consensum,
2282 3916 2434 3964 nihilo
2455 3916 2545 3964 mi-

1478 4007 1573 4040 nus
1599 3993 1756 4040 etiam
1791 3992 2024 4045 admitto,
2048 4000 2104 4039 at
2138 4000 2392 4040 conuecto
2427 4007 2546 4041 cum

1479 4068 1718 4130 sequenti
1740 4083 1885 4122 voce,
1905 4067 2088 4129 aliquid
2098 4084 2114 4115 .·
2151 4068 2303 4116 mavis
2325 4082 2549 4127 mag-uma

1476 4144 1672 4203 rejicere
1698 4143 1879 4205 aliquid
1910 4147 1957 4191 et
1989 4148 2239 4204 amputare
2271 4158 2332 4191 ex
2360 4143 2440 4203 iis,
2461 4146 2547 4205 ⁸5⁰·

1481 4220 1598 4268 Nec
1626 4226 1795 4281 putes,
1817 4218 1890 4267 sic
1917 4216 2223 4266 vocabulum
2250 4218 2345 4266 hoc
2368 4232 2547 4281 super·

1476 4292 1637 4353 fluum
1673 4291 1810 4354 sore,
1855 4305 1971 4342 cum
2010 4291 2217 4342 omnino
2254 4292 2319 4343 ad
2357 4307 2546 4359 augen-
