3060 4902
774 365 840 411 C.
884 360 1127 411 Pmmt
1175 360 1516 412 ssscunnt
1570 362 1847 413 PANBG.

327 507 423 560 bro
451 506 734 563 vossiano,
759 521 852 571 pro
874 513 1075 563 tontum.
1097 513 1402 557 annotatum

330 593 407 634 est
427 588 590 633 tomen
605 599 625 640 ‚·
660 598 777 648 quae
799 583 1021 633 variatio
1043 598 1142 634 non
1164 583 1228 633 de
1245 583 1403 634 nihilo

331 676 444 712 esse
464 660 695 709 videtur.
734 659 978 709 Schmon-

394 738 687 786 Immensum
709 737 839 785 lotus
872 736 1016 800 circi]
1052 736 1205 787 Quod
1246 736 1399 785 deus-

329 819 443 861 tnm
466 826 499 861 e
539 811 864 861 naumachiae
886 813 1201 861 Domitianas
1227 812 1400 873 lapide

329 888 679 938 instauratum
702 889 986 939 Suetonius
1011 887 1176 938 refert
1199 890 1399 939 Domit.

332 978 382 1014 c.
401 970 453 1013 5.
487 965 657 1015 Livia.

399 1038 715 1104 Inmensum]
780 1043 916 1092 Sane
969 1044 1294 1100 immensum,
1344 1051 1401 1094 et

332 1120 350 1146 ⁸
371 1119 700 1180 longitudine
755 1120 1039 1168 stadiorum
1097 1119 1288 1183 trium‚'
1343 1129 1402 1171 ut

335 1194 543 1244 Plinius
587 1207 787 1244 xxxvi.
827 1200 910 1245 15.
949 1196 1154 1261 scribit,
1185 1204 1200 1226 ‘
1224 1196 1401 1247 latitu-

332 1272 458 1322 dine
481 1271 669 1323 unius.’
704 1273 846 1336 Lips-

401 1349 690 1397 Inmensnm
755 1352 882 1398 lotus
942 1350 1082 1414 circi]
1145 1350 1402 1414 Intelligit

334 1424 353 1453 ⁴
369 1426 652 1474 maximum
671 1425 814 1474 illum
838 1426 1071 1483 rireum,’
1095 1428 1182 1491 qui
1205 1443 1268 1476 ex
1296 1430 1403 1477 Do-

334 1502 538 1551 mitiani
563 1503 881 1551 naumachias
904 1502 1076 1565 lapide
1100 1511 1404 1553 exstructus

335 1591 368 1625 a
389 1576 635 1638 Trajaoo.
656 1576 804 1624 Suet.
830 1579 1030 1626 Domit.
1063 1593 1111 1627 c.
1140 1584 1189 1627 5.
1228 1580 1328 1628 Dio
1354 1579 1405 1627 in

333 1652 583 1715 Trajano.
628 1650 818 1715 Aliqua
843 1662 1015 1702 tamen
1042 1654 1173 1702 illius
1199 1668 1406 1703 nauma-

335 1728 468 1779 cbiae
506 1727 721 1791 vestigia
760 1737 941 1778 extare
979 1730 1263 1779 creduntur
1288 1738 1408 1793 post

334 1804 596 1869 sylvestri
649 1804 847 1862 fanum,
919 1807 1059 1856 inter
1105 1808 1407 1857 Flaminiam

337 1884 500 1943 viam,
543 1888 600 1931 et
646 1881 949 1932 Pincianum
994 1885 1181 1933 collem
1220 1885 1407 1933 vinetis

334 1966 614 2023 cooperta.
681 1960 760 2009 M.
779 1960 905 2012 Ant.
923 1962 1114 2013 Sabell.
1134 1963 1188 2013 in
1211 1962 1408 2015 Domit.

338 2037 504 2087 Bere.

405 2113 567 2163 Latus
598 2113 740 2178 circi]
777 2116 861 2166 De
898 2115 1084 2166 eodem
1122 2114 1274 2167 Circo
1298 2117 1406 2167 Dio

338 2190 490 2240 Cass.
515 2191 605 2240 lib.
625 2205 829 2242 vam.
862 2200 877 2222 ‘
897 2192 1180 2257 Postquam
1210 2195 1406 2245 circum

340 2269 624 2331 collapsum
647 2269 893 2332 restituit,
912 2271 1264 2332 majoremque
1293 2272 1406 2320 red-

341 2343 501 2404 didit,
514 2351 670 2409 atque
688 2345 1055 2409 pulchriorem,
1075 2347 1343 2409 inscripsit
1359 2347 1407 2395 iu

341 2438 429 2483 eo,
453 2422 738 2487 perfecisse
763 2439 836 2480 se,
866 2432 921 2475 ut
948 2427 1140 2490 populo
1172 2426 1408 2476 Romano

341 2498 646 2550 sufficeret!
712 2500 917 2551 Circum
955 2516 1078 2550 vero
1115 2504 1347 2551 restituit
1379 2517 1408 2552 e

340 2576 518 2640 lapide
542 2576 877 2633 naumachiae,
903 2592 1055 2642 quam
1077 2580 1407 2628 Domitianus

340 2659 668 2708 extruxerat,
693 2654 942 2703 innuente
975 2656 1190 2704 Sueton.
1214 2656 1407 2705 Domit.

340 2742 459 2791 etp.
483 2734 535 2777 5.
582 2729 724 2779 Circi
747 2728 896 2792 hujus
922 2732 1167 2780 memoria
1189 2733 1408 2781 nummis

341 2805 505 2854 etiam
527 2803 686 2853 edita.
754 2802 883 2855 Post
910 2807 1046 2856 bunc
1071 2807 1287 2857 aliorum
1312 2809 1410 2857 eti·

344 2899 425 2933 am
470 2898 503 2932 a
535 2882 761 2947 Trojano
804 2892 1158 2934 extructurum
1197 2899 1408 2947 operum

343 2975 580 3010 nummos
610 2960 910 3010 exhibemus
942 2978 957 3020 ;
1005 2962 1242 3010 nimirum
1283 2963 1410 3011 Por·

347 3044 455 3086 tum
480 3034 886 3094 Anconitanum,
904 3036 1049 3099 cujus
1072 3050 1277 3085 nummo
1299 3037 1409 3100 qui·

347 3112 466 3161 darn
483 3126 550 3161 ex
569 3111 873 3174 antiquariis
891 3111 1011 3159 olim
1036 3112 1258 3161 Danubii
1286 3127 1411 3174 pon·

345 3197 453 3237 tem
471 3188 833 3249 repraesentari
850 3187 1184 3236 crediderunt
1199 3197 1237 3236 :⁸
1258 3189 1411 3237 Tem-

347 3265 436 3326 pla
486 3261 732 3325 gemina‚'
788 3265 803 3290 ‘
826 3262 1027 3325 Aquam
1050 3261 1063 3281 '
1121 3271 1175 3312 et
1230 3265 1244 3290 ⁸
1264 3266 1412 3313 Viam

345 3338 660 3403 Trajanam,'
678 3346 835 3402 atque
849 3339 1175 3388 ‘Columnam
1192 3338 1226 3402 ;’
1239 3354 1413 3402 quam·

347 3417 426 3465 vis
483 3414 641 3464 iidem
698 3415 891 3463 nummi
936 3416 1168 3479 percussi
1220 3415 1413 3466 fuerint

350 3499 470 3556 post
491 3490 705 3541 tertium
723 3491 942 3554 Trajani
958 3492 1302 3554 consulatum,
1320 3494 1414 3543 hoe

349 3578 451 3627 est,
474 3577 599 3635 post
621 3571 753 3621 banc
771 3571 1056 3620 orationem
1074 3571 1288 3621 dictam.
1315 3571 1414 3620 Pa·

350 3649 492 3698 tarot.

413 3723 829 3773 Pulchritudinem
845 3724 1095 3787 provocat]
1132 3724 1252 3773 Duo
1277 3725 1416 3774 codi-

348 3814 441 3851 ces
461 3800 702 3849 Vaticani
728 3815 823 3864 pro
848 3815 975 3849 voce
995 3802 1417 3864 pulchritudinem,

348 3876 549 3925 babent
578 3876 992 3936 magnitudinem3
1030 3878 1113 3926 cui
1147 3878 1415 3926 variationi

349 3948 578 4015 profero
615 3951 893 3999 lectionem
933 3952 1211 4014 vulgatam.
1295 3954 1417 4001 Pro·

351 4031 508 4089 mot,
531 4027 679 4092 quasi
718 4026 784 4075 ad
819 4036 1086 4077 certamen
1123 4037 1292 4091 vocat,
1326 4031 1415 4087 its,

350 4110 409 4153 nt
434 4105 626 4152 vincat.
692 4103 944 4155 Quinctil.
981 4104 1155 4152 Instit.
1187 4106 1336 4154 Orat.
1360 4120 1416 4156 x,

353 4185 401 4231 1.
434 4182 652 4244 ‘Elegia
676 4180 895 4231 Graecos
922 4195 1128 4245 quoque
1165 4196 1416 4245 provoca-

353 4257 522 4320 mns;'
578 4257 787 4310 scilicet
827 4259 975 4323 quasi
1010 4259 1143 4311 certi
1188 4258 1320 4326 tore,
1360 4265 1419 4310 ut

1923 366 1975 416 1.
2008 348 2119 415 51.
2404 350 2534 417 ’751

1478 507 1762 557 vincamus.
1825 507 1967 558 Plin.
1990 509 2158 573 Epist.
2185 521 2249 569 n,
2272 513 2323 559 7.
2339 511 2539 561 ‘Tanta

1475 584 1523 632 ei
1549 585 1821 643 sanctitas,
1843 615 1858 632 .
1880 617 1897 633 .
1916 619 1930 635 .
1966 593 2024 634 ut
2049 591 2230 647 posset
2252 598 2403 633 senes
2422 587 2539 635 illos

1476 674 1763 722 provocare
1790 661 2003 717 virtute,
2035 661 2222 725 quibus
2267 675 2405 712 nunc
2444 662 2537 712 bo-

1477 752 1601 787 nore
1626 739 1927 802 adaequatus
1945 737 2066 788 est.'
2099 738 2342 789 Selia-urz.

1541 815 1916 879 Spectabuntur]
1974 815 2251 865 Circenses
2294 816 2404 864 sive
2449 830 2538 865 cu·

1476 892 1615 939 rules
1640 891 1746 939 ludi
1769 890 2049 953 imprimis3
2083 888 2174 939 sed
2198 891 2354 940 etiam
2376 890 2539 953 gladi-
2572 898 2579 904 '

1475 974 1664 1021 atores,
1688 967 2009 1022 venationes,
2029 974 2081 1015 et
2100 980 2251 1017 omne
2273 980 2434 1030 genus
2457 981 2539 1016 so-

1473 1043 1549 1091 let
1573 1042 1776 1091 interim
1797 1042 1881 1091 bic
1904 1041 2035 1091 dari.
2069 1041 2204 1105 Lips-

1542 1117 1803 1181 AEquotus]
1828 1117 1970 1166 Imus
1994 1118 2160 1178 locus,
2185 1131 2279 1180 pro
2301 1115 2540 1181 digniore

1477 1196 1706 1255 habitus,
1731 1194 2055 1245 senatoribus
2077 1194 2191 1243 dari
2214 1195 2439 1257 solebat,
2461 1195 2539 1245 di·

1477 1274 1795 1336 cebaturque
1831 1270 2103 1335 ‘podium.'
2169 1273 2343 1323 Quare
2377 1272 2539 1323 Juve-

1478 1351 1581 1399 nal.
1604 1351 1714 1399 Sat.
1740 1363 1803 1398 11.
1836 1351 1949 1398 145.
1973 1363 2113 1413 seqq.
2146 1357 2161 1378 ‘
2182 1349 2250 1398 Et
2288 1349 2541 1411 Capitoli·

1479 1428 1559 1476 nis
1585 1426 1882 1489 generosior
1901 1432 1954 1474 et
1977 1425 2265 1486 Marcellis,
2289 1426 2357 1474 Et
2381 1426 2539 1474 Catu·

1478 1505 1559 1565 lis,
1584 1503 1854 1566 Paullique
1873 1501 2171 1562 minoribus,
2194 1509 2248 1551 et
2270 1500 2460 1564 Fabiis,
2484 1508 2542 1551 et
2578 1507 2583 1512 ’

1483 1581 1738 1630 Omnibus
1777 1579 1842 1628 ad
1884 1579 2095 1644 podium
2140 1579 2539 1641 spectantibus.’

1482 1658 1717 1721 Reliquis
1749 1657 1907 1718 juxta
1955 1654 2273 1718 singulorum
2321 1653 2541 1717 gradum

1482 1735 1622 1783 locus
1647 1734 1698 1781 in
1724 1734 1923 1781 theatro
1944 1730 2189 1780 dabatur.
2256 1730 2393 1780 Vide
2412 1731 2543 1781 Sue·

1483 1817 1592 1858 ton.
1629 1808 1766 1872 Aug.
1804 1823 1852 1858 c.
1886 1810 1969 1857 44.
1999 1806 2313 1872 ‘Spectandi
2361 1807 2542 1856 confu-

1483 1885 1733 1933 sissimum
1766 1893 1925 1948 atque
1950 1884 2315 1933 solutissimum
2346 1897 2542 1933 morem

1482 1962 1732 2024 correxit,
1757 1959 2159 2025 ordinavitque,'
2178 1963 2275 2010 διο.
2319 1960 2384 2009 In
2402 1962 2541 2010 circo

1482 2037 1633 2086 sedes
1665 2045 1949 2101 separatas,
1972 2051 2141 2101 neque
2173 2045 2383 2090 senatus
2419 2044 2542 2086 ante

1482 2114 1778 2177 Claudium,
1802 2127 1970 2178 neque
1995 2115 2196 2177 equites
2218 2121 2339 2163 ante
2373 2114 2541 2163 Nero-

1484 2205 1622 2245 nem,
1660 2192 1970 2239 habuerunt.
2041 2189 2278 2252 Interim,
2320 2189 2456 2238 sicut
2490 2190 2542 2238 in

1485 2267 1690 2315 theatro
1718 2266 2109 2315 honestissimus
2147 2266 2290 2314 locus
2324 2271 2439 2314 erat
2475 2265 2540 2313 ad

1484 2344 1722 2408 podium;
1759 2343 1831 2390 sic
1855 2343 1905 2389 in
1931 2341 2069 2389 circo
2092 2343 2154 2389 ad
2177 2340 2430 2404 euripum,
2456 2343 2543 2403 qui

1483 2419 1710 2468 medium
1737 2417 1958 2467 stadium
1979 2417 2238 2480 cingebat.
2287 2417 2421 2467 Vide
2445 2418 2544 2468 Ca·

1484 2500 1767 2549 saubonum
1794 2498 1856 2547 ad
1883 2499 2098 2548 Sueton.
2123 2498 2160 2546 l.
2182 2512 2227 2547 c.
2260 2498 2478 2547 Putat-ot.

1550 2575 1798 2637 Spectanti
1837 2574 2023 2622 Coesori
2050 2574 2326 2637 suggestus]
2368 2575 2543 2637 Vulgo

1485 2652 1536 2700 in
1578 2652 1812 2699 omuibus
1845 2650 2054 2713 scriptis
2090 2650 2459 2713 impressisque
2484 2651 2543 2700 li·

1486 2727 1593 2776 bris
1623 2729 1841 2789 legimus
1872 2727 2112 2791 spectandi
2137 2728 2356 2775 Coesoris.
2401 2727 2546 2777 Jam-

1485 2804 1677 2852 dudum
1704 2803 1918 2851 mirifice
1952 2803 2103 2865 gestii
2127 2804 2300 2865 legere
2330 2810 2545 2866 spectan-

1486 2880 1528 2927 ti
1555 2880 1770 2937 Caesari3
1806 2878 1941 2941 quod
1983 2880 2140 2926 etiam
2178 2879 2545 2941 Christoplioro

1487 2956 1678 3004 Bebrio
1714 2956 1856 3003 venit
1901 2955 1952 3002 in
1998 2964 2259 3015 mentem;
2309 2956 2434 3003 item
2491 2964 2547 3003 et

1487 3046 1654 3094 nuper
1692 3032 1947 3086 Gesnero,
1995 3032 2081 3093 qui
2124 3040 2294 3079 tamen
2336 3032 2544 3095 utrique

1487 3109 1541 3156 in
1579 3111 1686 3173 ipso
1710 3115 1962 3157 contextu
1988 3107 2250 3156 retinuere
2287 3108 2544 3170 vulgatam

1485 3188 1788 3247 lectionem3
1824 3201 1975 3250 quam
2003 3186 2270 3234 Gesnerus
2292 3188 2362 3234 ita
2381 3188 2549 3251 expli·

1489 3271 1608 3311 cat:
1645 3266 1660 3291 ‘
1678 3264 1982 3323 Suggestus,
2006 3263 2055 3309 in
2081 3275 2183 3325 quo
2208 3263 2380 3311 Caesar
2398 3278 2548 3326 spec·

1491 3337 1677 3386 tandus
1711 3346 2109 3399 proponeretur.
2190 3340 2319 3389 Erat
2362 3355 2549 3404 nempe

1488 3415 1653 3476 locus,
1697 3413 1918 3463 cubiculi
1967 3414 2130 3462 instar
2177 3415 2401 3479 clausus,
2433 3418 2548 3468 loco

1489 3500 1803 3541 senatorum.
1872 3489 2005 3538 Vide
2044 3491 2273 3553 Lipsium
2315 3492 2379 3541 de
2425 3492 2548 3544 Am·

1490 3570 1804 3633 phitheatro.
1842 3583 1887 3618 c.
1913 3573 1990 3618 ll.
2024 3584 2088 3617 ex
2126 3570 2373 3620 Suetonio
2412 3572 2549 3623 Caes.

1491 3662 1539 3696 c.
1562 3651 1642 3696 ⁷0.
1666 3656 1719 3696 et
1747 3648 1877 3696 Ner.
1912 3661 1957 3695 c.
1983 3650 2062 3694 12.
2129 3646 2231 3696 Hic
2253 3659 2549 3711 suggestus,

1490 3723 1589 3773 hoc
1623 3722 1935 3783 cubiculum,
1970 3722 2336 3784 intercipiebat
2378 3725 2549 3787 proxi·

1491 3799 1587 3847 niis
1629 3799 1696 3848 ab
1737 3808 1955 3863 utraque
2001 3801 2386 3864 spectatoribus
2431 3816 2549 3865 pro«

1492 3884 1749 3936 spectum,
1770 3889 1835 3924 ne
1856 3890 1909 3923 se
1935 3877 2153 3925 invicem
2172 3878 2405 3926 contueri
2435 3892 2549 3939 pos·

1490 3957 1625 4000 sent.
1674 3952 1931 4000 Putabam
1958 3952 2231 4017 aliquando
2256 3953 2550 4016 legendum,

1490 4030 1721 4094 spectanti
1749 4029 1964 4079 Castu-i!
2041 4032 2309 4081 Hactenus
2348 4031 2550 4080 Gesne-

1491 4121 1601 4157 rus.
1666 4108 1718 4155 Si
1745 4121 1887 4168 vero,
1911 4107 2048 4171 quod
2085 4108 2218 4158 idem
2258 4108 2352 4167 ait,
2390 4110 2549 4169 quod·

1493 4199 1595 4247 que
1636 4185 1747 4245 ipse
1785 4198 1883 4246 ego
1926 4184 2111 4247 sentio,
2161 4187 2415 4245 suggestus
2455 4185 2551 4234 boe

1491 4261 1606 4312 loco
1630 4259 1823 4312 dicitnr
1847 4273 1942 4324 pro
1965 4260 1980 4288 ⁴
1999 4259 2241 4311 cubiculo
2265 4260 2553 4326 principis:
