3060 4902
543 361 674 427 640

542 532 640 568 nec
657 515 952 580 permisisse
975 515 1107 573 aliis,
1135 525 1190 565 ut
1210 523 1612 580 cognoscerent,

545 601 677 644 teste
706 594 1006 658 Xipbiliuo:
1034 593 1214 643 ‘1nter
1238 593 1457 643 adversa
1481 602 1612 644 tem·

544 671 779 734 perstatis,
812 670 1070 720 delatores
1097 670 1534 734 mandatoresque
1558 686 1610 720 e·

544 756 659 797 rant
682 762 749 797 ex
775 748 987 797 licentia
1011 748 1197 796 veteri.
1267 746 1379 795 Hos
1402 747 1609 795 assidue

542 824 679 873 idem
712 823 882 884 Titus,
915 823 965 871 in
992 821 1105 872 foro
1129 821 1343 884 flagellis
1371 838 1432 872 ac
1458 821 1609 870 fusti·

546 900 642 948 bus
686 913 870 959 caesos,
915 913 976 947 ac
1025 899 1299 947 novissime
1341 897 1610 948 traductos

541 990 637 1039 per
658 975 1020 1038 amphitheatri
1038 989 1268 1037 arenam,
1289 976 1480 1037 partim
1496 976 1609 1023 has·

542 1058 610 1101 tae
633 1051 815 1115 subjici
852 1066 914 1100 ac
950 1052 1141 1100 vaenire
1167 1052 1466 1113 imperavit,
1489 1065 1609 1113 par·

540 1127 633 1176 tim
673 1127 728 1175 in
774 1126 1079 1191 asperrimas
1120 1127 1397 1175 insularum
1438 1125 1608 1173 avehi.

540 1205 719 1268 thue
759 1204 914 1252 etiam
953 1202 1138 1252 similia
1172 1200 1480 1264 quandoque
1518 1215 1607 1249 au·

536 1293 685 1329 suros
703 1286 955 1343 perpetuo
975 1277 1263 1333 coerceret,
1286 1276 1450 1325 vetuit
1470 1275 1608 1325 inter

538 1364 741 1416 cetera,
760 1356 827 1405 de
849 1355 1034 1405 eadem
1059 1369 1115 1403 re
1139 1353 1375 1419 pluribus
1404 1353 1608 1416 legibus

540 1434 644 1496 agi,
675 1432 906 1499 quaerive
943 1430 1009 1480 de
1031 1430 1299 1493 cujusdam
1334 1428 1609 1479 defuncto-

544 1523 656 1560 rum
687 1518 830 1558 statu
867 1509 1003 1559 ultra
1036 1519 1209 1556 certos
1246 1505 1460 1555 annos:'
1491 1520 1607 1569 quae

538 1593 850 1649 repetuntur
869 1600 936 1633 ex
961 1586 1175 1633 Sueten.
1194 1584 1297 1631 Tit.
1328 1596 1375 1631 c.
1392 1585 1442 1630 8.
1468 1583 1606 1632 Ner-

538 1679 620 1725 va,
640 1663 1075 1713 moderatissimus
1103 1660 1364 1724 princeps,
1384 1673 1492 1719 eos,
1515 1659 1605 1722 qui

539 1740 615 1788 rei
640 1738 770 1788 facti
795 1746 943 1787 erant
970 1735 1278 1798 impietatis,
1301 1735 1334 1783 i.
1356 1749 1405 1782 e.
1430 1735 1605 1783 crimi-

537 1816 621 1863 nis
657 1814 966 1876 majestatis,
1010 1811 1257 1872 absolvit,
1288 1812 1603 1875 exsulesque

536 1892 789 1940 restituit.
839 1891 1028 1940 Servos
1054 1896 1226 1937 autem
1266 1903 1326 1936 ac
1364 1885 1602 1944 libertos,

534 1968 622 2031 qui
647 1966 860 2016 insidias
885 1965 1103 2015 dominis
1131 1963 1466 2026 patronisque
1499 1964 1603 2013 suis

534 2042 789 2099 fecerant,
816 2057 992 2093 omnes
1009 2039 1229 2090 interfici
1239 2039 1415 2104 jussit,
1437 2041 1601 2090 cavit-

530 2134 654 2183 que,
680 2133 742 2169 ne
769 2120 842 2167 eis
861 2120 1043 2168 liceret
1077 2118 1271 2166 crimen
1296 2116 1449 2165 ullius
1474 2113 1603 2165 faci·

532 2198 672 2246 noris
696 2196 915 2245 dominis
953 2193 1163 2245 inferre.
1232 2192 1428 2243 Adboec
1451 2192 1602 2244 fisca·

531 2273 606 2323 les
631 2274 917 2323 calumnias
954 2280 1007 2322 et
1043 2269 1331 2321 delationes
1355 2270 1601 2319 adversus

529 2348 766 2404 judaeos,
787 2355 842 2397 et
866 2347 1187 2397 Christianos
1208 2361 1272 2395 ex
1289 2346 1492 2397 Judaeis
1515 2359 1599 2394 or-

532 2433 634 2488 tas,
659 2425 927 2489 repressit.
996 2423 1149 2475 Unde
1169 2433 1223 2473 et
1248 2438 1484 2473 nummus
1509 2424 1600 2473 hu·

520 2502 611 2565 jus
649 2501 975 2565 imperatoris
1010 2508 1177 2558 extat,
1211 2513 1329 2548 cum
1364 2499 1458 2548 bsc
1490 2500 1600 2562 epi·

528 2578 723 2641 grapbe
757 2594 772 2627 x
830 2590 972 2625 riser
1028 2588 1250 2624 rvnmct
1302 2588 1599 2625 cavanna

529 2667 807 2713 ινΒιΑἸ-Ας
845 2654 911 2702 de
937 2667 1036 2715 quo
1063 2652 1239 2701 videre
1267 2652 1390 2700 licet
1414 2652 1599 2701 Zorni-

526 2748 615 2782 um
640 2732 692 2781 in
729 2731 958 2780 Historia
983 2730 1118 2780 Fisci
1141 2729 1374 2791 Judaici,
1408 2744 1459 2793 p.
1482 2734 1597 2779 302.

527 2808 697 2858 Porro
739 2808 943 2871 juravit
987 2808 1037 2856 in
1083 2814 1287 2868 senatu,
1332 2807 1525 2855 nullum
1567 2821 1598 2856 e

525 2884 851 2934 senatoribus
873 2899 964 2933 suo
981 2884 1130 2946 jussu
1154 2881 1487 2933 interfectum
1512 2882 1598 2945 iri,

524 2961 683 3026 idque
702 2961 1081 3026 jusjurandum,
1114 2961 1257 3010 facta
1290 2961 1449 3010 etiam
1472 2973 1596 3007 con·

517 3038 785 3101 juratione
805 3047 992 3087 contra
1006 3053 1084 3098 se,
1100 3047 1263 3086 ratum
1278 3035 1419 3086 fecit.
1459 3036 1593 3087 Quae

523 3132 555 3166 e
590 3118 763 3166 Dione
801 3122 1173 3165 commemorat
1206 3115 1501 3179 xiphilinus
1541 3114 1593 3162 in

526 3192 723 3243 Nerva.
773 3193 921 3242 Idem
949 3191 1252 3254 xiphilinus
1279 3192 1329 3238 in
1363 3191 1592 3253 TraJano

526 3275 771 3329 testatur,
802 3268 1100 3331 U‘rajanum,
1123 3267 1375 3329 optimum
1400 3266 1589 3329 princi·

523 3359 661 3407 pem,
688 3344 877 3393 nullam
902 3343 1057 3393 fidem
1088 3343 1324 3392 babuisse
1347 3342 1594 3391 calumni-

522 3420 960 3483 atoribus,immo‚
977 3435 1039 3469 ne
1061 3419 1272 3484 quidem
1298 3419 1350 3467 in
1374 3419 1591 3468 crimine

523 3497 813 3560 mejestatis
860 3497 1178 3559 permisisse,
1219 3503 1276 3543 ut
1325 3508 1591 3544 serrorum

521 3572 811 3622 delationes
869 3572 920 3619 in
978 3571 1210 3619 dominos
1268 3570 1593 3620 audirentur.

521 3650 672 3702 Quod
711 3656 767 3698 et
802 3648 1003 3697 Plinius
1033 3649 1205 3698 innuit
1237 3663 1284 3698 c.
1323 3661 1459 3698 xnu-
1499 3650 1591 3714 qui

520 3733 576 3776 et
598 3741 645 3776 c.
674 3738 884 3775 xxxiv.
910 3732 1107 3785 narrat,
1128 3724 1223 3771 sub
1248 3724 1344 3773 boc
1365 3724 1589 3787 impera·

521 3811 635 3854 tore
657 3802 960 3865 contigisse,
983 3799 1204 3864 desuper
1229 3801 1419 3849 intueri
1446 3801 1589 3851 dela·

519 3888 691 3928 torum
725 3878 909 3940 supina
935 3890 1043 3940 ors,
1075 3885 1401 3942 retortasque
1424 3879 1590 3927 cervi·

518 3969 641 4017 ces3
686 3962 880 4017 preter
913 3967 1001 4002 eos
1038 3967 1184 4014 vero,
1214 3954 1303 4018 qui
1339 3954 1390 4002 in
1429 3969 1590 4003 arena

517 4030 889 4089 occubuerant,
911 4029 1037 4079 alios
1053 4029 1119 4078 ad
1146 4030 1288 4079 lenta
1312 4030 1590 4094 supplicis,

520 4108 887 4171 gravioresque
925 4119 1122 4168 poenas,
1158 4104 1315 4156 fuisse
1350 4121 1586 4157 reserva·

517 4191 617 4245 tos,
638 4183 770 4232 etin
806 4182 1015 4245 navigia
1047 4191 1344 4247 congestos,
1382 4184 1585 4233 insulis-

514 4274 620 4325 que
640 4259 939 4324 asperrimis
961 4260 1207 4314 inclusos.
1271 4260 1423 4313 Idem
1464 4275 1582 4327 cap.

1239 375 1459 424 No'rAE
1510 373 1919 423 vARtoRUM
1980 373 2059 422 ΙΝ

1690 530 1866 566 xxxv.
1916 517 2132 579 indicat,
2178 531 2378 581 poenam
2417 517 2622 569 talionis
2667 520 2756 569 ad-

1691 607 1865 642 versus
1889 594 2149 642 delatores
2176 609 2204 641 a
2223 594 2450 656 Trajano
2464 596 2753 659 generatim

1686 666 1845 718 fuisse
1878 670 2245 719 introductam.
2303 671 2490 735 Itaque
2530 672 2757 735 Plinius,

1687 754 1950 795 oratorum
1990 760 2148 803 more,
2191 756 2478 810 exaggerat
2512 762 2594 808 ea,
2632 762 2752 813 qua

1684 822 1933 885 Traianus
1961 821 2216 885 adjecerit
2243 823 2407 884 poenis
2443 822 2753 880 delatorum,

1677 899 1787 961 jam
1823 915 1854 948 a
1888 901 2013 950 Tito
2046 908 2103 950 et
2138 901 2317 951 Nerva
2348 900 2667 951 constitutis.
2699 902 2756 951 1-

1686 978 1810 1024 dem.
2667 1015 2675 1036 ,

1753 1053 1948 1116 Edicto]
1986 1053 2064 1102 De
2084 1053 2558 1106 calumniatoribus.
2593 1054 2751 1120 Apud

1685 1128 1908 1179 Dionem
1952 1130 2145 1194 aliquid
2192 1132 2242 1180 in
2284 1133 2493 1181 Nerva:
2528 1133 2753 1184 ‘Servos

1684 1219 1797 1254 eum
1822 1214 1876 1255 et
1901 1205 2121 1255 libertos
2145 1207 2372 1271 punisse.
2403 1209 2493 1271 qui
2525 1207 2752 1258 dominis

1685 1287 1774 1329 aut
1826 1283 2059 1345 patronis
2117 1283 2399 1345 periculum
2456 1281 2752 1345 fecissent3

1685 1371 1815 1407 neve
1855 1359 1905 1407 iu
1948 1366 2210 1422 posterum
2252 1358 2466 1406 liceretz
2518 1358 2641 1407 item
2683 1374 2748 1409 ne

1682 1436 1794 1499 quis
1850 1435 2138 1498 impietatis
2201 1440 2291 1484 aut
2352 1438 2485 1485 ritus
2541 1435 2749 1486 Judsici

1681 1512 2085 1576 (Christianismi
2108 1512 2287 1575 etiam,
2310 1510 2521 1576 opinor)
2539 1525 2749 1563 accusa·

1684 1588 1869 1638 retur.’
1905 1589 2040 1652 Lips.

1742 1664 2097 1728 adstruxerat]
2148 1665 2192 1715 1.
2215 1680 2263 1715 e.
2291 1665 2575 1728 adjecerat,
2601 1662 2747 1714 addi-

1679 1739 1852 1791 derat.
1883 1742 2209 1804 Frequenter
2227 1742 2324 1790 hoc
2345 1741 2506 1790 verbo
2524 1754 2648 1790 usus
2665 1748 2748 1790 est

1679 1816 1902 1866 Plinius.
1969 1818 2035 1867 In
2071 1819 2170 1867 hoc
2196 1818 2394 1880 Paneg.
2419 1829 2674 1866 xxxviii.
2695 1821 2746 1867 2.

1679 1898 1694 1920 ‘
1718 1894 1892 1942 statim
1931 1907 2055 1956 ergo
2083 1894 2285 1942 muneri
2317 1894 2429 1957 ejus
2465 1893 2746 1942 liberalitas

1680 1976 1769 2017 tua
1811 1968 2112 2019 adstruxit.’
2159 1982 2311 2018 xavx.
2351 1974 2401 2018 8.
2433 1967 2747 2030 ‘Omnibus‚

1678 2059 1807 2108 qiios
1844 2044 2003 2093 bonos
2038 2043 2188 2099 facis,
2224 2046 2353 2094 hanc
2388 2043 2613 2093 adstruis
2637 2045 2747 2093 lau·

1676 2121 1813 2176 dem,
1838 2134 1902 2168 ne
1926 2120 2156 2182 coegisse
2184 2119 2442 2169 videaris.’
2494 2133 2679 2170 nxvn.
2698 2126 2748 2169 6.

1674 2196 1821 2245 ‘Sibi
1855 2210 2155 2245 accrescere
2189 2203 2362 2257 putat,
2393 2196 2527 2259 quod
2555 2196 2744 2261 cuique

1673 2271 2011 2320 adstruatur!
2070 2270 2385 2321 conferatur
2422 2271 2631 2320 Cottius
2674 2270 2742 2319 ad

1674 2348 1815 2397 Plin.
1841 2348 2008 2409 Epist.
2030 2361 2119 2398 ιιι.
2142 2353 2191 2396 2.
2224 2346 2465 2396 Schsenrz.

1741 2426 1974 2490 Nihilque
2010 2426 2277 2489 reliquisse,
2299 2424 2394 2475 uisi
2430 2424 2542 2491 tibi]
2577 2422 2742 2478 Nihil·

1672 2519 1760 2568 que
1775 2504 2023 2566 reliquisse
2046 2503 2153 2562 tibi,
2180 2503 2348 2552 Lirin.
2373 2504 2423 2551 in
2445 2511 2593 2553 textu
2612 2520 2628 2566 ς
2648 2503 2745 2554 sed

1674 2582 1724 2629 in
1766 2580 2019 2643 margine,
2055 2579 2072 2608 ‘
2101 2579 2327 2643 Nihilque
2359 2580 2607 2643 reliquisse
2647 2579 2745 2629 nisi

1674 2655 1764 2704 tibi
1788 2655 1857 2704 V.
1883 2653 2075 2703 acute!
2144 2654 2328 2703 Recte.
2367 2654 2611 2703 Raima.

1738 2732 1856 2780 Nisi
1876 2729 1990 2793 tibi]
2028 2731 2297 2780 Particula
2320 2730 2432 2791 nisi,
2453 2745 2568 2794 quae
2588 2731 2743 2795 vulgo

1672 2808 2022 2872 praetermissa
2066 2813 2169 2869 est,
2206 2806 2258 2855 in
2296 2806 2568 2856 codicibus
2612 2808 2744 2857 Μαι.

1671 2883 1959 2945 Vaticanis,
1983 2881 2286 2937 parisiensi,
2322 2882 2550 2945 Veneto,
2584 2882 2745 2934 Guel-

1672 2959 2019 3025 pherbytano,
2035 2964 2228 3011 nostro.
2248 2964 2302 3006 et
2317 2957 2448 3006 libro
2465 2957 2737 3018 Vossiano,

1669 3043 1835 3091 extat,
1860 3048 2077 3099 eamque
2114 3034 2163 3082 in
2199 3042 2381 3082 vetere
2417 3030 2599 3082 codice
2627 3034 2741 3097 jam

1668 3114 1938 3161 invenerat
1994 3111 2281 3165 Livineius.
2328 3124 2389 3158 ac
2433 3123 2532 3168 non
2579 3111 2739 3159 solum

1667 3191 1943 3246 Gruterus.
1966 3189 2058 3239 sed
2097 3197 2173 3250 et,
2213 3188 2266 3237 in
2297 3189 2376 3237 sic
2412 3188 2553 3237 dicta
2586 3189 2740 3239 editi-

1667 3282 1765 3319 one
1783 3268 1862 3317 Pu
1872 3266 2030 3326 teani,
2047 3266 2390 3328 parisienses,
2409 3265 2742 3326 evulgarunt.

1667 3345 1790 3393 item
1828 3351 1885 3393 et
1917 3344 2134 3392 multum
2169 3341 2409 3406 probavit
2444 3341 2739 3392 Rittershn·

1666 3421 1771 3469 sius
1811 3427 2004 3474 noster.
2039 3433 2177 3469 niune
2208 3427 2263 3469 et
2288 3418 2507 3468 eandem
2534 3420 2740 3484 recepit

1667 3497 2095 3555 Arutzenius,cui
2112 3498 2222 3547 sine
2239 3498 2333 3547 bac
2353 3497 2608 3561 particula
2622 3513 2739 3548 ora·

1666 3573 1739 3624 tio
1764 3575 2011 3636 languere
2041 3573 2270 3636 videtur,
2306 3581 2360 3624 et
2383 3573 2470 3639 qui
2499 3581 2674 3637 putat,
2695 3576 2739 3625 si

1665 3649 1787 3713 quid
1816 3650 2136 3713 ingeniosum
2173 3649 2350 3698 dicere
2371 3649 2604 3711 potuerit
2625 3650 2739 3700 Pli-

1665 3724 1800 3784 nius,
1842 3724 1940 3774 boe
1978 3723 2199 3781 dixisse,
2239 3738 2410 3789 neque
2450 3724 2738 3790 quidquam

1663 3800 1888 3850 sermoni
1930 3801 2248 3865 panegyrico
2285 3814 2397 3850 esse
2428 3802 2741 3853 convenien-

1663 3877 1783 3926 tius.
1852 3876 1902 3926 A
1927 3877 2074 3941 cujus
2105 3886 2280 3927 autem
2306 3878 2570 3928 sententia
2592 3894 2740 3930 rece·

1665 3953 1742 4002 dit
1765 3952 2036 4004 Gesnerus
2062 3953 2115 4002 in
2144 3952 2384 4016 Epistola
2417 3955 2481 4003 de
2503 3969 2601 4004 sna
2625 3957 2741 4006 Pli-

1662 4031 1734 4080 nii
1753 4030 1786 4081 J
1795 4031 1987 4081 unieris
2011 4030 2244 4080 editione
2262 4047 2279 4090 ς
2303 4031 2391 4081 ubi
2414 4038 2663 4090 testatur.
2676 4048 2737 4085 se

1663 4121 1763 4157 non
1805 4122 1955 4171 posse
1989 4107 2273 4158 conciliare
2308 4122 2422 4159 eam
2464 4112 2738 4174 exceptio·

1662 4200 1804 4244 nem,
1828 4185 1952 4235 illud
1993 4185 2110 4246 nisi,
2144 4199 2259 4234 cum
2300 4186 2738 4238 antecedentibus

1662 4263 1854 4323 verbis,
1872 4263 1932 4313 ld
1946 4262 2036 4319 hoc
2051 4262 2426 4324 misai-duam
2436 4261 2560 4323 suit.
2596 4263 2737 4317 ‘Dit-
