3060 4902
788 364 853 414 Ο.
900 363 1140 415 Pmtttt
1189 363 1520 417 suevum
1569 367 1852 419 PANRG.

330 520 482 571 quam
508 504 676 555 initia
694 511 859 556 aetate
878 511 1074 556 tautam
1095 520 1285 572 capere
1305 507 1407 558 for·

327 581 550 632 tunam-⁹
586 580 747 630 Idem
771 594 874 630 vn.
894 586 943 631 8.
964 585 1044 630 1³.
1067 590 1081 611 ⁶
1097 582 1186 631 Sic
1203 598 1406 647 quoque

325 657 686 721 concupiscis,
706 672 824 722 qnae
850 672 947 707 non
964 658 1140 722 capis.'
1176 672 1258 709 tx.
1285 663 1333 708 3.
1356 664 1406 711 7.

323 736 340 765 ⁸
356 737 633 799 Quidquid
662 738 955 787 mortalitas
978 752 1166 801 capere
1182 746 1408 801 poterat,

326 811 659 876 implevisti.’
726 814 1028 877 Principum
1056 822 1229 863 autem
1251 814 1408 863 disci·

327 890 468 952 plina
490 889 694 952 opponi
718 889 955 938 videtur‘
970 888 1256 953 disciptinae
1280 891 1405 940 civi-

331 965 496 1023 tatis,’
527 966 565 1015 i.
585 981 634 1015 e.
661 966 931 1021 institutis,
955 966 1184 1014 moribus
1209 974 1260 1014 et
1283 981 1404 1014 con-

329 1042 616 1099 suetudini,
642 1041 833 1090 civium
861 1040 1039 1090 liberae
1064 1041 1364 1105 reipublicae
1388 1059 1404 1104 ;

327 1119 475 1181 cujus
501 1117 743 1166 meminit
767 1118 878 1166 Cic.
899 1118 1052 1166 Verr.
1070 1130 1111 1164 ιι
1121 1131 1157 1165 r.
1179 1121 1260 1167 69.
1284 1120 1300 1146 ‘
1319 1118 1402 1167 Li·

327 1194 479 1244 beros
504 1195 791 1244 instituere
816 1202 972 1258 atque
988 1193 1197 1243 erudire
1213 1193 1276 1243 ad
1300 1209 1406 1245 ma-

317 1271 494 1334 jorum
520 1271 791 1331 instituta,
818 1279 972 1334 atque
995 1271 1222 1320 civitatis
1249 1272 1402 1321 disci·

329 1348 542 1412 plinam,
568 1363 679 1397 nou
704 1347 769 1395 ad
807 1354 894 1396 tua
916 1344 1318 1412 flagitia,neque
1338 1349 1400 1399 ad

332 1421 715 1484 turpitudines,
737 1421 998 1471 debuisti!
1029 1422 1265 1474 Schwurz.

391 1497 473 1545 Ab
493 1498 615 1560 nno]
658 1499 927 1560 Principe.
962 1498 1097 1561 Lips-

398 1574 484 1622 Vis
518 1580 565 1623 et
596 1575 876 1639 imperium]
931 1576 991 1624 ln
1027 1575 1194 1625 codic.
1228 1577 1400 1627 Vatic.

330 1658 383 1699 et
402 1650 699 1713 salisburg.
727 1666 821 1712 pro
847 1665 969 1700 voce
992 1654 1082 1710 vis,
1105 1653 1400 1717 legiturjus.

330 1725 428 1774 sed
443 1729 554 1791 jam
582 1726 924 1789 Arntzeuius,
953 1727 1015 1775 ad
1043 1729 1173 1778 hunc
1198 1731 1397 1795 Paneg.

328 1815 546 1852 unn-
583 1809 636 1853 4.
678 1803 995 1866 observavit,
1039 1805 1398 1859 confusionem

327 1879 475 1932 ista'm
502 1882 836 1948 frequentem
864 1899 977 1934 esse
1002 1885 1152 1942 adeo,
1173 1894 1233 1936 ut
1256 1901 1397 1950 saepe

327 1958 411 2008 vix
434 1961 725 2010 internosci
751 1967 924 2024 queat.
963 1962 1202 2012 Selium.

393 2037 742 2101 Nsae‘mores]
764 2040 962 2088 Seneca
986 2040 1037 2088 in
1063 2040 1154 2089 lib.
1175 2041 1242 2089 de
1265 2041 1395 2092 Pro·

327 2111 428 2160 vid.
460 2114 476 2141 ‘
495 2115 704 2163 Desinit
724 2129 839 2163 esse
857 2116 1088 2166 remedio
1107 2117 1266 2173 locus,
1291 2118 1395 2173 ubi,

326 2202 437 2252 quae
463 2188 678 2238 fuerant
704 2191 848 2251 vitia,
870 2206 1035 2240 mores
1060 2194 1214 2240 suut?
1280 2194 1394 2241 Mo-

327 2279 407 2315 res
433 2279 633 2326 utitem,
658 2269 707 2315 id
729 2278 828 2322 est,
851 2271 1153 2333 pervulgata
1169 2269 1394 2332 judicia,

328 2349 414 2392 aut
455 2341 624 2405 facta,
671 2352 726 2392 et
762 2359 863 2393 nuo
907 2346 1083 2407 verbo,
1129 2349 1392 2396 saeculutn.

389 2497 510 2559 Ipsi,
554 2495 665 2560 qui]
720 2498 946 2559 Nempe,
990 2498 1103 2559 ipse
1152 2501 1392 2563 populus.

328 2571 446 2621 Nou
481 2573 622 2621 enim
655 2573 835 2631 Caius,
869 2582 958 2622 aut
993 2574 1157 2630 Nero,
1194 2585 1251 2625 ut
1285 2576 1392 2641 qui·

326 2647 441 2697 dam
465 2649 723 2712 explieat.
759 2649 909 2697 Idem.

391 2728 465 2777 De
485 2729 746 2778 severitate
761 2729 869 2792 tuo]
906 2729 1012 2778 Pro
1026 2729 1216 2778 mendo
1242 2739 1392 2794 typo-

326 2805 575 2868 graphico
597 2805 785 2866 habeo,
800 2805 934 2868 quod
958 2807 1149 2869 legitur
1170 2808 1219 2855 in
1236 2809 1391 2858 Cevae

326 2882 580 2938 editione,
614 2884 673 2931 de
707 2885 936 2931 serviente
963 2888 1061 2932 tua.
1131 2885 1191 2932 In
1218 2887 1391 2948 proxi-

325 2962 419 3008 mis
444 2959 619 3008 verbis
653 2964 699 3008 et
737 2959 933 3008 {iberum
955 2966 1045 3021 est,
1076 2963 1228 3022 queri,
1260 2962 1393 3012 liber

324 3037 609 3087 Vossianus
647 3050 740 3098 pro
781 3036 1038 3099 particula
1069 3041 1134 3091 et,
1178 3038 1392 3088 exbibet

326 3119 394 3162 ttt.
427 3115 686 3163 Schwarz.

386 3190 613 3239 Liberum
645 3195 714 3237 est
748 3188 904 3252 queri]
953 3189 1151 3253 Ecquid
1191 3190 1239 3239 ni
1266 3191 1388 3240 libe-

324 3266 595 3329 rnm,quod
614 3264 827 3314 liberum
844 3272 1024 3313 natura
1040 3265 1161 3315 fecit
1178 3269 1195 3316 ?
1214 3269 1387 3320 ‘Quod

325 3342 802 3408 relinqueturjus,si
819 3358 880 3389 ue
898 3344 1033 3406 loqui
1049 3345 1257 3406 quidem
1275 3361 1387 3407 per·

322 3418 645 3470 mittimur?'
681 3420 872 3468 Brutus
903 3419 966 3468 ad
995 3420 1214 3483 plebem,
1238 3423 1386 3473 Hali·

323 3509 425 3544 car.
453 3508 558 3544 vn.
586 3498 664 3543 lo.
688 3495 703 3519 ‘
725 3494 882 3548 Quid,
906 3494 947 3541 si
973 3508 1071 3542 vox
1097 3495 1260 3544 libera
1284 3511 1386 3546 uon

325 3580 424 3633 est,
462 3571 682 3621 liberum
738 3576 819 3618 est
840 3571 858 3619 i
886 3568 900 3591 ’
969 3571 1199 3621 Thessali
1246 3574 1384 3636 apud

330 3648 435 3700 Liv.
459 3661 671 3699 xxxix.
691 3651 773 3696 2⁵.
813 3648 1050 3697 Libertas
1082 3649 1269 3711 lingua»
1291 3652 1383 3699 mi-

323 3727 477 3781 nima,
497 3739 651 3788 quam
676 3722 796 3771 dare
820 3729 1015 3786 potest,
1038 3724 1121 3772 cui
1141 3727 1308 3774 omnia
1332 3727 1384 3776 in

322 3818 497 3852 omnes
521 3803 698 3851 licent.
755 3801 941 3850 Placet
964 3801 1085 3849 mihi
1112 3816 1205 3850 vox
1229 3804 1385 3854 Tibe-

322 3880 409 3928 rii:
437 3888 449 3908 ·
469 3878 534 3927 In
557 3878 770 3926 civitate
796 3876 1214 3941 libera,linguam
1242 3894 1384 3929 men-

322 3960 529 4019 temque
574 3953 764 4001 liberas
808 3966 923 4002 esse
973 3953 1202 4010 debere,'
1238 3957 1385 4009 Suet.

318 4044 430 4094 cap.
452 4034 538 4079 28.
585 4036 598 4058 ⁸
623 4029 716 4077 Est
747 4029 881 4076 euim
917 4027 1103 4093 (verba
1126 4031 1306 4081 Pacati
1333 4033 1384 4083 in

317 4107 515 4158 Theod.
536 4121 656 4168 cap.
677 4104 787 4165 25.)
806 4104 1009 4167 aliquod
1028 4107 1381 4158 calamitatum

317 4185 732 4246 delinimentum,
763 4181 971 4230 dedisse
1002 4184 1252 4247 lacrymas
1276 4201 1383 4236 ma·

318 4260 396 4327 lis,
419 4269 476 4314 et
496 4270 686 4329 pectus
711 4260 910 4309 laxasse
928 4261 1197 4325 suspiriis.’
1248 4263 1381 4315 Con·

1358 4526 1389 4544 5

1930 367 1976 417 1.
2020 352 2132 418 46.
2420 351 2552 426 713

1485 515 1588 573 tra,
1609 509 1625 539 ‘
1647 510 1851 561 Crescit
1871 509 2279 562 dissimulatione
2311 509 2425 575 ipsa
2461 512 2551 564 do·

1483 586 1578 640 lor,
1612 586 1709 635 hoc
1744 588 1896 637 altius
1935 588 2210 649 demissus,
2249 602 2351 651 quo
2382 588 2547 640 minus

1483 659 1721 721 profiteri
1789 661 1947 724 licet,'
2000 663 2142 714 Just.
2196 676 2323 713 vm.
2367 670 2417 713 5.
2465 669 2548 717 11.

1483 737 1874 799 Quamplurima
1910 740 1962 787 in
2004 739 2138 789 hanc
2180 755 2288 790 rem
2330 741 2546 793 Gruter.

1482 813 1720 862 Discurs.
1736 826 1846 863 ινι.
1867 818 1948 863 42.
1970 819 2053 864 43.
2075 825 2259 880 etseq.
2296 817 2447 866 Rern.

1548 891 1717 939 Minus
1734 890 1971 954 principe]
2006 893 2245 955 Beltrius,
2275 893 2418 942 Prof.
2442 894 2546 945 Ge·

1480 964 1744 1027 dunensis,
1766 982 1829 1015 ex
1850 966 2150 1029 conjectura
2167 969 2346 1018 maluit
2371 971 2547 1032 legere

1480 1050 1533 1094 tat
1578 1047 1637 1094 de
1678 1048 1806 1095 nullo
1845 1046 1999 1107 magis
2033 1046 2251 1108 principe
2287 1053 2547 1109 querantur·

1478 1121 1720 1181 homin023
1757 1124 1848 1192 sed
1898 1125 1940 1171 is
1979 1137 2078 1172 nou
2114 1124 2242 1172 satis
2278 1130 2546 1174 assecutus

1478 1197 1686 1247 videtur
1715 1200 2026 1248 senteutiam
2054 1200 2231 1255 Plinii,
2254 1214 2405 1264 quam
2443 1202 2546 1250 ista

1477 1289 1569 1323 sna
1614 1278 1930 1325 correctione
1973 1277 2218 1325 redderet
2274 1274 2547 1339 frigidissi-

1479 1364 1630 1399 mam.
1670 1353 1832 1401 Recte
1860 1366 1980 1400 vero
2006 1361 2262 1415 acuteque
2284 1351 2414 1400 dixit
2437 1353 2549 1401 Pli-

1476 1427 1612 1488 nius,
1646 1428 1710 1476 de
1743 1429 1886 1476 nullo
1923 1428 2087 1476 minus
2128 1429 2361 1491 principe
2396 1430 2543 1492 queri

1476 1504 1645 1553 solere
1669 1504 1919 1563 homines,
1943 1518 2092 1566 quam
2118 1505 2182 1551 de
2201 1517 2302 1567 quo
2322 1506 2542 1553 maxime

1477 1579 1665 1639 liceat5
1696 1580 1814 1643 quia
1839 1577 2166 1628 manifestum
2191 1580 2437 1629 indicium
2462 1587 2542 1632 est

1477 1653 1594 1702 boni
1620 1656 1868 1718 principis
1896 1662 1950 1704 et
1971 1656 2147 1704 liberae
2173 1656 2421 1719 civitatis,
2441 1656 2539 1706 liu-

1476 1745 1627 1792 guam
1675 1732 1881 1796 quidem
1937 1740 2269 1796 mentemque
2325 1731 2537 1782 liberam

1477 1822 1628 1868 posse
1653 1808 1862 1868 babere,
1895 1822 1991 1858 nec
2019 1816 2188 1857 tamen
2210 1808 2406 1871 justam
2438 1807 2538 1858 fre·

1474 1893 1824 1948 quentemque
1851 1884 2100 1949 querendi
2136 1899 2369 1936 caussam
2395 1885 2537 1936 inve·

1471 1961 1607 2009 nire.
1642 1961 1887 2010 Schmin-z.

1538 2036 1694 2099 Licet]
1727 2040 1741 2067 ⁴
1763 2038 1910 2087 Felix
1942 2038 2206 2098 sarculum,
2227 2037 2317 2087 ubi
2341 2038 2538 2089 sentire

1469 2128 1585 2177 qnae
1627 2115 1773 2175 velis,
1815 2123 1868 2163 et
1916 2130 2031 2178 quae
2072 2115 2200 2164 velis
2238 2115 2432 2169 dicere.
2481 2115 2540 2163 li·

1469 2189 1595 2238 cet.’
1649 2191 1817 2239 Tacit.
1845 2191 1983 2239 Hist.
2009 2205 2049 2240 1.
2074 2194 2120 2240 1.
2144 2192 2360 2250 Contra,
2381 2199 2394 2219 ⁸
2414 2191 2536 2240 Heu

1469 2280 1621 2329 quam
1660 2268 1900 2315 miserum
1947 2274 2049 2328 est,
2082 2266 2148 2316 ab
2186 2281 2248 2316 eo
2287 2266 2427 2325 laedi,
2468 2268 2536 2318 de

1469 2356 1571 2406 quo
1589 2357 1687 2391 non
1709 2345 1869 2405 possis
1888 2344 2030 2407 queri
2050 2343 2080 2393 l'
2117 2343 2361 2406 P.Syrus.
2389 2345 2537 2393 Bem.

1540 2418 1657 2466 Tum
1683 2423 1762 2467 tuo
1786 2419 1835 2466 iu
1852 2418 2046 2481 soecuio]
2100 2417 2339 2468 Antehac
2358 2419 2410 2468 in
2427 2419 2537 2469 edi-

1472 2495 1537 2542 tis
1584 2494 1725 2543 libris
1767 2496 1920 2558 vulgo
1968 2495 2238 2556 legebatur
2282 2501 2437 2545 tamen
2483 2497 2536 2546 in

1468 2573 1655 2622 saecalo.
1710 2571 1890 2621 Codex
1919 2573 2021 2620 Mn.
2047 2571 2353 2621 parisiensis
2376 2572 2536 2622 babet

1469 2653 1569 2697 tum
1592 2650 1642 2697 iu
1664 2650 1849 2698 soeculo.
1919 2650 2001 2697 Ita
2026 2650 2182 2698 etiam
2203 2649 2460 2700 Livineius
2480 2649 2533 2699 iu

1469 2732 1648 2774 vetere
1672 2726 1851 2775 codice
1872 2726 2139 2774 invenerat
2162 2725 2413 2788 scriptum
2432 2731 2535 2776 tum

1467 2801 1517 2850 in
1540 2804 1740 2860 εσοαὶος
1776 2801 1909 2851 unde
1947 2816 2041 2863 per
2075 2802 2424 2865 conjecturam
2459 2799 2535 2850 ef·

1469 2876 1761 2941 fingendum
1797 2877 2059 2932 censebat,
2093 2882 2191 2925 tum
2227 2883 2306 2926 tuo
2344 2879 2533 2927 soectclo.

1469 2955 1672 3016 Lipsius
1716 2954 1942 3002 malebat
1988 2967 2081 3015 pro
2127 2960 2244 3007 tum,
2279 2952 2534 3001 duntaxat

1468 3036 1580 3079 tuo.-
1617 3030 1700 3079 cui
1740 3030 2057 3092 conjecturae
2101 3028 2353 3077 calculum
2395 3043 2531 3080 nnuc

1467 3108 1668 3158 addunt
1688 3108 1890 3157 codices
1926 3108 2055 3156 Mss.
2076 3107 2337 3166 Vaticani,
2360 3107 2531 3156 Vene-

1467 3184 1526 3240 ti,
1563 3191 1618 3232 et
1651 3184 2160 3245 Guelplterbytsuus‚
2197 3182 2268 3231 ita
2302 3182 2530 3248 quidem,

1467 3268 1525 3307 ut
1548 3260 1698 3308 simul
1732 3259 2140 3323 praepositionem
2173 3259 2225 3306 in
2249 3261 2530 3323 retineant,

1467 3341 1548 3384 tuo
1570 3335 1619 3383 in
1650 3335 1837 3383 seculo.
1905 3334 2084 3382 Codex
2118 3335 2527 3399 Salisburgensis

1464 3409 1624 3460 habet
1667 3425 1773 3458 cum
1816 3410 1865 3457 in
1900 3411 2089 3458 soeculo.
2157 3411 2220 3459 lu
2275 3412 2536 3463 Vossiano‘

1464 3487 1598 3535 libro
1620 3493 1872 3535 annotata
1895 3493 1977 3534 est
2000 3491 2215 3549 utraque
2234 3487 2408 3551 lectio,
2429 3492 2529 3537 tum

1461 3564 1516 3613 in
1554 3565 1741 3611 saecalo.
1809 3562 1870 3612 Iu
1913 3560 2095 3633 codice
2136 3577 2249 3611 meo
2284 3564 2528 3629 ambigue

1464 3647 1543 3688 est
1566 3640 1814 3703 scriptum
1839 3644 1893 3687 nt
1932 3639 2010 3686 vel
2046 3643 2165 3699 tum,
2196 3639 2274 3688 vel
2307 3640 2527 3691 fortasse

1461 3719 1544 3765 tuo
1569 3717 1742 3778 legere
1768 3716 1949 3778 possis.
1986 3713 2314 3779 Opportune,
2338 3723 2394 3766 et
2416 3716 2527 3766 fere

1462 3794 1775 3854 necessario,
1816 3795 2014 3857 rejecta
2072 3795 2329 3856 particula
2366 3800 2525 3844 tamen

1461 3886 1526 3921 ex
1561 3878 1639 3919 tot
1676 3870 1940 3920 codicibus
1976 3869 2106 3919 Mas.
2141 3884 2422 3933 pronomen
2447 3875 2527 3919 tuo

1460 3948 1755 3999 restituitur
1773 3947 1890 3995 huic
1913 3947 2045 3994 loco.
2075 3945 2390 3995 Particulam
2406 3954 2525 4004 tam,

1461 4040 1613 4092 quam
1659 4038 1796 4073 nunc
1837 4025 2057 4072 omisere
2107 4022 2416 4073 Arntzenius
2469 4031 2524 4074 et

1461 4104 1743 4162 Gesnerus,
1765 4108 1820 4150 et
1854 4114 1969 4164 quae
2007 4097 2189 4148 abesse
2226 4106 2419 4161 potest,
2447 4101 2524 4150 ni·

1458 4179 1731 4230 bilominus
1748 4185 1941 4237 tamen,
1959 4176 2162 4238 majoris
2179 4177 2522 4239 perspicuita-

1459 4257 1529 4308 tis
1555 4268 1757 4311 caussa,
1789 4267 1854 4302 ex
1890 4251 2122 4314 vestigiis
2158 4251 2351 4304 codicis
2385 4254 2527 4305 Livi·
