3060 4902
493 404 624 469 450

496 563 771 613 Pictorum
804 560 913 611 sola
950 557 1151 609 basiate
1179 570 1376 620 regum.
1436 554 1560 605 Non

495 647 577 689 est
600 639 680 687 hic
707 638 973 699 Dominus,
1004 635 1096 685 sed
1122 633 1434 697 Imperator,
1454 631 1560 680 Sed

487 718 809 782 justissimus
869 715 1095 765 omnium
1149 719 1397 771 senator3
1454 708 1561 759 Per

494 812 645 862 quem
690 797 757 845 de
807 794 991 859 Stygia
1030 793 1183 842 domo
1229 789 1447 839 reducta
1480 794 1562 837 est

494 873 656 923 Siccis
692 873 888 922 rustica
921 869 1113 919 veritas
1150 867 1366 930 capillis.
1441 864 1561 915 Hoc

495 950 589 1000 sub
615 950 872 1013 principe,
885 948 954 997 sis
980 946 1112 1010 apis,
1129 949 1336 1005 caveto,
1350 942 1561 1004 Verbis,

496 1027 679 1085 Roma.
700 1025 958 1089 prioribus
975 1020 1239 1087 loquaris.'
1269 1019 1416 1069 Idem
1437 1033 1561 1067 vero

495 1104 756 1155 Martialis
793 1106 1104 1156 assentator,
1123 1111 1247 1148 vm.
1268 1101 1318 1147 2.
1355 1094 1422 1145 de
1449 1095 1560 1144 Do-

419 1204 435 1228 ·
494 1182 744 1231 mitiano:
779 1181 796 1208 ‘
820 1181 1103 1230 Terrarum
1141 1174 1387 1238 Domino,
1420 1174 1560 1224 Deo-

498 1273 600 1324 que
627 1255 837 1307 rerum!
872 1255 1118 1306 Schmun-z.

564 1337 724 1385 Unum
743 1336 827 1385 ille
849 1348 899 1383 se
927 1348 988 1382 ex
1010 1331 1148 1380 nobis
1163 1327 1332 1394 putat]
1367 1327 1452 1378 Sic
1471 1326 1557 1376 Ci-

493 1427 616 1464 cero
639 1412 706 1462 de
725 1410 880 1462 Offic.
902 1425 939 1460 1.
961 1413 1045 1459 30.
1077 1408 1093 1436 ⁸
1115 1415 1171 1457 ut
1196 1420 1325 1455 nnus
1338 1404 1405 1454 de
1428 1404 1559 1453 mul·

495 1492 565 1541 tis
602 1506 713 1541 esse
757 1486 1046 1540 videaturz’
1082 1493 1139 1536 et
1181 1484 1316 1535 idem
1347 1483 1415 1533 de
1445 1483 1560 1532 Fin.

493 1572 510 1599 ‘
529 1569 721 1619 Tenuis
763 1568 826 1617 L.
877 1565 1166 1630 Virginius,
1209 1574 1445 1624 unusque
1489 1560 1557 1608 de

494 1643 709 1694 multis.'
775 1642 982 1694 Grecis
1006 1641 1217 1695 dicitur,
1238 1634 1304 1687 εἷς
1323 1639 1421 1686 τῶν
1438 1643 1557 1685 πολ-

493 1725 610 1774 λῶν.
677 1722 783 1771 Hic
808 1735 932 1770 vero
956 1716 1214 1781 Trajanus
1232 1729 1334 1764 non
1360 1714 1559 1763 dicitnr

495 1799 640 1865 qnasi
657 1813 789 1847 unns
815 1798 877 1846 de
903 1794 1182 1861 plebe,¹sed
1209 1792 1274 1842 de
1292 1789 1557 1841 senatorio

493 1878 693 1941 ordine,
719 1878 782 1927 ad
808 1892 959 1942 quem
990 1876 1100 1939 ipse
1122 1874 1362 1926 Julianus
1393 1871 1557 1935 impe·

495 1963 645 2004 rator
664 1970 729 2004 ex
753 1952 1006 2004 modestia
1027 1965 1083 2000 se
1104 1947 1380 1999 referebat.
1418 1947 1558 2009 Lege

494 2033 631 2083 enim
652 2046 778 2081 vm.
800 2030 918 2080 cod.
939 2028 1006 2078 de
1022 2023 1392 2091 dignitatibus:
1429 2022 1558 2074 ‘Jns

494 2105 830 2169 senatorum,'
852 2104 1042 2169 inquit,
1078 2109 1093 2130 ‘
1112 2108 1167 2150 et
1191 2099 1557 2151 auctoritatem

495 2186 605 2249 ejus
628 2184 839 2239 ordinis,
863 2183 913 2231 in
950 2195 1051 2245 quo
1076 2193 1169 2228 nos
1192 2191 1396 2243 quoque
1420 2176 1558 2238 ipsos

494 2275 608 2310 esse
632 2274 981 2320 numeramus,
1005 2269 1214 2307 necesse
1239 2261 1337 2315 est,
1361 2253 1427 2303 ab
1449 2267 1559 2301 om-

491 2337 544 2386 ni
573 2339 763 2403 injuria
785 2332 1105 2387 defendere!
1173 2332 1416 2381 Ceterum
1453 2330 1559 2378 huc

497 2412 729 2479 ‘pertinet
765 2414 909 2463 locus
943 2407 1275 2469 Tertulliani,
1299 2420 1451 2473 quem
1489 2419 1557 2456 ex

492 2493 602 2557 ejus
621 2491 877 2555 Apologia
902 2488 1081 2538 attulit
1107 2484 1353 2535 Bandius.
1378 2482 1534 2531 Idem.

563 2570 722 2618 Unum
760 2583 821 2618 ex
843 2564 998 2627 nobis]
1023 2562 1127 2613 Sed
1150 2575 1254 2610 non
1287 2574 1353 2609 ex
1380 2560 1559 2624 vulgo,

493 2651 551 2695 nt
583 2653 727 2694 recte
766 2643 1028 2708 improbat
1067 2639 1274 2703 Lipsius
1309 2636 1360 2685 in
1383 2636 1558 2685 Tacit.

495 2723 559 2773 A.
582 2737 685 2773 xn.
709 2728 757 2772 5.
779 2726 828 2772 4.
852 2736 903 2770 n.
929 2725 1008 2769 10.
1071 2716 1215 2766 Alias
1252 2721 1392 2764 recte
1417 2726 1558 2762 com·

492 2797 770 2848 mendatur
812 2812 842 2845 a
885 2795 1059 2844 Plinio
1104 2800 1160 2842 et
1204 2788 1342 2840 infra
1384 2803 1435 2838 c.
1474 2791 1556 2837 21.

489 2883 504 2906 ³
524 2876 735 2940 Trajani
769 2871 1027 2929 civilitas:
1053 2877 1109 2921 et
1139 2885 1168 2918 a
1191 2869 1340 2918 Suet.
1358 2881 1408 2917 c.
1427 2867 1477 2914 8.
1501 2871 1557 2915 et

490 2969 522 3003 ι
543 2954 668 3003 Tac.
692 2952 832 3003 Hist.
858 2965 910 2999 v·
932 2954 980 2999 1.
1004 2948 1129 2997 Titi.
1197 2946 1391 2996 Verum
1418 2943 1556 3008 prin·

490 3045 614 3094 ceps
632 3030 841 3079 nimium
872 3027 1038 3077 civilis
1059 3024 1122 3074 fit
1144 3022 1275 3079 vilis,
1298 3019 1557 3087 quomodo

490 3108 737 3156 Vitellius
757 3106 906 3154 Suet.
924 3106 1036 3152 ca.
1070 3099 1310 3150 Prudens
1330 3103 1480 3160 aptat
1499 3110 1558 3146 se

492 3183 719 3232 moribus
734 3190 790 3230 et
809 3180 1015 3244 ingenio
1031 3177 1219 3241 gentis,
1243 3177 1259 3203 ‘
1276 3188 1341 3223 ne
1361 3174 1557 3238 ignotae

493 3261 715 3309 virtutes
738 3257 866 3307 fiant
900 3269 1034 3305 nova
1067 3251 1229 3311 vitis:
1250 3252 1380 3301 Tac.
1403 3248 1468 3299 Α.
1493 3261 1558 3299 ιι.

492 3342 541 3387 2.
564 3341 615 3387 9.
639 3343 749 3386 not.
771 3340 822 3385 9.
865 3334 1013 3383 Bern.

558 3413 698 3464 Illius
741 3410 855 3473 usu]
902 3406 1134 3472 Trajani.
1204 3402 1311 3455 Sed
1354 3401 1556 3459 melius,

493 3495 585 3539 ant
630 3486 799 3545 fallor,
834 3482 972 3551 qnod
1011 3482 1130 3533 olim
1166 3495 1286 3543 ego,
1319 3480 1419 3529 illis
1450 3492 1558 3528 ιιειι.

492 3564 654 3615 Bonis
687 3564 787 3614 illis
818 3561 1005 3625 dignos
1030 3557 1308 3623 probemus
1342 3554 1558 3605 utendo.

493 3641 736 3691 Libertas
765 3643 819 3688 et
848 3636 1039 3687 veritas
1065 3632 1333 3683 redierunt
1358 3646 1374 3691 ;
1410 3643 1556 3679 usur·

491 3716 692 3784 pemus.
725 3715 865 3778 Lips.

556 3795 701 3845 Illius
722 3790 834 3854 usu]
870 3789 987 3841 Non
1012 3785 1146 3836 male
1171 3798 1306 3848 apex
1331 3782 1417 3833 ille
1436 3796 1556 3832 eru·

490 3869 702 3920 ditionis
756 3864 1041 3917 recondite
1097 3860 1278 3912 Justus
1325 3858 1555 3923 Lipsius,

487 3947 609 3996 iuis.
643 3946 799 3995 Grut.
860 3993 867 4010 ἐ

555 4021 835 4085 Dignaque
868 4032 953 4067 nos
991 4016 1124 4067 illius
1158 4028 1249 4064 usu
1280 4008 1556 4078 probemus]

490 4097 744 4151 Nonnulli
786 4108 852 4144 ex
888 4094 1197 4157 conjectura
1235 4089 1418 4156 Lipsii,
1456 4103 1555 4153 pro

491 4188 619 4225 voce
638 4173 787 4227 illies,
817 4181 1067 4234 recepere
1089 4169 1224 4228 illis,-
1258 4173 1318 4217 ut
1352 4181 1417 4216 ea
1447 4179 1555 4216 non

491 4254 555 4303 ad
590 4253 898 4316 Trajannm‚
935 4246 1025 4297 sed
1063 4245 1128 4297 ad
1172 4245 1310 4309 bona,
1355 4242 1556 4295 refera-

493 4340 618 4394 tnr3
651 4328 807 4395 idque
841 4340 946 4379 non
969 4324 1179 4392 quidem
1209 4322 1557 4382 incommode,

1185 414 1407 464 NOTA-3
1454 414 1549 462 VA
1564 412 1863 462 monum
1920 412 2002 461 m

1636 553 1729 604 sed
1757 559 1934 603 tamen
1972 558 2156 603 contra
2187 551 2554 604 anctoritatem
2590 565 2700 602 om·

1635 631 1798 693 nium,
1819 631 1906 696 qni
1950 630 2114 682 adhuc
2145 630 2503 692 innotuerunt,
2542 628 2698 678 libro·

1637 721 1749 756 rum
1807 717 2064 756 veterum.
2161 705 2299 756 Vide
2357 707 2576 755 Excurs.
2633 717 2701 754 ιι.

1637 784 1878 835 Schwarz.

1704 859 2002 924 Cogitemus]
2048 859 2318 926 Sequitur,
2351 873 2492 924 quam
2519 859 2585 910 sit
2622 859 2697 910 in-

1632 937 1852 1001 dignum,
1877 939 1937 986 C.
1961 937 2127 987 Livin.

1654 1043 1663 1051 ·
1726 1014 2029 1079 Cogitemus}
2095 1014 2258 1064 Venit
2314 1011 2593 1078 aliquando
2644 1012 2698 1063 in

1635 1099 1862 1143 mentem
1885 1091 2175 1154 rogitemuu
2208 1105 2379 1156 neque
2400 1090 2568 1140 adhuc
2591 1091 2699 1140 val·

1635 1167 1702 1219 do
1728 1168 1990 1233 displicet.
2027 1168 2178 1217 Grut.

1703 1246 1860 1301 Quom
1879 1245 1943 1295 sit
1968 1243 2243 1309 indignum]
2280 1243 2414 1295 Haec
2447 1244 2603 1294 verba
2624 1243 2702 1294 se·

1634 1323 1826 1386 liciter,
1850 1330 1905 1372 et
1932 1322 2078 1387 qnasi
2106 1322 2449 1385 postliminio,
2470 1321 2699 1371 restitui·

1634 1415 1787 1461 mus3
1820 1414 1990 1464 neque
2016 1400 2149 1449 adeo
2187 1412 2323 1449 nunc
2360 1412 2574 1448 necesse
2609 1397 2700 1447 lia·

1635 1477 1836 1539 bemus,
1877 1477 2090 1533 docere.
2129 1475 2435 1539 particulam
2478 1488 2699 1539 sequen·

1636 1561 1740 1602 tem
1780 1554 1825 1602 si
1865 1551 2164 1617 aliqnando,
2202 1551 2357 1614 idque
2398 1552 2528 1600 satis
2562 1564 2701 1614 raro,

1632 1630 1827 1680 habere
1852 1629 2202 1693 interrogandi
2229 1630 2520 1689 notionem3
2557 1627 2698 1676 unde

1636 1719 1809 1757 tamen
1844 1722 1947 1758 non
1984 1707 2235 1765 existeret
2268 1706 2367 1754 nisi
2392 1704 2580 1768 frigida
2604 1705 2697 1753 hn-

1625 1784 1715 1848 jns
1739 1785 1838 1834 loci
1875 1783 2153 1834 sententia.
2225 1781 2357 1831 Vide
2383 1781 2605 1831 Excurs.
2632 1792 2697 1830 ιι.

1633 1860 1877 1911 Schmun.

1699 1939 1761 1988 Si
1789 1937 1963 2004 amitas]
1997 1939 2123 1989 Vult
2153 1936 2397 2001 intelligi,
2420 1935 2560 2002 quod
2600 1935 2694 1986 mi·

1635 2028 1747 2064 nus.
1780 2015 1914 2079 Lips.

1699 2091 1760 2141 Si
1784 2090 1962 2156 mqius]
1997 2092 2208 2147 Sensus,
2230 2090 2331 2139 nisi
2363 2087 2697 2153 parallelismi

1633 2182 1814 2234 gnaro,
1839 2168 1994 2219 facile
2013 2177 2092 2218 est
2113 2174 2349 2230 negatus.
2414 2166 2467 2215 Is
2485 2167 2618 2215 latet
2642 2164 2696 2214 in

1634 2246 1893 2310 particula
1915 2245 1978 2306 si,
2006 2246 2175 2309 posita
2199 2241 2631 2308 quemadmodum
2654 2240 2699 2291 ei

1635 2322 1775 2385 apud
1831 2322 2052 2372 Graecos
2105 2320 2251 2386 (vide
2307 2319 2467 2369 Hein.
2508 2318 2696 2382 Steph-

1633 2401 1793 2451 Thes.
1829 2401 2002 2450 Graec.
2049 2403 2173 2449 tom.
2210 2412 2246 2447 ι.
2289 2402 2435 2448 1102.
2470 2396 2565 2460 D.)
2600 2410 2697 2461 pro

1635 2477 1764 2527 ‘aul
1815 2478 2106 2542 frequenter
2123 2475 2409 2538 cogitamus,
2428 2488 2493 2523 on
2522 2473 2695 2537 moins,

1630 2558 1714 2619 ξε.
1751 2570 1802 2620 q.
1834 2555 1887 2605 d.
1921 2554 2129 2603 minime
2175 2553 2361 2616 majus,
2394 2551 2548 2600 immo
2579 2552 2696 2600 nul·

1633 2634 1737 2682 lum
1762 2641 1945 2682 revera
1967 2630 2196 2695 tyrannis
2220 2636 2526 2692 praestamus
2546 2627 2699 2677 obse-

1633 2709 1845 2775 quium3
1878 2709 2070 2757 etenim
2104 2706 2243 2773 quod
2280 2705 2595 2767 exhibemus,
2613 2711 2696 2754 ta·

1632 2786 1738 2837 cita
1783 2793 1865 2835 est
1910 2782 2229 2834 detestatio:
2277 2795 2430 2846 quem
2477 2787 2695 2845 metuat,

1635 2863 1849 2926 periisse
1883 2866 2161 2924 expetunt.
2225 2857 2423 2908 Similia
2456 2860 2696 2921 exempla

1631 2938 1827 2988 habent
1850 2937 2067 2987 Terent.
2090 2935 2285 2985 Heaut.
2302 2947 2340 2982 ι.
2363 2937 2412 2982 1.
2435 2937 2483 2983 3.
2535 2933 2693 2983 Plau·

1634 3022 1718 3065 tus
1753 3013 1946 3063 Bacch.
1971 3026 2060 3063 ιιι.
2093 3017 2141 3061 5.
2175 3010 2422 3074 Propert.
2452 3022 2515 3058 ιι.
2540 3008 2693 3073 Virg-

1635 3092 1748 3141 AEn.
1768 3104 1847 3141 ιν.
1861 3094 1975 3140 192.
2023 3088 2163 3151 Lege
2181 3085 2413 3135 Danielis
2431 3086 2696 3136 Vechneri

1632 3165 1999 3218 Aurimontani
2037 3161 2449 3215 Hellenolexiam
2473 3173 2536 3213 ιι.
2569 3165 2620 3211 8.
2642 3176 2695 3226 p.

1635 3247 1747 3293 181.
1781 3244 1935 3293 Bern-

1693 3320 1938 3371 Dilectum
1955 3315 2224 3380 principum
2244 3311 2426 3375 servat]
2462 3313 2525 3363 Id
2554 3314 2693 3365 enim

1632 3396 1801 3446 dicit:
1850 3393 2080 3456 Populus
2126 3390 2240 3454 ipse
2286 3389 2549 3439 Romanus
2593 3388 2697 3440 dis-

1631 3485 1851 3523 cernere
1898 3476 1956 3519 et
1999 3467 2197 3531 eligere
2244 3465 2386 3515 inter
2431 3466 2694 3531 principes

1630 3547 1797 3603 novit,
1833 3551 1888 3595 et
1920 3543 2204 3594 secundnm
2241 3542 2489 3606 cujusque
2525 3556 2694 3593 mores

1629 3625 1864 3675 laudare.
1934 3620 2137 3685 Lipsius
2161 3619 2215 3670 in
2247 3619 2468 3684 Epistol.
2494 3619 2697 3671 Qnaest.

1631 3715 1685 3752 v.
1712 3705 1792 3751 1⁵.
1824 3700 2071 3750 Schmun-z.

1695 3775 2005 3842 Principum]
2048 3775 2137 3826 Sic
2172 3773 2328 3825 malui
2363 3787 2482 3824 cum
2515 3772 2695 3837 Lipsio

1631 3864 1685 3907 et
1708 3856 1845 3917 aliis,
1868 3869 2020 3921 qnam
2044 3852 2361 3916 Principem3
2394 3857 2452 3899 nt
2474 3849 2528 3899 in
2565 3850 2693 3901 mul·

1632 3931 1699 3982 tis
1720 3930 2013 3995 legebatur.
2049 3928 2269 3979 Potor-ol.

1698 4009 1940 4060 Dilectum
1968 4003 2261 4073 principum]
2298 4005 2479 4067 Forte,
2511 4001 2695 4067 princi·

1625 4102 1759 4153 pum.
1792 4086 1960 4137 Livin-

1695 4163 1937 4214 Dilectum
1948 4157 2238 4226 principum]
2258 4158 2396 4222 Lego
2408 4156 2693 4222 principum.

1632 4241 1756 4304 Ipse
1797 4238 2042 4303 populus,
2086 4235 2171 4287 cni
2216 4235 2385 4284 minor
2413 4235 2693 4299 sapientia,

1630 4316 1910 4371 discrimen
1932 4322 1989 4367 et
2017 4311 2267 4365 dilectum
2288 4310 2449 4364 habet
2470 4312 2521 4362 in
2546 4312 2692 4378 prin-
