3060 4902
754 378 817 423 G.
870 374 1111 423 PLlNll
1163 374 1490 424 SsscuNm
1552 374 1825 422 PANEG.

311 518 414 569 ista
448 515 628 579 verba,
656 519 739 564 unt
772 515 831 565 de
862 530 928 571 se,
961 514 1064 564 sint
1098 514 1386 573 retinenda,

311 592 491 642 nescio
530 605 595 640 an
631 590 705 639 sic
741 586 965 638 fortasse
996 590 1243 653 explicari
1270 604 1386 653 pos·

310 668 453 717 siut:
496 668 622 724 Quis
662 667 924 730 princeps,
959 668 1294 716 mediocriter
1334 681 1386 715 a·

313 750 588 808 mamma!
621 746 679 795 de
708 760 777 807 se,
800 746 897 794 hoc
936 745 1156 808 diceret,
1188 746 1274 794 Sic
1304 760 1385 794 me

312 831 492 873 ament
527 822 637 882 Dii,
668 820 1097 887 quemadmodum
1133 837 1230 885 ego
1266 837 1384 883 νοις

310 907 397 952 cue
420 902 530 965 quis
551 901 679 950 alius
706 900 886 950 diceret
914 901 1121 963 principi
1143 901 1385 949 mediocri·

311 985 390 1029 ιη·
421 979 622 1039 umenti,
656 976 740 1026 Sic
767 983 816 1030 te
841 983 1002 1027 ament
1024 978 1134 1039 Dii,
1167 978 1386 1039 quemad·

313 1057 505 1104 moduni
538 1061 593 1104 tu
626 1060 747 1104 uos?
814 1055 877 1104 In
913 1053 1094 1104 codice
1134 1055 1386 1103 Patavino

313 1132 475 1182 verba
491 1132 620 1194 baec,
633 1134 714 1181 sed
731 1133 842 1189 Dii,
858 1133 1238 1195 quemadmodum
1254 1131 1386 1193 prin·

313 1222 439 1270 equ,
464 1220 673 1270 prorsus
693 1213 812 1256 snut
833 1207 1037 1267 omissa,
1059 1208 1179 1269 quia
1202 1219 1385 1256 nomen

311 1285 532 1348 ,κίκερα
553 1283 632 1333 bis
654 1285 906 1333 occurrit.
943 1283 1194 1333 Selium.

382 1361 510 1411 Hac
536 1362 645 1421 suit
687 1375 869 1410 nmmo
909 1362 1147 1424 votorum]
1198 1361 1388 1423 Supra,

313 1438 334 1466 ⁸
361 1438 436 1487 Ut
470 1440 561 1502 qui
598 1439 748 1493 scias,
788 1439 923 1487 hanc
960 1450 1072 1486 esse
1112 1436 1387 1486 beneficio-

318 1528 431 1564 rum
459 1514 819 1578 principalium
846 1528 1113 1577 summam,
1136 1513 1180 1563 si
1204 1513 1305 1562 illis
1332 1519 1387 1562 et

315 1605 418 1641 non
446 1592 521 1641 uti
546 1590 702 1642 licet.’
738 1592 905 1641 Livin-

383 1667 535 1715 Estae
557 1666 746 1730 cerum]
783 1665 1051 1731 opineris,
1077 1666 1385 1729 particulam

311 1758 377 1792 sse
406 1742 487 1790 vel
521 1757 730 1806 prorsus
764 1742 845 1792 hic
881 1742 1164 1804 abundare,
1194 1743 1388 1791 omitti·

318 1831 421 1881 que
457 1829 629 1880 posse,
652 1817 733 1865 vel
767 1831 861 1880 pro
895 1819 910 1845 ⁴
935 1816 1137 1867 nonue'
1167 1818 1386 1879 positam

317 1905 453 1941 ease.
520 1890 592 1940 At
619 1891 861 1940 existimo
896 1891 1019 1940 illud
1046 1906 1104 1941 ne
1138 1893 1234 1940 boc
1274 1892 1389 1941 loco

314 1969 524 2017 omnino
556 1967 866 2016 dubitationi
904 1968 1175 2017 inservire.
1240 1967 1390 2016 Sicut

317 2044 457 2092 enim
498 2043 698 2092 Plinius
733 2057 909 2106 supra,
947 2057 1154 2093 nxxur.
1190 2049 1241 2092 2.
1274 2043 1388 2092 dix·

317 2128 455 2181 erat,
511 2120 526 2147 ‘
563 2120 693 2171 Quis
735 2122 1006 2171 exsiluisse
1050 2122 1272 2172 sensit?’
1331 2130 1390 2172 ut

317 2194 662 2259 significaret,
689 2210 798 2258 prae
831 2196 988 2246 nimio
1018 2198 1212 2260 gaudio
1229 2198 1390 2247 nemi-

315 2284 437 2321 nem
474 2268 583 2320 fere
626 2270 1073 2336 animadvertisse,
1111 2272 1234 2337 quid
1276 2274 1390 2337 ipse

316 2346 528 2411 fecerit,
563 2347 687 2412 quid
723 2348 946 2399 fecerint
978 2350 1103 2411 alii;
1145 2350 1221 2399 ita
1253 2364 1389 2400 nunc

319 2424 478 2474 etiam
520 2424 667 2490 quasi
721 2423 962 2475 dubitans
1006 2425 1097 2489 ait,
1142 2439 1392 2476 verumne

316 2509 421 2563 est,
442 2515 508 2550 an
540 2502 591 2549 iu
626 2501 728 2550 ista
759 2501 966 2564 publiea
998 2503 1201 2562 laetitia,
1225 2512 1277 2552 et
1316 2504 1390 2551 in-

316 2589 402 2629 ter
433 2579 832 2628 acclamationes
866 2579 1124 2643 solennes,
1146 2581 1389 2645 dixerint,

318 2657 414 2706 ‘-0
439 2671 534 2706 nos
558 2653 737 2705 felices
754 2655 789 2703 2·
826 2657 1073 2706 Schmun.

388 2732 529 2782 lacer
556 2731 680 2795 isia]
724 2733 970 2783 Quaedam
1008 2732 1140 2780 enini
1175 2748 1390 2783 consue·

319 2819 506 2860 verant
538 2810 819 2873 peculiaria
856 2810 1009 2859 verba
1041 2809 1280 2873 precibus
1317 2812 1391 2859 in-

319 2892 620 2949 (emouere,
642 2884 760 2934 dum
796 2886 1144 2935 acclamarent
1173 2888 1390 2949 impera-

320 2964 544 3021 toribus,
577 2963 751 3028 qualia
784 2963 885 3021 bic,
911 2965 926 2992 ‘
948 2965 996 3015 O
1034 2980 1124 3012 nos
1159 2964 1338 3016 felices
1360 2966 1392 3014 l·

319 3048 379 3090 et
405 3041 492 3089 illa
516 3040 651 3104 apud
687 3039 1036 3101 Lampridium
1065 3041 1114 3090 in
1140 3044 1393 3091 acclama·

321 3115 554 3165 tionibus
579 3116 882 3172 Alexandri,
907 3118 922 3144 ‘
947 3118 1030 3166 Dii
1058 3125 1110 3166 te
1136 3118 1394 3168 serventi’

321 3199 381 3242 et
418 3207 536 3257 quae
575 3193 773 3257 majora
808 3201 926 3242 sunt
969 3193 1107 3256 apud
1150 3210 1393 3255 magnum

321 3267 647 3333 panegyrist.
668 3269 718 3316 in
737 3267 1190 3317 acclamationibus
1212 3269 1393 3333 Magni

324 3343 510 3407 Regis,
532 3342 549 3371 ‘
568 3344 708 3392 Deus
736 3350 786 3392 te
812 3352 1084 3392 conservet
1103 3344 1137 3392 l’
1172 3346 1327 3396 Ber-n.

339 3435 346 3442 ·
393 3419 648 3484 Nonjam]
683 3420 745 3469 In
771 3421 950 3470 codice
974 3421 1254 3471 Parisiensi
1277 3437 1394 3486 par·

324 3495 488 3546 ticula
528 3510 621 3544 uon
670 3498 998 3562 negligenter
1044 3501 1395 3560 praetermissa

321 3578 427 3622 ost.
493 3571 608 3621 Nec
641 3574 809 3621 minus
836 3588 1108 3636 perperam
1137 3576 1188 3624 in
1211 3576 1394 3624 codice

322 3648 795 3712 Guelplierbytano
845 3650 1083 3699 librarius
1135 3651 1396 3700 transiluit

319 3724 598 3787 sequentia
633 3724 811 3786 verba,
835 3724 934 3775 Sed
972 3727 1079 3785 Dii,
1101 3729 1396 3790 quemadmo-

321 3800 439 3847 dum
457 3801 691 3862 princeps.
725 3801 983 3849 Schwarz.

345 3893 350 3898 ·
392 3878 489 3927 Pie
517 3879 712 3943 merita]
749 3879 945 3929 Omnes
975 3880 1182 3929 codices
1213 3880 1396 3944 nostri,

322 3960 525 4018 praeter
558 3955 1079 4020 Guelplierbytanum
1117 3964 1170 4005 et
1207 3956 1396 4004 librum

320 4030 656 4086 Vossianbm,
687 4030 883 4081 habent
919 4032 1000 4095 pic
1032 4032 1221 4081 merita.
1291 4031 1396 4080 Ne·

322 4120 428 4171 qne
440 4106 753 4156 dissentiunt
766 4114 971 4157 veteres
986 4108 1244 4158 editiones
1257 4120 1397 4171 ηοω-

322 4197 445 4247 que·
515 4181 726 4231 Primus
757 4182 1049 4246 suspicatus
1075 4193 1150 4231 est
1175 4183 1399 4246 Lipsius,

325 4272 392 4309 an
409 4271 511 4310 non
527 4259 709 4323 pietate
723 4257 885 4310 fuerit
901 4259 1244 4324 depravatum
1260 4272 1396 4310 com·

1902 376 1950 421 1.
1978 360 2095 423 74.
2404 361 2529 424 947

1464 514 1657 579 pendio
1676 515 1970 580 scripture.
2019 513 2538 579 UndeBoxhornius,

1465 592 1870 650 Kirchmaierus,
1905 593 2182 649 Cellarius,
2214 593 2445 654 Hearne,
2481 599 2538 641 et

1464 671 1748 729 Gesnerm,
1769 671 2057 735 Lipsianam
2080 672 2437 736 conjecturam
2459 684 2538 719 re-

1463 762 1687 810 cepere;
1720 750 1801 797 cui
1836 748 2153 811 conjecturae
2187 746 2364 797 favere
2395 746 2537 797 vide·

1464 832 1551 872 tur
1587 825 1752 874 codex
1793 823 2310 887 Guelpherbytanns‚
2345 825 2397 873 in
2435 838 2536 887 qno

1461 900 1713 964 scriptum
1757 914 1859 964 prae
1896 901 2086 949 merita.
2170 900 2337 949 Putes
2378 900 2538 963 enim,

1464 977 1773 1040 particulam
1807 992 1930 1039 proe,
1971 991 2038 1025 ex
2079 976 2388 1040 compendio
2418 981 2536 1039 pia,

1461 1053 1819 1116 superscripta
1844 1052 2051 1115 lineola,
2073 1060 2243 1102 natam
2269 1067 2401 1113 esse,
2419 1066 2538 1101 cum

1464 1130 1567 1192 legi
1634 1130 1951 1194 rescribique
2015 1129 2281 1180 debuisset
2338 1130 2537 1192 pietate.

1467 1207 1656 1269 Neque
1679 1206 1815 1255 enim
1839 1206 1965 1255 alias
1989 1207 2042 1255 in
2066 1205 2247 1255 codice
2272 1205 2360 1254 illo
2390 1204 2535 1267 dipli-

1467 1284 1689 1348 tbongus
1723 1300 1766 1333 ω
1801 1300 1897 1349 per
1929 1284 2056 1335 duas
2094 1286 2275 1334 literas
2311 1284 2535 1348 exprimi

1464 1363 1619 1410 solet.
1689 1363 1860 1411 Nemo
1893 1360 2048 1410 facile
2081 1361 2287 1425 rejiciet
2314 1360 2538 1410 vocabu·

1462 1438 1569 1486 lum
1600 1437 1813 1500 pietate:
1847 1435 2126 1486 dummodo
2149 1437 2265 1485 huic
2290 1437 2406 1485 loco
2429 1437 2535 1484 evi-

1463 1513 1703 1562 dentiore
1741 1514 2055 1562 auctoritate
2095 1512 2421 1576 antiquitatis
2457 1526 2537 1560 as-

1464 1590 1567 1640 seri
1625 1590 1807 1654 possit.
1892 1591 2053 1638 Certe
2104 1588 2349 1637 similiter
2402 1587 2537 1639 dixit

1468 1667 1648 1728 virgil.
1674 1667 1787 1715 AEn.
1818 1680 1882 1715 ιι.
1911 1669 2027 1715 690.
2064 1671 2079 1693 ‘
2106 1664 2161 1714 Si
2198 1664 2398 1727 pietate
2431 1676 2537 1712 me·

1466 1742 1675 1792 remur.’
1765 1743 1835 1792 Et
1874 1741 2031 1791 Ovid.
2068 1754 2135 1790 ex
2171 1740 2346 1790 Ponto
2388 1754 2451 1789 ιι.
2488 1744 2541 1788 6.

1465 1819 1480 1846 ‘
1506 1818 1735 1867 Laudem
1762 1819 1962 1881 pietate
1986 1815 2241 1866 mereris.'
2305 1817 2367 1866 In
2401 1816 2537 1866 libro

1466 1895 1742 1948 vossiano,
1782 1908 1877 1956 pro
1920 1894 1999 1956 pic
2030 1894 2222 1948 merita,
2259 1898 2539 1941 annotatur

1460 1972 1756 2034 promerim3
1800 1971 1882 2019 cui
1922 1969 2134 2019 lectioni
2178 1970 2348 2019 locum
2389 1967 2537 2017 dedit

1464 2045 1818 2106 Arntzenius3
1868 2059 2018 2108 quum
2060 2052 2115 2095 et
2154 2059 2251 2108 ego
2294 2043 2536 2093 admitte·

1469 2136 1595 2178 rem,
1635 2121 1913 2170 dummodo
1955 2128 2240 2177 constaret,
2278 2134 2393 2169 eam
2433 2134 2536 2168 non

1469 2205 1572 2248 tam
1606 2213 1669 2247 ex
1706 2198 1912 2259 ingenio
1947 2197 2137 2256 Vossii,
2158 2209 2307 2260 quam
2346 2209 2409 2243 ex
2443 2209 2533 2243 an·

1468 2279 1613 2343 tiquo
1656 2277 1859 2338 codice,
1901 2276 2212 2324 dimauasse.
2295 2275 2537 2338 Interim,

1468 2361 1684 2418 propter
1707 2365 2010 2402 consensum
2038 2358 2116 2399 tot
2144 2349 2410 2413 librorum,
2435 2352 2535 2399 lec·

1467 2429 1658 2480 tionem
1695 2428 1957 2490 vulgatam
1983 2425 2151 2476 adbuc
2176 2424 2428 2489 integram
2456 2439 2535 2477 re·

1467 2508 1663 2572 linquo.
1730 2505 1899 2554 Sicuti
1939 2518 2062 2554 vero
2102 2503 2302 2553 Plinius
2346 2503 2535 2553 Roma·

1467 2596 1585 2631 nam
1632 2581 2005 2644 rempublicam
2054 2579 2183 2628 dicit
2226 2581 2241 2607 ‘
2268 2579 2535 2628 civitatem

1467 2657 1802 2719 religionibus
1827 2654 2055 2704 deditam
2072 2656 2103 2716 ;’
2139 2655 2210 2704 ita
2232 2663 2285 2705 et
2312 2657 2422 2705 Cic.
2441 2671 2536 2719 pro

1467 2737 1639 2784 Domo
1673 2748 1785 2795 sua,
1807 2747 1921 2797 cap.
1942 2737 2023 2782 ⁴9.
2048 2733 2201 2793 dixit,
2233 2741 2248 2763 ‘
2274 2734 2436 2783 Disce
2470 2735 2535 2782 ab

1466 2809 1672 2858 bomine
1698 2809 2029 2871 religionibus
2054 2808 2268 2860 dedito?
2302 2810 2454 2858 Idem.

1537 2885 1624 2933 Pie
1642 2885 1838 2946 merito]
1876 2886 2136 2949 Suspicio,
2152 2900 2216 2933 an
2235 2900 2337 2935 non
2360 2887 2538 2948 pietate

1467 2959 1627 3011 fuerit
1661 2961 2003 3023 depravatum
2035 2961 2342 3022 compendio
2373 2962 2537 3023 scrip·

1469 3045 1620 3087 tura».
1672 3037 1783 3085 Cic.
1819 3038 1834 3063 ‘
1854 3036 2083 3083 Deorum
2110 3035 2316 3083 numine
2337 3041 2535 3082 tantum

1468 3116 1563 3163 boc
1599 3113 1871 3176 imperium
1910 3118 1965 3160 et
1999 3118 2176 3159 natum
2207 3116 2305 3171 est,
2336 3117 2388 3159 et
2416 3125 2535 3158 auc·

1469 3197 1599 3252 tum,
1615 3199 1669 3239 et
1690 3187 1981 3238 retentum.’
2025 3186 2191 3237 Addit
2214 3200 2389 3234 omnes
2412 3200 2536 3248 geu-

1474 3276 1552 3316 tes
1588 3273 1603 3294 ‘
1629 3267 1827 3330 pietate
1862 3272 1917 3314 et
1952 3264 2200 3327 religione
2234 3261 2536 3326 superatas!

1470 3344 1607 3406 Lips.

1538 3419 1680 3468 Nihil
1686 3418 1948 3482 felicitati]
1978 3417 2146 3466 Tacit.
2165 3414 2391 3478 Agricol.
2420 3430 2535 3479 cap.

1469 3500 1551 3546 ⁴4.
1598 3496 1776 3547 ‘Quid
1822 3494 1962 3544 aliud
2010 3493 2283 3543 adstruere
2331 3491 2537 3543 fortuna

1471 3579 1682 3635 poterat
1701 3571 1738 3619 ?'
1770 3572 1928 3621 Ber-n.

1537 3649 1786 3698 Felicitati
1814 3648 1937 3711 suoe]
1970 3648 2034 3697 In
2071 3647 2252 3698 codice
2281 3647 2538 3696 Vaticano

1471 3728 1618 3774 ³461.
1642 3725 1767 3773 item
1798 3725 1850 3772 in
1885 3732 2104 3788 utroque
2137 3723 2358 3782 Veneto,
2384 3723 2539 3769 Salis·

1472 3801 1734 3862 burgensi‚
1752 3800 2026 3861 Patavino,
2043 3808 2096 3849 et
2119 3799 2252 3846 libro
2272 3798 2538 3853 Vossiano,

1472 3877 1724 3940 scriptum
1763 3885 1842 3924 est
1868 3875 2130 3935 felicitatis
2165 3887 2278 3920 αισι.
2345 3871 2539 3919 Veniat

1473 3953 1630 4002 alicui
1654 3954 1705 4001 in
1730 3961 1974 4007 mentem,
2000 3951 2129 3998 lianc
2162 3948 2437 3997 lectionem
2464 3947 2539 3995 sic

1470 4029 1665 4092 exponi
1705 4039 1886 4091 posse:
1922 4026 2047 4076 nihil
2082 4024 2351 4073 felicitatis
2386 4030 2539 4086 putat

1472 4103 1672 4152 adstrui
1731 4116 1885 4165 posse
1941 4117 2065 4157 sua»,
2115 4102 2226 4148 scil.
2275 4098 2540 4150 felicitati.

1471 4181 1576 4230 Sed
1612 4179 1778 4228 minus
1802 4179 1975 4241 placet
1994 4178 2108 4226 haec
2131 4175 2404 4239 expositio.
2472 4178 2542 4225 Et

1471 4270 1626 4322 quam
1650 4255 1804 4305 facile
1826 4254 1939 4305 fieri
1969 4253 2159 4319 potuit,
2184 4259 2240 4304 ut
2262 4252 2414 4304 litera
2440 4255 2541 4317 pri·
