3060 4902
749 371 815 420 c.
861 367 1104 419 ηιΝιι
1154 367 1491 423 suc-num
1539 366 1823 418 nuuc.
1898 368 1951 416 ι.
1994 351 2102 417 59.

326 512 588 575 cordata,
636 518 933 576 gestarent3
982 511 1133 576 (vide
1167 511 1389 569 Livium,

327 604 532 643 xxxxv.
563 588 642 653 7.)
664 603 730 640 ea
762 595 934 638 tamen
969 587 1232 650 sigillatim
1253 587 1393 636 iuter

325 667 552 733 iusignia
591 668 858 717 consulum
901 663 1246 715 referebatur.
1313 661 1395 712 Cf.

327 746 445 795 Liv.
470 757 573 794 vn.
596 746 646 793 1.
711 741 867 792 Unde
902 742 1043 791 Veli.
1065 754 1131 791 ιι.
1161 746 1244 790 66.
1265 738 1390 788 dici·

327 829 418 872 tur
450 823 466 848 ‘
494 827 754 885 pretexta
791 817 1107 868 consularis.’
1172 818 1244 866 Et
1283 816 1393 866 Pli-

327 897 448 946 nius
478 905 677 958 noster,
712 908 829 945 ιιι.
852 900 905 945 7.
941 910 1057 944 cum
1089 895 1289 944 diceret
1326 892 1395 941 de

329 972 395 1022 iia
430 972 518 1036 qui
558 972 883 1022 consulatum
916 971 1070 1020 modo
1103 970 1393 1033 depositum

331 1047 698 1097 resumebant:
763 1055 780 1078 ⁸
808 1046 1151 1111 Utriusque‚'
1207 1046 1395 1111 inquit,

323 1124 342 1154 ‘
367 1124 540 1175 adbuc
556 1125 715 1173 oculis
741 1124 914 1187 paullo
938 1133 1059 1173 ante
1077 1123 1271 1172 dimissi
1295 1120 1397 1171 fas-

331 1215 424 1252 cea
464 1199 810 1251 oberrabant:
861 1200 1132 1262 utriusque
1177 1200 1398 1249 solennis

332 1277 423 1327 ille
462 1277 699 1326 lictorum
739 1283 795 1325 et
839 1277 1160 1338 pmuuutins
1201 1277 1399 1325 clamor

333 1353 549 1404 auribus
569 1351 870 1413 insederat;
903 1366 1021 1401 cum
1048 1366 1221 1401 rursus
1245 1367 1399 1400 curu·

333 1430 418 1492 lia,
451 1443 732 1493 rursusque
768 1442 1013 1492 purpura.
1046 1457 1215 1479 .....
1237 1428 1401 1478 Modo

333 1512 627 1569 pretextas
652 1513 937 1563 exuerant;
974 1511 1266 1553 resumant:
1297 1519 1401 1552 mo·

336 1584 406 1633 du
420 1582 635 1632 lictores
651 1582 731 1631 abi
739 1596 792 1630 re
803 1580 1069 1643 jusserant
1083 1595 1099 1640 ς
1120 1595 1171 1629 re
1182 1579 1403 1637 vocent,’

332 1663 442 1711 διο.
474 1660 582 1711 Sub
607 1659 1020 1721 imperatoribus,
1041 1658 1251 1707 labente
1274 1673 1407 1721 aevo,

335 1737 576 1803 quamvis
621 1735 892 1785 imminuta
933 1744 1076 1784 esset
1119 1734 1404 1784 consularis

335 1819 602 1877 potestas,
623 1811 862 1860 consules
898 1818 1092 1871 tumen,
1124 1820 1280 1860 aucto
1303 1809 1404 1859 fas·

340 1897 421 1951 tu,
459 1890 574 1938 loco
611 1894 904 1950 praeteata‘,
940 1895 1064 1950 toga
1099 1889 1261 1951 picta,
1295 1888 1405 1937 sive

337 1966 590 2030 palmata,
624 1965 845 2014 antehac
879 1966 1001 2015 solis
1043 1966 1407 2028 triumphanti·

341 2043 442 2093 bus
463 2056 731 2104 concessa,
753 2042 970 2105 aliisque
996 2043 1299 2106 quibusdam
1324 2057 1407 2092 or·

339 2118 604 2169 nameutis
626 2117 690 2167 ad
710 2133 950 2182 pompam
973 2117 1307 2175 facientibus,
1332 2120 1406 2169 usi

336 2202 484 2248 suut.
551 2194 685 2244 Vide
727 2195 989 2258 Lamprid.
1025 2195 1076 2243 in
1112 2195 1410 2246 Alexandro

339 2273 564 2328 Severo,
597 2287 647 2321 c.
669 2275 751 2321 40.
783 2278 839 2321 et
874 2271 1174 2321 Cassiodor.
1210 2272 1300 2320 lib.
1330 2285 1409 2320 v1.

338 2349 398 2398 iu
423 2349 663 2398 Formula
686 2348 980 2398 Consulari.
1015 2348 1263 2398 Schwurz.

413 2426 592 2489 Qua-u,
613 2440 720 2475 ean
741 2427 858 2475 dure
875 2430 1082 2488 possent,
1115 2425 1411 2489 occuparint]

341 2503 411 2554 lu
432 2503 667 2552 omuibus
689 2502 836 2551 libris
862 2503 1029 2552 adbuc
1054 2511 1202 2553 extat
1226 2508 1411 2565 possent

344 2586 403 2629 et
422 2578 717 2641 occuparint.
758 2577 820 2627 In
841 2579 951 2628 solo
975 2593 1089 2627 meo
1114 2578 1294 2628 codice
1319 2594 1414 2642 pro

339 2659 556 2719 ponent,
591 2661 862 2703 exaratum
899 2660 983 2703 est
1014 2654 1232 2716 pminu
1276 2655 1413 2718 quod

341 2730 517 2780 libens
550 2729 901 2791 arripuissem,
944 2729 1220 2777 dummodo
1257 2731 1414 2778 etiam

348 2804 541 2855 alicubi
577 2804 850 2866 scriptum,
883 2805 1168 2860 editumve,
1191 2806 1415 2868 reperis·

348 2895 460 2930 aem
482 2884 724 2943 occupent.
765 2879 973 2928 Etenim
998 2879 1202 2929 Plinius
1229 2895 1326 2929 uon
1351 2880 1416 2930 de

350 2954 770 3021 preteritis‚aed
796 2954 862 3004 de
879 2953 1071 3004 futuris
1097 2955 1420 3017 principibus

350 3033 603 3097 loquitur,
648 3031 883 3095 vultque,
928 3038 986 3080 ut
1029 3031 1123 3080 hos
1166 3032 1418 3095 Trajauus

343 3109 595 3171 exemplo
627 3123 723 3157 suo
746 3107 956 3169 doceat,
977 3122 1042 3156 ue
1076 3117 1420 3171 aspernentur

348 3188 714 3244 consulatuum
746 3184 862 3246 sed,
896 3185 1132 3249 quamvis
1171 3200 1287 3234 eum
1328 3200 1420 3248 pro

348 3279 450 3313 aua
473 3263 789 3312 auctoritate
813 3262 924 3311 aliis
955 3264 1070 3311 dure
1089 3263 1290 3324 possint,
1324 3263 1420 3325 ipsi

351 3350 531 3390 tamen
567 3338 853 3388 identidem
888 3345 1130 3400 occupent,
1162 3354 1225 3389 ac
1263 3341 1420 3389 susci·

349 3418 518 3481 piant.
555 3417 934 3479 cauendumque
977 3417 1158 3465 sellam
1193 3417 1421 3478 curulem,

350 3508 455 3543 uec
478 3508 591 3542 eam
615 3507 682 3542 ex
706 3493 925 3557 quodam
959 3490 1188 3553 fastidio,
1222 3502 1313 3542 aut
1348 3494 1422 3556 ig·

351 3572 528 3633 navia,
552 3569 941 3633 voluptatisque
956 3584 1151 3630 amore,
1167 3584 1286 3619 moa
1307 3577 1424 3634 post

353 3648 608 3713 pauculos
645 3645 761 3695 dies
792 3646 1075 3707 deseraut;
1110 3647 1201 3694 aed
1239 3647 1422 3696 deline-

349 3729 464 3784 aas,
506 3730 666 3787 atque
708 3722 811 3785 ipsi
852 3725 1178 3772 consulatum
1225 3731 1427 3785 gerant,

353 3801 668 3861 naviterque
691 3798 1075 3848 administrent.
1144 3798 1276 3848 Haec
1302 3813 1424 3848 vera

355 3891 507 3928 meua
546 3884 630 3926 est
661 3874 843 3936 Plinii,
877 3883 934 3925 et
967 3875 1080 3924 siue
1114 3874 1209 3922 bac
1236 3873 1423 3937 perob-

356 3968 516 4005 scura
540 3951 681 4002 foret
708 3959 816 4001 tota
838 3965 957 4014 pars
979 3951 1247 4001 orationis.
1273 3951 1424 3999 Ideni.

421 4030 562 4080 Dm
577 4026 793 4091 pum]
827 4028 997 4080 Quam
1034 4027 1160 4075 dare
1189 4027 1310 4075 olim
1335 4041 1426 4089 po·

356 4109 512 4174 pulus
537 4115 780 4170 poterat:
816 4120 952 4155 uuuc
976 4103 1222 4169 suffragia
1244 4118 1427 4153 cousu-

357 4183 491 4232 laria
509 4183 856 4247 imperatores
877 4178 942 4233 ad
959 4194 1014 4231 se
1034 4179 1431 4232 transtulerunt.

355 4256 518 4309 Bera-

2403 351 2534 419 823

1539 511 1854 575 Occupat-iat]
1910 511 2034 562 Nou
2071 510 2214 576 passi
2262 510 2388 562 alios
2438 512 2538 566 uti.

1469 586 1607 649 Lips.

1534 661 1853 725 Adsceadere]
1890 662 2031 712 Altae
2067 663 2203 712 enim
2234 662 2387 713 sedes
2413 678 2536 713 con·

1471 739 1895 796 sulum,humiles
1928 745 2245 789 senatorum.
2312 740 2420 789 Dio
2443 740 2536 791 lib.

1470 830 1587 866 ινι.
1611 817 1711 866 ille
1735 818 1893 878 siguis
1916 817 2071 866 etiam
2095 823 2316 866 oruata.
2366 816 2538 867 Poeta

1472 895 1750 960 quispiam,
1790 893 1805 920 ‘
1831 893 2178 958 Conspicuum
2228 892 2387 956 siguis
2421 907 2539 943 cum

1473 980 1678 1034 premet
1697 971 1834 1020 altus
1851 969 1999 1018 ebur.
2067 969 2230 1030 Signa
2254 983 2461 1033 quoque
2482 970 2536 1019 iu

1471 1046 1602 1095 sella
1636 1060 1839 1094 nossem
1874 1042 2099 1094 formata
2132 1044 2321 1107 curuli,
2352 1045 2422 1094 Et
2460 1051 2538 1093 to·

1474 1131 1581 1173 tam
1623 1121 1864 1173 Numidoe
1898 1122 2142 1185 sculptile
2176 1120 2349 1170 dentis
2379 1122 2545 1185 opus!

1476 1200 1586 1249 Per
1613 1200 1802 1262 gradus
1842 1213 1968 1260 ergo
2005 1199 2056 1246 iu
2089 1198 2269 1247 sellam
2308 1199 2541 1247 curulem

1476 1274 1859 1325 ascendendum
1903 1273 2020 1322 fuit.
2104 1273 2258 1323 Hauc
2301 1272 2545 1321 Claudia-

1477 1366 1574 1401 uus
1622 1352 1672 1399 iu
1724 1351 1925 1400 Honor.
1973 1357 1987 1378 ⁸
2026 1349 2207 1397 solium
2252 1347 2540 1397 eburnum'

1479 1429 1655 1489 dixin
1689 1434 1704 1457 ‘
1731 1428 1907 1476 curule
1945 1425 2114 1481 ebur,'
2147 1425 2335 1473 Horat.
2371 1425 2545 1488 Epist.

1479 1518 1522 1554 ι.
1544 1505 1716 1555 Julius
1753 1504 1928 1552 Cesar
1952 1499 2117 1564 θρόνον
2138 1498 2449 1561 ἐλεφάντινον
2468 1499 2547 1549 καὶ

1480 1579 1706 1645 χρυσίον.
1773 1579 2020 1628 Constitit
2058 1585 2230 1626 autem
2273 1577 2547 1639 plurimum

1480 1663 1702 1721 quatuor
1748 1656 1897 1717 liguis
1936 1653 2178 1713 incurvis,
2221 1650 2431 1701 funibus
2473 1652 2548 1700 ita

1483 1735 1678 1790 vincta,
1710 1739 1769 1780 ut
1805 1730 2001 1793 aperiri
2039 1729 2317 1793 claudique
2356 1738 2551 1792 posset.

1484 1811 1548 1860 Iu
1582 1818 1764 1874 aperta
1800 1808 2096 1864 sedebatur,
2137 1821 2295 1870 super
2331 1806 2456 1855 loris
2492 1814 2550 1856 et

1482 1889 1674 1937 liuteis.
1740 1885 1975 1935 Martial-
2006 1897 2070 1934 ιι.
2104 1888 2185 1932 67.
2222 1891 2236 1913 ·
2265 1885 2408 1933 Sella
2451 1883 2550 1933 lin-

1483 1965 1686 2027 teisque
1723 1962 1951 2026 lorisque
1973 1960 2007 2010 τ’
2045 1958 2208 2023 δίφρον
2243 1957 2551 2021 ἆγκυλότοδα

1481 2039 1604 2090 inde
1628 2047 1780 2090 vocat
1806 2039 2119 2089 Plutarchus
2145 2039 2196 2087 iu
2219 2039 2409 2088 Mario.
2444 2038 2554 2087 Ad.

1485 2116 1551 2165 de
1581 2118 1799 2167 Sueton-
1835 2116 1973 2178 Aug.
2009 2130 2057 2166 c.
2089 2119 2172 2165 4³.
2195 2115 2363 2178 Culig.
2388 2128 2435 2164 c.
2471 2119 2554 2165 28.

1487 2194 1674 2245 Claud.
1694 2210 1743 2243 c.
1764 2196 1847 2242 23.
1879 2193 2037 2241 Ber-n.

1550 2271 1849 2320 Adscendm
1871 2265 2103 2328 curulem]
2141 2265 2389 2328 Intellige
2415 2272 2431 2295 ·
2455 2267 2555 2314 sel·

1487 2353 1588 2400 lam
1623 2347 1891 2400 curulem.’
1957 2346 2061 2396 Sed
2101 2346 2176 2395 sic
2204 2352 2259 2394 et
2293 2344 2415 2394 alibi
2452 2345 2555 2393 Pii·

1489 2427 1605 2477 nius
1639 2424 1949 2488 simpliciter
1983 2421 2244 2486 loquitur3
2284 2436 2332 2471 v.
2356 2436 2407 2485 g.
2440 2433 2559 2470 ιιι.

1488 2508 1541 2553 7.
1579 2510 1594 2533 ‘
1619 2503 1748 2553 Cum
1794 2515 1974 2550 rursus
2016 2500 2231 2560 curulis,
2276 2512 2556 2561 rursusque

1491 2576 1761 2642 purpura.’
1804 2589 2030 2625 Lxxvu.
2063 2582 2113 2626 2.
2152 2579 2166 2603 ⁸
2190 2575 2414 2624 Stabant
2435 2588 2557 2623 can·

1491 2654 1656 2704 didati
1682 2659 1801 2703 aute
1818 2653 2050 2702 curulem
2071 2652 2341 2715 principis,
2360 2660 2418 2701 ut
2443 2652 2558 2714 ipse

1492 2741 1615 2781 aute
1660 2731 1884 2780 consulis
1930 2727 2185 2776 steterat!
2251 2727 2326 2775 At
2361 2740 2468 2776 ινι.
2508 2732 2560 2776 7.

1493 2808 1696 2873 plenius
1715 2807 1865 2862 dixit,
1891 2813 1905 2834 ‘
1931 2807 2176 2856 immanes
2199 2820 2409 2869 campos
2434 2805 2561 2854 sella

1494 2884 1660 2933 curuli
1693 2882 1963 2948 premere!
2031 2884 2121 2932 Sic
2156 2889 2375 2946 utroque
2408 2881 2560 2930 modo

1494 2960 1778 3024 loquuntur
1806 2966 1859 3008 et
1895 2959 1983 3008 alii
2019 2958 2225 3021 probati
2253 2959 2559 3019 scriptores.

1492 3036 1719 3090 Tacitus
1747 3035 1933 3084 Annal.
1966 3048 2061 3085 xv„
2096 3039 2177 3082 29.
2213 3040 2228 3063 ’
2254 3033 2436 3081 Medio
2469 3033 2561 3082 tri·

1495 3111 1652 3160 huual
1688 3111 1866 3161 sedem
1901 3109 2150 3169 curulem,
2186 3117 2239 3158 et
2276 3108 2427 3157 sedes
2450 3106 2559 3156 effi-

1498 3187 1632 3252 giem
1677 3187 1924 3245 Neronis,
1968 3183 2293 3234 sustinebat.'
2362 3184 2562 3233 Vocem

1497 3271 1513 3294 ·
1540 3264 1769 3312 curulem
1796 3260 1810 3282 '
1834 3262 2039 3310 Gellius
2064 3275 2149 3310 ιιι.
2174 3263 2254 3309 18.
2279 3275 2309 3309 a
2332 3266 2347 3288 ‘
2375 3258 2565 3317 curru,'

1497 3339 1584 3388 alii
1621 3352 1652 3387 a
1692 3340 1708 3365 ‘
1733 3335 1991 3395 Curibus:
2029 3336 2188 3399 opido
2230 3335 2565 3397 Sabinorum,

1498 3416 1815 3465 derivarunt.
1900 3412 2086 3461 Forma
2141 3413 2250 3476 ejus
2302 3412 2352 3461 iu
2410 3412 2565 3461 variis

1498 3492 1718 3542 nummis
1740 3503 1991 3554 expressa
2021 3496 2121 3540 est.
2187 3490 2273 3539 Ita
2299 3488 2437 3552 apud
2463 3489 2563 3538 Pa·

1501 3570 1655 3619 tarni.
1675 3568 1805 3617 Tub.
1831 3580 1868 3614 1.
1891 3580 1941 3615 n.
1964 3569 2012 3615 7.
2049 3565 2254 3614 videbis
2280 3580 2567 3627 nummum,

1499 3645 1553 3693 in
1585 3657 1686 3708 quo
1720 3647 2126 3705 reproesentatur
2148 3641 2424 3704 Trajauus,
2447 3655 2565 3689 cum

1499 3717 1821 3783 congiarium
1853 3716 2003 3766 daret
2041 3718 2252 3781 populo,
2290 3718 2475 3766 sedens
2511 3719 2565 3764 in

1500 3797 1632 3847 sella
1660 3795 1844 3850 curuli,
1885 3809 1999 3857 quae
2043 3794 2216 3857 posita
2252 3803 2365 3842 crat
2410 3806 2569 3855 supra

1498 3879 1820 3935 suggestum,
1864 3870 1973 3918 sive
2022 3870 2266 3929 tribuual,
2309 3868 2371 3916 ad
2429 3868 2570 3932 quod

1502 3946 1917 3998 adscendebatur
1941 3959 2036 4008 per
2069 3947 2276 4007 gradus.
2350 3946 2432 3992 De
2458 3958 2565 4007 quo

1505 4023 1750 4076 tribunali
1787 4021 2004 4070 disserui
2044 4035 2224 4083 supra,
2262 4019 2325 4067 ad
2367 4032 2572 4068 xxvtn.

1502 4107 1553 4151 2.
1591 4110 1643 4148 et
1680 4098 1746 4148 ad
1779 4111 1889 4146 ινι.
1917 4102 1967 4146 6.
2034 4097 2097 4145 In
2136 4094 2317 4143 eadem
2345 4093 2569 4150 Tabula,

1505 4193 1647 4228 uum.
1684 4180 1735 4225 9.
1776 4172 1978 4222 videbis
2009 4172 2284 4234 Trajauum
2324 4170 2570 4220 alimenta

1506 4255 1876 4318 assignantem.
1897 4247 1985 4299 ubi
2013 4248 2066 4297 iu
2087 4248 2199 4298 sola
2220 4247 2346 4297 sella
2379 4246 2569 4307 curuli,
2652 4272 2659 4278 ·
