3060 4902
560 344 691 412 658

550 518 676 571 qum
698 517 801 553 non
834 504 975 568 nulli,
998 503 1164 568 Epist.
1189 518 1241 556 x.
1263 510 1344 556 46.
1364 511 1448 556 65.
1469 511 1524 558 et
1546 511 1629 557 85.

548 581 861 632 >observasse
884 581 981 630 sibi
1007 582 1095 630 visi
1118 589 1257 631 sunt.
1290 584 1442 633 Idem.

626 659 688 707 Ia
722 657 987 719 civitatem]
1022 659 1084 707 In
1111 661 1307 709 civitate
1336 661 1462 710 edit.
1488 661 1624 711 Rhe·

553 749 677 783 nan.
701 736 793 783 sed
819 736 869 783 in
891 735 1149 783 civilatem.
1188 736 1372 785 Faber.

620 810 862 875 Beneficio
896 810 1150 873 principis]
1191 812 1322 861 Nam
1352 813 1463 874 jam
1497 813 1621 862 olim

550 886 718 937 libera
742 903 851 949 rep.
878 889 1215 951 imperatores
1236 890 1506 939 civitatem
1534 890 1620 939 da·

551 962 701 1019 bant,
736 963 830 1011 sed
868 971 923 1012 ut
963 965 1184 1027 populus
1227 964 1490 1015 firmaret:
1530 967 1619 1031 qni

548 1054 658 1091 non
684 1041 845 1105 magis
874 1054 1009 1090 nnnc
1037 1043 1309 1106 princeps?
1365 1044 1614 1094 Crebrum

551 1125 686 1170 erat,
710 1124 764 1165 et
801 1117 959 1165 Plinii
997 1118 1193 1181 aliquot
1228 1119 1458 1181 epistolas
1493 1128 1616 1170 sunt

547 1192 640 1242 lib.
681 1205 738 1241 x.
778 1193 962 1257 quibus
1004 1195 1267 1244 civitatem
1305 1196 1482 1245 amicis
1523 1205 1614 1246 aut

547 1270 828 1320 clientibus
860 1272 965 1321 suis
1007 1273 1144 1334 petit
1178 1288 1208 1322 a
1239 1274 1485 1337 Trajano,
1521 1274 1612 1323 im·

545 1354 849 1410 petrstque.
883 1348 1020 1410 Lips.

611 1424 854 1488 Benqficio
890 1425 1142 1490 principis]
1198 1426 1337 1476 Olim
1384 1428 1611 1477 Romana

544 1500 733 1550 civitas
786 1500 1046 1565 suffragiis
1110 1504 1284 1567 populi
1343 1504 1561 1553 dabatur
1594 1524 1608 1555 :

539 1586 727 1639 postea
763 1579 1105 1641 imperatores
1135 1595 1199 1628 ex
1234 1582 1426 1643 placito
1452 1589 1610 1645 atque

543 1656 861 1703 auctoritate
886 1669 996 1704 eam
1021 1658 1306 1705 contulere.
1345 1658 1563 1707 Potor-ol.

612 1731 848 1794 Beneficio
869 1731 1121 1794 principis]
1154 1734 1403 1796 Exempla
1427 1734 1608 1784 civita-

539 1806 610 1856 tis
635 1807 901 1864 Romauae,
927 1808 1181 1858 beneficio
1213 1811 1464 1872 principis
1486 1826 1608 1860 con·

537 1897 719 1939 cessae,
756 1886 986 1946 suggerit
1027 1886 1137 1947 ipse
1177 1887 1316 1934 Plin.
1353 1889 1519 1950 Epist.
1554 1902 1608 1937 x.

535 1964 587 2009 4.
610 1966 660 2008 5.
683 1965 732 2009 6.
754 1964 836 2010 22.
861 1964 944 2009 23.
971 1965 1080 2010 105.
1099 1969 1153 2009 et
1180 1966 1290 2011 107.
1326 1965 1573 2014 Sela-vars.

606 2037 1073 2100 cognationisjura]
1110 2039 1144 2086 i.
1167 2041 1347 2103 e.jura
1373 2040 1604 2099 familiae,

535 2114 708 2176 qualia
742 2122 911 2176 erant,
934 2122 993 2163 ut
1030 2114 1178 2163 liberi
1215 2124 1389 2164 essent
1423 2118 1472 2165 in
1511 2133 1602 2180 po·

534 2197 729 2240 testate
755 2192 945 2254 patria,
971 2198 1027 2240 ut
1049 2200 1221 2240 ess-»nt
1259 2193 1310 2241 in
1333 2195 1494 2243 sacris
1519 2196 1601 2242 iis-

530 2265 673 2327 dem,
710 2275 766 2315 ut
804 2276 1019 2330 possent
1054 2270 1189 2330 patri
1229 2270 1386 2317 etiarn
1424 2271 1488 2319 ab
1527 2273 1602 2319 in·

530 2350 728 2392 testato
772 2343 1070 2400 succedere,
1115 2348 1216 2393 &c.
1290 2347 1406 2394 Nisi
1462 2349 1598 2397 enim

529 2419 762 2484 illajura
784 2420 935 2469 simul
958 2434 1074 2470 cum
1101 2422 1316 2471 civitate
1347 2425 1598 2483 Romana,

527 2504 620 2545 aut
662 2512 910 2558 seorsum,
956 2505 1077 2560 post
1119 2497 1277 2554 illam,
1314 2498 1597 2563 impetrata

525 2581 704 2621 essent
735 2588 766 2620 a
799 2573 1054 2634 principe,
1087 2579 1226 2634 tunc,
1249 2583 1370 2625 ante
1398 2578 1594 2628 Nervoe

527 2654 584 2696 et
603 2648 814 2710 Trajani
846 2648 1265 2705 constitutiones,
1291 2653 1408 2701 novi
1435 2655 1595 2714 cives,

523 2729 775 2788 tanquam
831 2724 1152 2786 alienissimi,
1209 2727 1322 2776 istis
1384 2729 1594 2792 juribus

525 2800 667 2849 haud
722 2799 1048 2864 fluebantur,
1103 2803 1302 2852 etiamsi
1357 2807 1594 2868 proximo

524 2877 692 2940 gradu
716 2887 891 2927 essent
914 2878 1197 2941 conjuncti.
1266 2882 1432 2933 Erant
1457 2887 1593 2934 enim

522 2968 592 3005 ea
635 2955 759 3018 jura
816 2958 1024 3020 propris
1076 2958 1359 3010 veteribus.
1440 2962 1593 3012 Unde

524 3032 652 3082 mihi
692 3048 990 3095 persuasum
1030 3034 1213 3097 habeo,
1246 3038 1447 3101 quoties
1487 3039 1594 3088 Pli-

521 3109 644 3159 nius
667 3125 697 3158 a
717 3111 940 3174 Trojano
965 3112 1176 3174 petierit
1211 3126 1311 3161 non
1342 3115 1517 3177 nullis,
1546 3132 1590 3165 v.

523 3199 578 3247 g.
606 3185 887 3248 iatraliptae
912 3202 1023 3242 suo,
1048 3188 1169 3235 item
1196 3188 1396 3239 libertis
1428 3190 1591 3242 Anto·

520 3260 627 3309 niae
673 3260 995 3317 Maximillae,
1030 3263 1199 3326 Epist.
1238 3279 1294 3314 x.
1332 3271 1379 3315 4.
1416 3276 1471 3315 et
1506 3273 1590 3317 22.

520 3335 642 3400 ‘jus
682 3336 1027 3400 Quiritium3’
1072 3356 1189 3390 eum
1230 3343 1396 3392 videri
1439 3345 1590 3393 simul

517 3412 627 3464 ista
657 3417 980 3478 cognationis
1014 3417 1139 3479 jura
1177 3419 1421 3482 petiisse3
1463 3436 1588 3484 quo·

518 3492 622 3541 ties
646 3506 768 3543 vero
803 3496 1110 3558 simpliciter
1134 3498 1348 3560 petierit
1371 3506 1385 3528 ⁸
1405 3500 1590 3550 civita·

514 3576 626 3617 tem
648 3570 970 3627 Romanam,'
994 3580 1116 3622 tunc
1147 3587 1262 3621 eum
1298 3573 1350 3622 in
1388 3575 1587 3637 uulgari

515 3646 767 3711 principis
791 3647 1114 3710 indulgentia
1136 3649 1488 3702 concedendae
1513 3655 1587 3703 ci-

518 3724 696 3773 vitatis
716 3726 1058 3789 acquievisse.
1106 3726 1330 3777 Quando
1349 3743 1473 3792 ergo
1492 3731 1584 3780 Ul-

515 3800 659 3863 pisu.
692 3803 902 3866 Fragm.
938 3816 1028 3852 ιιι.
1055 3808 1105 3853 2.
1141 3804 1341 3868 scribit,
1380 3813 1395 3835 ‘
1416 3807 1583 3858 Bene·

514 3873 637 3926 ficio
660 3878 931 3941 principali
952 3880 1168 3930 Latinus
1187 3881 1456 3932 civitatem
1476 3882 1583 3933 Ro-

513 3965 721 4001 manam
745 3955 956 4018 accipit,
976 3956 1020 4005 si
1060 3957 1125 4006 ab
1160 3957 1473 4019 imperatore
1495 3959 1583 4023 jus

514 4030 800 4081 Quiritium
858 4032 1224 4097 impetravit3'
1277 4043 1401 4087 tunc
1446 4037 1581 4086 arbi·

512 4111 647 4168 tror,
682 4121 797 4156 eum
841 4108 1131 4172 intelligere
1169 4111 1433 4162 civitatem
1477 4113 1581 4163 Ro-

511 4193 717 4232 manam
741 4185 940 4248 optimo
965 4186 1104 4249 jure,
1129 4194 1182 4236 et
1207 4187 1347 4254 loqui
1373 4188 1436 4241 de
1460 4190 1580 4241 sub·

511 4260 704 4309 secutis
729 4260 1068 4325 temporibus.
1104 4262 1253 4313 [dem.

1253 362 1474 413 No'rAE
1525 363 1935 413 VARIORUM
1987 365 2067 413 IN
2129 405 2136 412 .

1745 500 2086 570 “Cognationis
2107 505 2251 571 jura]
2283 507 2422 560 Quia
2459 507 2551 559 illa
2584 512 2769 562 transi·

1702 583 1842 633 tione
1868 586 1918 633 in
1942 585 2205 634 civitatem
2231 585 2422 635 divulsi
2443 601 2474 635 a
2493 589 2599 636 suis
2625 590 2767 638 vide·

1702 657 1907 716 bantur,
1931 660 2017 723 qui
2042 660 2265 711 nondum
2289 662 2462 723 civem
2497 673 2657 728 atque
2690 666 2768 716 ita

1696 736 1848 784 alieni
1890 737 2234 802 extraneique
2278 738 2624 802 habebantur,
2668 744 2767 792 nisi

1697 809 1939 874 princeps
1961 811 2174 861 seorsim
2201 812 2487 863 tribuisset.
2519 816 2654 878 Lips-

1760 886 1928 936 Instar
1947 893 2049 936 erae
2069 888 2193 951 odii]
2232 889 2362 939 eod.
2386 891 2696 955 Vaticanus,
2712 902 2768 945 et

1695 959 2070 1026 Guelpherbyt.
2092 977 2344 1014 converso
2369 965 2550 1016 ordine
2573 967 2766 1017 liabent

1692 1036 1849 1084 instar
1883 1039 1984 1086 odii
2020 1045 2143 1088 erat.
2210 1040 2433 1090 Bebrius
2477 1058 2572 1106 pro
2609 1044 2765 1093 instar

1690 1113 2007 1164 substituere
2057 1116 2220 1167 voluit
2269 1133 2475 1178 causem-
2528 1120 2623 1170 sed
2668 1136 2763 1171 nec

1688 1188 1809 1237 huic
1835 1192 2107 1241 mutationi
2132 1193 2328 1244 addicit
2343 1195 2472 1244 alius
2497 1196 2647 1260 liber,
2667 1212 2763 1247 nec

1687 1279 1800 1314 eam
1827 1267 1992 1330 exigit
2014 1270 2317 1319 necessitas.
2363 1271 2549 1334 Immo,
2571 1289 2638 1322 ne
2658 1275 2764 1324 Pli-

1687 1341 1803 1390 nius
1826 1343 2034 1405 quidem
2071 1344 2251 1395 dicere
2289 1346 2467 1402 voluit,
2491 1349 2759 1399 civitatem

1687 1416 1993 1475 Romanam,
2015 1434 2130 1484 quae
2164 1435 2267 1471 non
2288 1422 2537 1485 adjuncta
2569 1425 2760 1475 babeat

1673 1493 1796 1556 jura
1831 1497 2176 1560 cognationis,
2212 1513 2445 1548 caussam
2481 1514 2596 1549 esse
2633 1501 2758 1556 odii.

1683 1569 1978 1628 discordiae.
2018 1580 2072 1621 et
2103 1573 2374 1637 orbitatis;
2421 1577 2756 1640 quamobrem

1685 1658 1781 1694 nec
1805 1656 1948 1697 recte
1971 1649 2131 1698 verba
2153 1650 2523 1714 interpretatus
2540 1662 2618 1703 est
2641 1655 2759 1704 Cel-

1682 1721 1862 1785 larius,
1884 1725 2006 1774 dum
2029 1727 2259 1790 scripsit,
2280 1728 2546 1779 civitatem
2573 1730 2758 1780 Roma·

1683 1811 1799 1847 nam
1823 1799 1988 1850 fuisse
2023 1804 2293 1853 materiam
2322 1805 2427 1853 odii
2469 1820 2532 1854 ac
2562 1805 2758 1856 discor-

1682 1872 1815 1923 diae:
1839 1875 1952 1940 sed,
1971 1891 2079 1925 eam
2096 1878 2283 1927 saltem
2301 1879 2490 1928 babere
2503 1884 2652 1945 quasi
2667 1883 2756 1932 lio·

1680 1963 1792 1998 rum
1812 1952 2222 2015 similitudinem,
2239 1969 2356 2005 cum
2376 1957 2607 2007 homines
2632 1973 2754 2009 con·

1679 2030 2069 2091 sanguineos‚et
2086 2039 2274 2079 natura
2286 2033 2758 2096 conjunctissimos,

1680 2118 1728 2153 v.
1747 2120 1798 2166 g.
1827 2113 2025 2167 patrem
2052 2122 2077 2154 a
2104 2107 2295 2170 liberis,
2321 2110 2561 2158 liberosa
2582 2120 2753 2176 patre,

1679 2184 1882 2230 ratione
1902 2183 2221 2245 quorundam
2240 2185 2436 2247 jurium
2458 2194 2511 2236 et
2538 2187 2751 2237 effecto·

1677 2272 1789 2307 rum
1809 2259 2052 2316 civilium,
2067 2261 2139 2309 ita
2156 2261 2426 2324 abjungat,
2442 2273 2497 2314 et
2511 2267 2749 2327 quasise-

1677 2344 1845 2397 paret,
1862 2347 1936 2395 ut,
1953 2338 2108 2386 uiliilo
2129 2338 2294 2386 minus
2318 2342 2333 2366 ‘
2349 2342 2492 2387 salva
2513 2340 2749 2402 ipsorum

1675 2413 1910 2475 pietate‚'
1935 2423 1989 2463 et
2019 2416 2243 2465 naturali
2278 2431 2473 2479 amore,
2509 2418 2749 2483 adeoque

1673 2491 1831 2539 etiam
1857 2492 2052 2556 absque
2074 2492 2195 2542 odio
2213 2502 2267 2543 et
2286 2493 2568 2556 discordia,
2587 2505 2749 2561 atque

1674 2566 1921 2623 orbitate,
1947 2568 2218 2618 videantur
2241 2570 2540 2620 alienissimi
2565 2581 2620 2620 et
2646 2574 2748 2622 dis-

1661 2643 1996 2706 junctissimi.
2032 2645 2198 2695 Imtoer
2221 2660 2361 2700 vero.
2394 2655 2451 2697 ut
2473 2662 2539 2697 ex
2561 2649 2747 2700 lexicis

1672 2728 1901 2778 constat,
1928 2730 2008 2771 est
2043 2737 2226 2772 nomeu
2257 2723 2584 2786 μονόπυτον,
2606 2726 2745 2791 quod

1673 2799 2086 2861 similitudinem,
2120 2802 2468 2864 simulacrum,
2504 2804 2585 2851 vel
2627 2818 2744 2868 spe·

1672 2875 1805 2923 ciem
1850 2876 2129 2939 significat,
2175 2879 2275 2934 vel,
2319 2887 2376 2928 ut
2420 2880 2633 2929 Servius
2678 2882 2741 2932 ad

1678 2949 1861 3013 virgil.
1890 2953 2001 3000 [Eu.
2038 2966 2100 3003 n.
2125 2957 2204 3002 15.
2240 2963 2433 3015 monet,
2467 2954 2629 3005 instar
2659 2967 2743 3006 est

1670 3030 1684 3054 ⁴
1714 3030 1777 3076 ad
1803 3030 2228 3080 similitudmem)
2262 3032 2508 3082 Schmun.

1741 3106 2005 3169 orbitatis]
2041 3109 2178 3158 Quia
2199 3119 2348 3172 pater
2375 3124 2405 3176 a
2426 3109 2566 3173 filiis,
2592 3109 2686 3161 filii
2710 3127 2741 3161 a

1669 3187 1839 3243 patre,
1883 3182 1969 3246 abj
1980 3186 2327 3246 ungebantur,
2379 3199 2478 3236 nec
2524 3190 2739 3252 cognati

1666 3258 2034 3307 censebantur·
2064 3260 2200 3321 Lips.

1735 3335 2001 3384 Cur-issima
2041 3336 2272 3400 pignora]
2318 3337 2429 3388 Sub
2454 3338 2609 3391 finem
2644 3336 2752 3393 bu-‘

1657 3410 1745 3473 jus
1769 3413 1954 3474 capitis
1979 3414 2183 3463 Plinius
2215 3415 2327 3466 baee
2351 3417 2557 3478 pignora
2588 3431 2738 3472 vocat

1661 3494 1676 3516 ⁶
1701 3492 2052 3541 sanctissimas
2075 3494 2523 3545 necessitudines:
2575 3497 2592 3525 ‘
2613 3499 2737 3562 Pig-

1664 3581 1759 3616 nus
1777 3566 1791 3589 '
1827 3569 2038 3633 proprie
2073 3570 2282 3626 dicitur.
2319 3572 2458 3635 quod
2480 3571 2657 3631 datur,
2680 3584 2735 3625 ut

1662 3643 1897 3694 creditor
1909 3646 1980 3695 sit
1994 3660 2205 3696 securus
2221 3647 2296 3696 rei
2311 3646 2550 3700 credite.
2572 3650 2734 3700 Dein·

1662 3722 1727 3772 de
1748 3724 2036 3785 generatim
2055 3724 2313 3786 accipitur
2335 3739 2429 3788 pro
2449 3725 2733 3777 documen·

1662 3806 1733 3862 to,
1763 3806 1832 3849 et·
1855 3808 2162 3864 argumento
2199 3801 2413 3866 idoneo,
2447 3817 2542 3853 seu
2583 3815 2732 3854 certe

1660 3878 1844 3941 σῖμος
1879 3879 1955 3927 nti
1991 3892 2175 3928 munus
2214 3878 2474 3942 quoddam
2510 3880 2731 3932 dici-us

1659 3968 1775 4004 esse
1799 3964 1814 3987 ⁴
1833 3956 2020 4020 pignus
2040 3955 2263 4006 amoris!
2319 3957 2510 4019 Porro,
2526 3959 2733 4021 pignora

1657 4032 1816 4080 etiam
1838 4031 2142 4097 frequenter
2175 4035 2510 4098 appellantur
2544 4037 2729 4098 liberi;

1658 4109 1897 4172 quonism
1919 4110 1970 4159 lii
2001 4110 2244 4160 videntur
2281 4124 2393 4160 esse
2428 4112 2594 4162 velati
2619 4114 2730 4178 pig.

1656 4199 1784 4234 nora
1809 4188 1996 4237 vinculi
2012 4194 2068 4236 et
2082 4188 2314 4237 caritatis
2327 4188 2469 4239 inter
2482 4192 2727 4241 maritum

1655 4271 1708 4313 et
1732 4277 1964 4315 uxorem.
2030 4263 2137 4315 Sed
2163 4270 2219 4315 et
2241 4265 2411 4325 latius.
2433 4268 2509 4317 uti
2531 4268 2631 4319 hoc
2655 4269 2728 4319 lo·
