3060 4902
521 375 651 443 972

524 549 735 588 neeesse
770 543 871 599 est,
900 548 994 584 cnr
1029 549 1058 583 a
1091 533 1400 600 reliquorum
1421 534 1581 586 libro·

524 625 634 660 rum
664 609 936 660 manifesta
967 611 1227 675 scriptura
1260 611 1580 662 recedamus.

527 688 698 736 Prima
730 688 865 737 enim
899 688 1182 737 monimenta
1215 688 1300 739 liic
1335 689 1581 740 dicuntur

525 764 789 827 primaria,
813 771 866 813 et
888 765 1167 828 praecipua,
1189 780 1305 829 quae
1339 766 1450 814 aliis
1473 780 1580 815 om·

524 839 672 888 nibus
707 839 1092 903 praeferuntur3
1126 849 1280 906 prout
1303 842 1504 892 Plinius
1527 842 1579 891 in

525 916 624 965 hoc
658 916 772 978 ipso
796 916 1145 980 Panegyrico.
1182 932 1302 967 uu.
1329 923 1378 968 2.
1413 918 1581 983 loqui-

526 999 642 1041 tur:
679 992 695 1019 ‘
712 992 829 1041 Hoc
855 993 1107 1055 primum,'
1124 994 1155 1041 i.
1177 1009 1220 1042 e.
1244 994 1581 1058 precipuum,

525 1068 543 1095 ⁴
567 1083 693 1131 erga
724 1069 973 1132 optimum
996 1072 1356 1133 imperatorem
1382 1072 1579 1134 piorum

526 1145 712 1195 civium
735 1143 954 1195 officium
979 1146 1092 1195 est-¹
1159 1148 1228 1196 Et
1263 1159 1504 1197 Lxxxm.
1533 1152 1582 1197 1.

524 1230 540 1252 ⁸
568 1222 742 1272 Habet
763 1222 858 1272 hoc
881 1224 1097 1286 primum
1125 1238 1310 1287 magna
1337 1223 1584 1274 fortuna.'

525 1298 776 1349 Similiter
809 1299 1016 1347 Sallust.
1054 1312 1251 1348 xxxvr.
1284 1304 1334 1349 4.
1390 1302 1406 1329 ‘
1428 1301 1577 1350 Domi

528 1376 691 1425 otium
713 1382 869 1440 atque
889 1374 1104 1434 divitiae,
1123 1391 1238 1441 qnae
1264 1376 1429 1439 prima
1451 1391 1582 1426 mor-

528 1457 660 1504 tales
690 1463 894 1519 putant,
923 1453 1231 1504 affluerent!
1292 1454 1440 1507 Idem
1461 1455 1585 1519 Jug-

532 1546 646 1582 xm.
661 1536 685 1580 1
696 1565 711 1581 .
734 1534 749 1560 ‘
769 1531 897 1582 Otio
912 1540 1063 1597 atque
1077 1530 1392 1580 abundantia
1406 1545 1581 1580 earum

527 1623 720 1663 rerum,
743 1624 859 1673 qnae
883 1608 1049 1672 prima
1078 1609 1320 1658 mortales
1357 1608 1586 1658 ducunt.'

530 1687 598 1735 Et
620 1700 780 1736 xxiv.
801 1691 849 1735 2.
871 1689 885 1715 ⁸
907 1687 1142 1742 Interim,
1160 1701 1276 1750 quae
1298 1686 1433 1735 bello
1456 1701 1585 1750 opus

529 1771 695 1819 eraut,
714 1763 874 1826 prima
893 1761 1116 1812 habere.'
1158 1763 1282 1826 Ubi,
1301 1770 1585 1814 annotante

531 1840 730 1899 Cottio,
775 1839 940 1889 codex
981 1840 1145 1888 Basil.
1181 1844 1227 1888 1.
1265 1840 1496 1902 pramia,·
1533 1846 1588 1889 et

529 1914 848 1973 Gnelpherb.
880 1919 928 1964 2.
968 1915 1193 1978 plurimo,
1221 1915 1429 1963 babent.
1479 1916 1588 1966 Pro

527 1994 755 2049 statuere,
773 1990 979 2039 codices
998 1990 1238 2038 Vaticani
1262 1990 1454 2040 babent
1475 2006 1586 2040 con·

527 2066 759 2123 nituere,-
776 2080 928 2130 qnam
947 2065 1221 2116 lectionem
1238 2081 1338 2115 non
1355 2077 1586 2117 contem·

529 2140 750 2191 nendam
776 2150 921 2205 puto.
957 2144 1018 2192 In
1042 2142 1209 2192 verbis
1231 2145 1588 2207 sequentibus,

529 2221 692 2268 consul
720 2224 893 2284 potest,
916 2219 1137 2283 Lipsius,
1181 2235 1272 2283 pro
1305 2225 1474 2283 potest,
1509 2235 1588 2270 re·

529 2297 822 2359 ponendum
842 2297 1042 2347 censuit
1059 2303 1225 2361 pines,-
1246 2313 1395 2362 qnam
1424 2297 1588 2362 Lipsii

532 2375 888 2437 conjecturam
943 2389 1192 2438 recepere
1242 2376 1491 2425 Cellarius
1536 2384 1591 2427 et

532 2450 628 2499 Tin.
653 2451 895 2501 Hearne:
930 2467 1046 2501 cum
1074 2459 1242 2502 tamen
1280 2455 1440 2503 tertia
1474 2467 1588 2517 per·

534 2544 679 2587 sona,
700 2536 869 2592 potest,
893 2532 941 2579 in
964 2530 1196 2579 omnibns
1221 2532 1413 2581 ceteris
1443 2533 1590 2583 libris

534 2610 697 2662 extet,
708 2613 950 2668 recteque
964 2606 1174 2654 retineri
1188 2606 1590 2671 ‹lineat-Solimar-

535 2695 656 2728 zius.

599 2756 793 2820 Potest]
827 2757 1024 2818 Malim,
1044 2762 1192 2820 potes.
1226 2758 1366 2823 Lips.

599 2834 810 2883 Intentio
838 2834 944 2898 tuo]
973 2836 1161 2899 Supra,
1191 2838 1206 2864 ‘
1232 2837 1451 2886 Caesaris
1475 2839 1590 2891 haec

533 2912 753 2963 intentio
777 2920 873 2977 est,
907 2919 965 2962 nt
994 2912 1192 2963 nobiles
1227 2922 1283 2963 et
1316 2924 1591 2967 conservet

535 2996 592 3039 et
613 2988 838 3053 efficiat‚'
862 2989 914 3041 id
937 2998 1036 3048 est,
1059 2990 1285 3041 studium
1308 2999 1359 3043 et
1378 3001 1589 3042 conten-

536 3067 627 3116 tio.
667 3066 883 3130 Iterum,
908 3069 923 3096 ‘
942 3082 1041 3116 non
1061 3074 1163 3117 tam
1179 3068 1588 3133 humanitatum,

535 3161 684 3211 quam
720 3145 940 3195 intentio
964 3145 1075 3207 ejus
1103 3143 1418 3194 admirabilis
1447 3145 1591 3195 vide·

537 3222 724 3272 batur.'
781 3223 946 3286 Epist.
968 3236 1045 3271 ιν.
1064 3224 1114 3270 7.
1138 3227 1153 3250 ‘
1181 3221 1335 3271 Hanc
1361 3222 1447 3271 ille
1472 3223 1591 3287 vim,

536 3314 626 3350 sen
652 3315 751 3364 qno
776 3300 876 3348 alio
907 3299 1110 3348 nomine
1137 3299 1366 3349 vocanda
1400 3305 1483 3349 est
1513 3301 1592 3349 in·

539 3377 722 3437 tentio,
761 3374 1007 3440 quidquid
1049 3375 1192 3431 velis,
1225 3375 1515 3434 obtinendi,
1549 3374 1592 3427 si

538 3451 603 3500 ad
651 3453 851 3514 potiora
897 3453 1156 3515 vertisset,
1190 3460 1433 3517 quantum
1473 3454 1590 3505 boni

537 3524 744 3575 efficere
768 3528 1018 3590 potuisset
1035 3527 1072 3577 ?'
1108 3528 1328 3578 Rursum
1353 3543 1438 3579 ιιι.
1456 3535 1506 3579 5.
1525 3528 1593 3579 de

537 3601 707 3651 Plinio
732 3604 1002 3659 avunculo,
1025 3611 1039 3633 ⁴
1068 3604 1180 3654 Hac
1203 3605 1489 3656 intentione
1516 3613 1594 3657 tot

538 3677 635 3726 ista
660 3677 920 3726 volumina
953 3679 1188 3742 peregit?
1251 3683 1322 3732 Et
1344 3684 1468 3734 alibi
1489 3682 1592 3735 fre-

537 3761 770 3819 quenter.
804 3752 968 3801 Licin.

602 3830 813 3880 Intentio
851 3827 958 3890 tua]
1005 3828 1067 3878 1n
1112 3844 1227 3880 meo
1265 3832 1449 3884 codice
1485 3850 1591 3885 non

538 3907 729 3970 legitur
761 3906 986 3962 intentio,
1019 3905 1111 3955 sed
1143 3906 1349 3957 inventio
1359 3924 1380 3966 ,-
1412 3924 1591 3961 verum

538 3996 927 4048 supervacanea
954 3983 1355 4046 permutatione.
1420 3985 1592 4038 Recte

540 4060 677 4110 enim
700 4076 754 4110 se
781 4062 937 4111 habet
960 4060 1184 4123 intentio,
1218 4076 1333 4127 qun
1355 4063 1591 4115 hocloco

538 4150 641 4186 non
697 4137 1036 4202 propositum,
1080 4146 1135 4189 et
1181 4153 1424 4205 seopnm;
1478 4142 1591 4207 sed,

539 4225 681 4263 more
731 4214 908 4276 Plinii,
951 4206 1267 4282 aliorum‘que
1311 4217 1457 4270 istius
1491 4219 1592 4270 aevi

537 4288 869 4355 scriptorum,
891 4292 1230 4347 intentionem
1265 4295 1443 4348 virium
1477 4296 1589 4348 ani·

1207 389 1427 440 No'rAE
1474 388 1881 439 vammum
1929 386 2010 439 IN

1654 534 1724 584 mi
1749 541 1805 585 et
1826 533 2075 599 eorporis,
2093 532 2203 584 sive
2242 533 2627 585 contentionem
2649 541 2712 587 et

1656 610 1911 673 singulare
1934 609 2176 673 studium,
2194 609 2473 675 signifieat.
2505 613 2583 661 De
2602 627 2711 677 qno

1653 687 1858 736 nomine
1891 685 2002 736 dixi
2035 686 2099 735 ad
2135 700 2289 737 Lxxr.
2323 694 2374 737 Ε.
2439 689 2503 738 In
2527 690 2711 739 codice

1653 764 1929 826 Patavino,
1982 769 2039 813 et
2090 763 2225 813 libro
2280 765 2555 820 vossiano,
2608 779 2714 815 nm

1655 843 1904 907 scriptum
1926 850 2009 892 est
2029 842 2231 892 intentio
2251 848 2353 901 tna,
2388 843 2480 893 sed
2507 844 2716 893 ἰιιίειιιίο

1652 918 1775 975 tibi,-
1810 932 1985 968 verum
2009 918 2220 983 vulgata
2243 919 2400 968 lectio
2424 934 2518 981 per
2552 933 2638 969 me
2658 920 2715 969 in

1654 994 1981 1059 possessione
2005 1002 2230 1044 maneat.
2264 994 2504 1045 Schmrz.

1719 1070 1936 1120 Primum
1955 1071 2160 1135 invenit]
2197 1071 2388 1121 Statim
2412 1076 2531 1135 post
2558 1083 2713 1134 reges

1656 1146 1900 1209 expulsos
1933 1159 2183 1195 summum
2217 1149 2579 1212 magistratum
2620 1158 2715 1212 ιρι

1658 1225 1854 1286 pellare
1880 1231 1894 1253 ⁴
1917 1226 2153 1273 consules
2176 1223 2191 1246 ⁹
2219 1226 2436 1287 placuit,
2461 1228 2479 1254 ‘
2507 1233 2568 1277 ut
2589 1240 2715 1275 con·

1659 1301 1827 1350 sulere
1850 1315 1904 1348 se
1932 1301 2130 1349 civibus
2162 1301 2269 1350 snis
2303 1301 2499 1351 debere
2536 1302 2715 1351 memi-

1656 1373 1890 1424 nissent.'
1956 1376 2138 1425 Florus
2166 1390 2206 1426 1.
2228 1382 2279 1427 9.
2343 1379 2484 1440 Ergo
2514 1378 2713 1428 Plinius

1656 1455 1672 1482 ‘
1699 1467 1885 1502 nomen
1908 1455 2131 1503 consulis
2155 1453 2170 1477 '
2194 1454 2460 1517 intelligit.
2496 1458 2720 1507 Pam-01.

1726 1530 1839 1578 Nou
1874 1536 1947 1580 est
1987 1531 2143 1579 minus
2174 1531 2336 1596 civile]
2379 1533 2425 1582 1.
2462 1549 2511 1582 e.
2549 1536 2714 1584 statui

1657 1606 1836 1656 liberae
1875 1607 2103 1657 civitatis
2136 1609 2469 1671 conveniens,
2505 1620 2562 1660 et
2602 1612 2714 1674 dig?

1660 1697 1781 1733 num
1807 1684 1942 1733 bono
1962 1684 2098 1746 cive,
2119 1684 2446 1748 publicaeque
2479 1685 2712 1736 libertati

1661 1766 1718 1808 et
1760 1761 2042 1824 aequalitati
2081 1769 2502 1810 consentaneum.
2588 1762 2714 1811 Sne·

1661 1842 1770 1885 ton.
1791 1834 1928 1900 Aug.
1950 1850 2064 1900 cap.
2086 1840 2168 1886 51.
2185 1840 2202 1862 ‘
2225 1837 2532 1886 Clementia‘.
2552 1838 2713 1887 civili-

1663 1912 1887 1975 tatisqne
1914 1912 2021 1975 ejus
2056 1913 2214 1961 multa
2246 1920 2301 1962 et
2336 1927 2523 1977 magna
2556 1914 2714 1963 docn-

1662 1996 1837 2037 menta
1855 1987 2011 2038 snut!
2046 1987 2129 2037 Ad
2152 2003 2301 2052 quem
2326 1990 2493 2039 locum
2520 1991 2714 2041 Casan-

1664 2067 1856 2115 bonus:
1895 2065 2009 2114 Etsi
2042 2062 2217 2115 affines
2243 2067 2462 2117 virtutes
2495 2075 2617 2117 sunt
2633 2069 2713 2119 lm

1663 2142 1808 2202 d=1ae3
1860 2142 2011 2204 longe
2068 2149 2238 2190 tamen
2290 2142 2557 2195 differunt.
2635 2147 2715 2197 Ae

1662 2217 1680 2247 ⁴
1713 2219 1990 2267 clementia
2015 2217 2031 2239 '
2084 2219 2290 2281 quidem
2344 2228 2466 2271 nota
2520 2221 2720 2285 virtus;

1664 2302 1678 2324 ⁴
1702 2294 1924 2344 civilitas
1941 2294 1956 2315 ⁸
1979 2309 2119 2355 vero,
2141 2309 2290 2359 qnam
2310 2296 2500 2347 Gra-ce
2522 2297 2720 2349 dixeris

1663 2369 1918 2435 ἴσονομίαν,
1942 2372 2101 2421 virtus
2122 2381 2224 2436 est,
2249 2388 2366 2435 qnae
2395 2373 2499 2423 civi
2527 2388 2717 2435 conve·

1663 2449 1758 2512 nit,
1780 2464 1884 2514 qua
1910 2448 2043 2499 civis
2066 2455 2161 2498 est.
2226 2450 2354 2501 Cum
2378 2451 2513 2500 enim
2535 2453 2720 2502 civitas

1665 2541 1816 2591 aequo
1839 2528 1959 2591 jure
2002 2533 2226 2586 constet,
2260 2528 2407 2590 civis,
2435 2545 2537 2594 qua
2574 2531 2719 2594 civis,

1662 2608 1825 2657 virtus
1858 2615 1956 2664 est,
1991 2607 2393 2672 aequabilitatem
2410 2608 2549 2672 ,iuris
2580 2609 2718 2660 tueri

1663 2698 1779 2734 cnm
1816 2684 2021 2735 ceteris.
2085 2690 2101 2713 ⁴
2126 2685 2405 2736 Civilitatis
2426 2685 2441 2708 '
2475 2688 2717 2752 exempla

1663 2762 1803 2810 varia
1819 2762 2032 2825 exponit
2051 2761 2263 2811 Sueton.
2289 2761 2424 2826 Aug.
2444 2777 2476 2812 a
2496 2778 2613 2827 cap.
2632 2768 2717 2814 58.

1664 2837 1727 2887 ad
1751 2836 1904 2887 finem
1928 2852 2048 2902 cap.
2064 2842 2147 2887 56.
2182 2839 2271 2888 Sic
2293 2851 2417 2887 vero
2435 2846 2491 2888 et
2512 2839 2714 2890 Plinius

1663 2914 1726 2963 de
1749 2914 1994 2978 Trojano,
2016 2915 2215 2978 Paneg.
2235 2928 2302 2964 ιι.
2318 2918 2370 2965 7.
2395 2919 2410 2942 ‘
2431 2914 2571 2980 Jam,
2593 2915 2713 2980 quid

1665 2998 1768 3041 tam
1802 2993 1978 3054 civile,
2011 2998 2115 3042 tam
2139 2990 2456 3041 senatorium
2476 2991 2512 3039 Ρ
2570 2993 2644 3041 Et
2666 3006 2715 3042 c.

1664 3081 1924 3118 Lxxxvn.
1949 3072 1995 3117 1.
2026 3075 2042 3098 ⁴
2068 3061 2233 3117 Civile
2262 3067 2362 3117 hoc
2384 3076 2518 3125 erat,
2550 3075 2604 3118 et
2627 3082 2719 3131 pa·

1665 3144 1800 3192 renti
1865 3143 2074 3207 publico
2139 3143 2721 3195 convenientissimum?

1664 3218 1803 3269 Vide
1825 3234 2001 3282 supra,
2025 3219 2088 3269 ad
2116 3233 2285 3269 xxix.
2305 3224 2355 3270 2.
2390 3219 2635 3271 &amm

1733 3293 1909 3357 Civile]
1956 3294 2305 3350 Moderatum.
2343 3296 2625 3361 amabile,
2661 3300 2718 3345 et

1665 3371 1778 3422 cive
1803 3372 2031 3436 dignum.
2064 3372 2204 3436 Πρε-

1729 3448 1921 3512 Habes]
1955 3449 2018 3499 ln
2035 3447 2218 3498 codiee
2235 3449 2439 3498 Veneto
2464 3452 2507 3499 Ι.
2532 3463 2717 3513 perpe-

1665 3539 1774 3575 ram
1808 3533 2077 3575 exaratnm
2111 3533 2194 3574 est
2229 3525 2429 3583 Haben·
2460 3540 2616 3590 quam
2640 3536 2718 3576 ta·

1664 3615 1781 3651 men
1803 3599 2076 3651 lectionem
2098 3602 2250 3651 etiam
2284 3602 2548 3665 evulgavit
2578 3602 2721 3651 Bau·

1666 3680 1793 3730 nius.
1858 3679 1921 3728 In
1956 3679 2356 3742 Sallsburgensi,
2389 3689 2444 3729 et
2473 3694 2612 3744 meo,
2633 3680 2721 3730 ad·

1666 3756 1765 3807 hnc
1800 3756 2025 3820 ineptius
2067 3755 2296 3817 Habeat,-
2332 3772 2629 3824 quanquam
2665 3759 2717 3808 in

1664 3832 2033 3896 Salisburgensi
2078 3834 2145 3881 ab
2189 3833 2290 3882 alia
2332 3849 2488 3883 manu
2539 3850 2719 3900 super·

1665 3910 1914 3974 scriptum
1935 3911 2004 3958 slt
2023 3907 2203 3957 Habes.
2235 3907 2406 3971 quue
2430 3909 2599 3960 Habes
2614 3926 2717 3961 om·

1663 3999 1756 4035 nes
1779 3983 2101 4048 ceteri,quos
2117 3984 2478 4047 consuluimus,
2492 3986 2719 4050 codices,

1664 4063 1818 4111 immo
1851 4067 1907 4111 et
1941 4060 2149 4124 plurimi
2180 4061 2437 4125 impressi,
2470 4063 2716 4114 referunt.

1665 4138 1872 4190 Primus
1916 4138 1968 4187 in
2002 4136 2232 4201 margine
2264 4139 2540 4189 annotavit
2579 4139 2718 4189 Livi·

1661 4218 1827 4280 aeine,
1845 4216 1983 4267 forte
2019 4214 2288 4279 legendum
2314 4214 2477 4266 Hah«.
2542 4216 2719 4267 Publi·-

1663 4295 1804 4349 eavit
1824 4294 1957 4348 lianc
1984 4293 2264 4352 lectionem
2287 4293 2515 4359 Lipsius,
2547 4307 2721 4360 quam·
