3060 4902
813 380 880 425 G.
928 376 1168 427 PLlNll
1217 376 1556 427 ssscuNnt
1608 379 1883 428 PANEG.

344 522 588 584 trahitur,
610 520 728 571 vice
762 522 923 574 remi!
989 522 1192 587 Nempe
1225 537 1291 572 ea
1324 537 1411 571 na-

340 601 439 662 vis,
458 614 577 663 quae
615 597 856 648 trahebat
893 600 1131 662 alteram,
1167 600 1413 649 utebatur

338 677 551 741 quidem
572 676 757 736 remis3
784 674 873 724 sed
896 690 995 725 non
1016 690 1224 739 ea,quae
1246 675 1411 724 trahe·

340 754 513 805 batur.
581 753 735 802 Meus
757 752 948 814 codex,
966 753 1089 800 item
1116 762 1168 800 et
1193 767 1223 799 a
1248 753 1411 812 prima

339 844 498 880 manu
540 828 964 893 Salisburgensis,
1002 841 1096 892 pro
1130 835 1288 891 capto,
1320 828 1409 877 ha-

340 906 471 957 bent
489 911 692 969 coptum
726 906 775 954 in
802 906 1009 969 vulgata
1033 915 1205 954 tamen
1232 905 1408 953 lectio·

340 995 410 1031 ne
431 981 868 1045 acquiescendum
893 981 1046 1029 duco.
1083 981 1235 1029 Idem.

411 1059 567 1121 Copto
589 1058 731 1122 nave]
768 1057 820 1106 Is
838 1064 952 1106 erat
977 1060 1125 1117 ritus,
1143 1056 1295 1105 Livio
1319 1070 1407 1104 ex·

342 1147 557 1197 pressus
593 1135 628 1183 l.
656 1147 802 1183 xxu.
824 1133 839 1161 ‘
862 1135 1077 1182 Romani
1119 1148 1275 1183 naves
1302 1148 1405 1181 om·

340 1223 435 1258 nes
459 1209 697 1273 (captas)
722 1211 957 1274 religatas
974 1211 1231 1274 puppibus
1256 1211 1307 1259 iu
1336 1210 1405 1259 al·

342 1292 451 1336 tum
476 1285 792 1336 extraxere)
825 1286 963 1349 Lips.

342 1403 351 1408 .
405 1363 568 1425 Atque
606 1362 792 1425 amnes]
851 1362 1066 1421 Omnes,
1112 1377 1240 1425 quos
1281 1362 1404 1419 adii,

341 1439 555 1490 codices
602 1440 735 1487 Mss.
776 1439 1025 1501 produnt,
1072 1446 1213 1502 atque
1260 1441 1404 1489 etium

341 1514 613 1570 Danubius,
645 1517 727 1577 asc.
760 1515 810 1562 in
847 1516 958 1563 solo
999 1515 1126 1564 libro
1150 1516 1405 1565 Vossiano

339 1605 437 1654 pro
494 1604 624 1639 voce
678 1604 853 1645 omnes.
898 1599 1041 1638 extat
1087 1607 1221 1641 omne
1239 1608 1256 1648 ,·
1313 1591 1404 1641 sed

340 1667 549 1729 punctis
573 1665 870 1715 subnotata.
925 1666 1173 1716 Ostendit
1198 1668 1403 1732 quidem

340 1743 675 1804 Arntzenius,
707 1743 877 1791 solere
910 1757 1010 1791 non
1046 1758 1299 1808 nunquam
1333 1745 1405 1793 ita

339 1834 428 1869 eas
470 1821 754 1884 particulas
807 1820 1087 1881 cumulari;
1139 1821 1186 1869 ei
1233 1830 1403 1870 tamen

340 1896 505 1959 magis
528 1896 743 1958 placuit,
766 1896 886 1944 nunu
911 1906 1141 1957 mutare;
1178 1898 1314 1960 quod
1349 1907 1403 1948 et

340 1986 436 2035 ego
481 1973 681 2034 sentio;
716 1988 830 2022 cum
869 1987 1044 2022 omnes
1078 1973 1194 2022 libri
1228 1975 1403 2023 excusi

339 2049 622 2099 lectionem
704 2050 962 2114 vulgatam
1044 2053 1401 2115 comprobent.

338 2123 584 2174 Seiam.

346 2237 349 2240 ,
403 2201 610 2250 Tantum
642 2203 762 2252 iuna
797 2205 950 2252 nostri
984 2204 1248 2266 dedecoris]
1295 2205 1402 2253 Pro

339 2284 547 2339 tantum,
571 2292 835 2342 perperam
860 2286 1016 2329 tamen
1042 2280 1290 2330 exhibent
1316 2296 1401 2328 co-

338 2354 445 2403 dex
490 2355 776 2403 Pataviuus
823 2362 876 2403 et
922 2356 1052 2404 liber
1099 2355 1401 2405 Vossianus.

336 2431 604 2483 Livineius
629 2434 679 2481 in
705 2432 884 2482 codice
908 2447 1020 2492 suo,
1052 2446 1143 2496 pro
1165 2434 1404 2483 dedecoris

337 2500 610 2559 insenerat
640 2511 866 2566 dedecus,-
903 2509 1039 2557 unde
1077 2525 1169 2572 per
1202 2510 1402 2573 conjec-

338 2592 509 2636 turam
534 2601 628 2650 pro
648 2587 821 2648 nostri,
846 2586 1228 2634 rescribendum
1256 2593 1400 2646 puta·

340 2664 419 2711 vit
461 2663 696 2719 monstri3
742 2669 798 2710 nt
834 2662 1035 2710 scilicet
1076 2663 1402 2711 Domitianus

338 2745 559 2788 vocetur
603 2736 988 2786 ‘monstrum.'
1068 2738 1172 2787 Sed
1220 2752 1404 2801 sequor

338 2815 606 2877 vulgatam
640 2814 950 2872 lectionem;
986 2815 1067 2862 cui
1105 2820 1159 2861 et
1198 2814 1402 2863 codices

338 2890 472 2940 Μαι.
513 2889 810 2953 praesidium
847 2887 1107 2948 afferunt;
1142 2891 1237 2939 nisi
1265 2891 1401 2955 quod

336 2966 393 3015 in
457 2965 839 3029 salisburgensi
906 2965 1085 3014 codice
1150 2973 1205 3013 et
1269 2981 1402 3026 meo,

338 3042 419 3090 uoe
463 3055 616 3090 voces
655 3042 727 3090 ita
764 3049 1190 3103 transponuntur,
1219 3045 1404 3088 tantum

338 3119 458 3168 ulad
479 3118 720 3166 dedecoris
746 3117 921 3165 nostri.
990 3116 1080 3167 Jo.
1104 3117 1245 3164 Frid.
1270 3117 1400 3164 Gro-

338 3195 522 3245 novius
546 3195 763 3257 margini
791 3194 909 3242 libri
938 3194 1015 3242 sui
1040 3193 1237 3256 allevit,
1264 3191 1402 3242 forte

339 3270 616 3335 legendum
660 3286 790 3327 esse,
831 3273 1056 3320 damnum
1088 3270 1206 3319 illud
1251 3271 1405 3319 nostri

336 3349 539 3399 decoris.
609 3349 669 3397 1n
692 3364 806 3397 meo
831 3348 1006 3396 codice
1031 3348 1283 3409 scriptum
1309 3354 1407 3407 est,

336 3433 527 3476 tantum
546 3426 665 3475 illud
681 3425 860 3474 decoris
880 3424 1050 3472 nostri.
1090 3423 1253 3471 Idem.

408 3505 613 3553 Tantum
647 3503 767 3551 illud
797 3500 949 3550 nostri
980 3498 1241 3560 dedecoris]
1279 3498 1406 3546 Tau-

339 3587 441 3631 tunt
462 3581 581 3630 illud
603 3580 757 3629 nostri
777 3579 979 3638 decoris,
999 3581 1081 3641 &c-
1145 3576 1408 3625 Dedecoris

337 3658 532 3707 liabent
554 3658 616 3707 C.
643 3657 710 3706 G.
734 3656 799 3703 R.
846 3655 896 3703 in
932 3655 995 3704 V.
1014 3655 1211 3703 dedecus
1246 3654 1405 3715 scrip·

339 3740 451 3784 tum
483 3732 698 3783 offendi.
767 3732 970 3785 Placet,
994 3731 1083 3779 sed
1113 3732 1295 3794 juvem
1331 3731 1405 3778 in-

338 3826 516 3875 super,
539 3819 594 3860 et
613 3810 812 3860 monstri
843 3809 1079 3873 proxime
1110 3808 1406 3858 rescribam.

338 3890 354 3917 ⁸
391 3888 702 3947 Monstrum,
736 3886 753 3909 ²
797 3887 999 3949 opinor,
1048 3886 1404 3934 Domitianum

338 3972 516 4023 vocat,
533 3970 589 4010 ut
607 3962 908 4024 Crispinum
931 3962 1174 4011 Juvenal.
1198 3961 1308 4009 Sat.
1329 3974 1405 4008 iv.

337 4039 352 4065 ⁸
381 4048 661 4087 monstrum
702 4039 844 4087 nulla
882 4038 1076 4085 virtute
1117 4037 1404 4084 redemtum

338 4129 370 4164 ι
409 4114 593 4164 vitiis.²
662 4114 830 4176 Infra,
873 4114 1136 4173 deserentia
1182 4113 1407 4161 arbitror

341 4191 581 4254 probum,
602 4201 656 4240 et
683 4199 696 4219 ¹
717 4207 809 4256 per
834 4184 1007 4239 alveos
1033 4206 1192 4253 prona
1211 4195 1224 4215 ’
1248 4191 1405 4238 inter·

341 4278 539 4332 pretor,
563 4285 627 4317 ne
651 4272 763 4332 quis
789 4268 980 4317 frustra
1016 4268 1187 4317 mendi
1216 4269 1406 4317 lubeat

341 4355 662 4410 suspectum.
701 4346 862 4394 Lirin.

1961 382 2011 431 1.
2046 364 2154 431 82.
2371 366 2545 432 1007

1555 525 1725 573 Nostri
1772 524 2036 588 dedecoris]
2101 523 2257 576 Liber
2303 525 2549 590 scriptus,

1485 600 1683 647 monstri
1704 602 1930 649 dedecus.-
1962 598 2098 663 quod
2125 601 2325 664 nescio,
2344 614 2412 650 an
2434 601 2547 652 edi·

1487 681 1540 723 to
1566 674 1862 736 praeferam.
1896 677 2026 739 Lips.

1552 751 1727 800 Nostri
1764 752 2027 816 dedecoris]
2080 752 2301 801 Πρωτέι.
2371 751 2546 802 Resti-

1486 834 1686 876 tueram
1717 827 1800 877 hic
1814 828 1921 889 jam
1947 829 2068 876 olim
2100 828 2370 877 dedecoris:
2404 828 2541 893 quod

1483 917 1621 951 nunc
1645 904 1799 952 etiam
1825 902 1964 966 apud
2000 903 2165 951 Livin.
2191 903 2361 960 video,
2387 904 2545 953 veris-

1483 982 1644 1039 sime;
1678 980 1945 1042 praecessit
1971 981 2130 1039 enim,
2156 978 2324 1027 ‘foeda
2344 976 2547 1042 facies,'

1484 1063 1558 1116 et,
1581 1064 1595 1085 ⁴
1622 1055 1955 1105 deformitate
1992 1055 2128 1107 ista.'
2194 1056 2296 1104 Sed
2331 1056 2468 1120 quod
2506 1056 2544 1104 i·

1485 1134 1601 1182 dem
1644 1148 1741 1196 pro
1780 1135 1952 1190 nostri,
1994 1133 2291 1197 suspicatur
2337 1134 2543 1197 legend.

1481 1210 1701 1270 monstri,
1746 1211 1796 1259 id
1839 1224 1960 1259 num
2014 1210 2250 1275 probem,
2302 1210 2542 1260 subsisto.

1482 1286 1723 1336 Rittersh.

1557 1363 1734 1412 Veliere
1763 1362 2062 1426 gaudebant]
2097 1364 2160 1413 In
2197 1364 2543 1427 expeditioni-

1483 1438 1579 1487 bus
1599 1440 1902 1496 Domitiani‚
1929 1440 1992 1489 de
2018 1440 2204 1504 quibus
2228 1442 2543 1490 mentionem

1483 1514 1704 1565 fecimus
1729 1531 1830 1565 non
1856 1516 2009 1579 longe
2033 1517 2097 1565 ab
2122 1517 2291 1566 initio.
2326 1518 2546 1566 Putat-ol.

1551 1592 1781 1641 Romonoe
1796 1594 1989 1655 oquiloe,
2013 1593 2227 1641 Romana
2248 1594 2415 1656 signa]
2443 1595 2546 1642 Be·

1483 1682 1549 1716 ne
1575 1668 1774 1716 Plinius
1798 1670 1813 1696 ‘
1831 1670 2088 1718 Romanas
2112 1669 2328 1731 aquilas’
2361 1669 2544 1718 distin·

1483 1744 1595 1806 guit
1614 1759 1640 1793 a
1658 1745 1927 1794 ‘Romanis
1941 1745 2133 1809 signis?
2155 1745 2241 1794 Sic
2257 1752 2310 1795 et
2327 1746 2410 1795 alii
2426 1760 2543 1809 pro·

1484 1820 1620 1869 batae
1648 1821 1942 1871 Latinitatis
1967 1830 2206 1870 auctores
2230 1824 2544 1886 loquuntur;

1481 1911 1530 1946 V.
1559 1912 1611 1959 g.
1648 1898 1817 1947 Galba
1853 1899 1989 1961 apud
2028 1899 2137 1949 Cic.
2176 1900 2317 1948 Fam.
2360 1912 2416 1948 x.
2456 1904 2544 1949 80.

1481 1980 1494 2002 ‘
1522 1974 1725 2038 Aquilae
1750 1975 1887 2038 dum,
1922 1976 2071 2037 signa
2104 1975 2394 2037 sexaginta,
2425 1983 2546 2024 snut

1481 2050 1646 2099 relata
1667 2050 1920 2101 Antonii!
1955 2052 2019 2100 Et
2049 2051 2204 2101 Catil.
2226 2065 2289 2100 ιι.
2311 2056 2360 2100 6.
2380 2058 2393 2079 ·
2411 2051 2541 2101 Cum

1393 2169 1400 2177 .
1480 2127 1650 2188 tubas,
1673 2141 1789 2176 cum
1814 2127 1961 2190 signa
1983 2128 2243 2190 militaria,
2260 2141 2375 2176 cum
2403 2128 2545 2192 aqui·

1480 2204 1578 2251 lam
1619 2204 1755 2251 illam
1792 2214 2110 2266 argenteam,
2137 2203 2219 2251 cui
2257 2204 2345 2251 ille
2383 2204 2540 2251 etiam

1477 2281 1760 2329 sacrarium
1793 2283 2047 2329 scelerum
2085 2280 2222 2328 domi
2266 2294 2371 2328 suae
2404 2278 2545 2328 fece·

1481 2364 1582 2416 rat,
1612 2357 1798 2404 scirem
1835 2371 1948 2404 esse
1984 2354 2333 2418 praemissam!
2397 2355 2543 2404 Hirt.

1479 2434 1544 2481 B.
1569 2432 1640 2482 H.
1662 2447 1779 2497 cap.
1802 2437 1852 2482 7.
1889 2432 1905 2460 ‘
1930 2432 2207 2495 Pompeius
2230 2430 2427 2494 aquilas
2451 2431 2540 2480 ha-

1481 2509 1616 2569 buit,
1642 2518 1696 2558 et
1718 2510 1863 2571 signa
1889 2521 2018 2558 xiii.
2044 2505 2339 2570 legionum!
2373 2508 2544 2557 Tacit.

1480 2586 1619 2635 Hist.
1649 2600 1706 2635 u.
1726 2590 1809 2634 22.
1847 2588 1861 2612 ⁶
1888 2585 2080 2633 Valens
2116 2583 2467 2634 circumdatus
2491 2599 2544 2631 a·

1478 2663 1632 2724 quilis
1666 2660 1966 2725 signisque.'
2034 2663 2230 2711 Lucan.
2270 2675 2309 2710 ι.
2331 2666 2380 2712 7.
2414 2669 2428 2689 ⁴
2455 2660 2544 2709 ln·

1477 2738 1732 2804 festisque
1755 2740 1906 2788 obvia
1927 2739 2083 2803 signis
2106 2740 2287 2802 Signa,
2311 2753 2462 2800 pares
2489 2753 2543 2787 a·

1478 2816 1664 2880 quilas,
1703 2824 1756 2866 et
1799 2816 1905 2878 pila
1947 2816 2196 2864 minantia
2236 2813 2389 2877 pilis.'
2454 2814 2543 2863 Sic

1478 2902 1536 2941 et
1580 2894 1667 2955 qui
1709 2893 1903 2956 aquilas
1952 2900 2004 2941 et
2052 2892 2202 2955 signa
2238 2890 2544 2955 portabant.

1480 2971 1685 3032 proprie
1731 2969 2183 3031 distinguebantur
2235 2968 2543 3016 nominibus.

1477 3047 1649 3096 Tacit.
1686 3045 1827 3094 Hist.
1864 3060 1903 3093 1.
1924 3048 2006 3093 48.
2039 3045 2054 3071 ‘
2083 3044 2287 3092 Literas
2324 3044 2543 3091 Germa·

1477 3124 1579 3172 nivi
1621 3122 1828 3171 Caecina
1863 3117 2141 3183 aquiliferis
2175 3116 2543 3181 signiferisque

1476 3200 1684 3247 occulte
1737 3195 1978 3246 recitatz’
2044 3207 2334 3258 quanquam
2403 3193 2541 3255 apud

1482 3275 1622 3323 Flor.
1662 3286 1742 3322 tv.
1768 3277 1847 3321 12.
1873 3272 2027 3320 etiam
2064 3271 2172 3330 ille,
2200 3270 2287 3332 qni
2322 3268 2543 3333 aquilam

1479 3357 1733 3414 gestarat,
1756 3353 1770 3376 ‘
1791 3345 2008 3411 signifer
2031 3346 2046 3368 '
2069 3346 2378 3409 appellatur.
2449 3344 2544 3394 Ni·

1478 3429 1585 3476 liilo
1611 3429 1775 3474 minus
1802 3432 1994 3485 tamen,
2017 3424 2303 3486 generatim
2329 3423 2544 3486 loquen-

1478 3505 1565 3559 do,
1589 3504 1763 3567 aquila
1788 3503 1945 3552 etiam
1971 3508 2085 3550 erat
2116 3499 2335 3563 signum,
2359 3513 2545 3561 nempe

1478 3583 1679 3644 signum
1705 3580 1863 3631 totius
1888 3580 2109 3643 alicujus
2135 3578 2366 3642 legionis.
2404 3577 2542 3626 Hinc

1478 3665 1535 3708 et
1560 3658 1748 3719 aquilae
1786 3656 2058 3719 aliquando
2094 3655 2303 3705 nomine
2334 3662 2348 3683 ·
2373 3658 2546 3716 signo-

1480 3748 1591 3782 rum
1619 3731 1632 3753 ’
1668 3733 1817 3782 simul
1841 3732 2373 3796 comprehenduntur.
2438 3730 2546 3789 Sic,

1480 3812 1530 3859 in
1572 3812 1743 3859 Caroli
1784 3810 1946 3859 Ducis
1987 3809 2295 3859 Arschotaui
2338 3807 2545 3869 Νηπήι-

1481 3889 1702 3937 malibus
1763 3888 1964 3949 Regum
2032 3897 2084 3935 et
2157 3887 2543 3947 Imperatorum

1485 3964 1628 4011 Rom.
1655 3971 1845 4026 praeter
1869 3964 2015 4022 alios,
2038 3962 2175 4009 inter
2203 3971 2434 4006 nummos
2458 3958 2545 4007 Ts-

1482 4040 1611 4089 berii
1633 4039 1768 4099 imp.
1786 4037 1917 4087 Tab.
1937 4049 2078 4085 xvn.
2094 4051 2145 4083 n.
2161 4038 2208 4082 8.
2226 4039 2371 4081 extat
2398 4047 2545 4094 unus,

1477 4113 1658 4177 (quem
1700 4112 1788 4173 fig.
1825 4117 1876 4161 2.
1917 4110 2279 4159 delineandum
2319 4107 2545 4171 ειη-ιώ)

1482 4190 1530 4237 iu
1561 4189 1709 4251 cujus
1732 4201 1919 4235 aversa
1954 4193 2103 4249 parte
2138 4185 2459 4246 conspicitur
2494 4200 2547 4234 a·

1478 4264 1616 4329 quila
1655 4266 1792 4312 inter
1834 4262 1936 4310 duo
1972 4261 2121 4322 signa
2165 4259 2446 4319 militaria3
2493 4259 2545 4309 in

1484 4342 1719 4406 margine
1764 4341 1972 4405 sculpta
2021 4345 2141 4388 sunt
2197 4337 2309 4389 lure
2346 4338 2542 4387 verba:
