3060 4902
772 440 851 492 c.
905 438 1158 498 vnum
1203 451 1539 511 suenum
1589 466 1869 522 mnne.
1940 477 1994 530 1.
2036 461 2105 530 2.

329 570 497 662 cipum
537 574 729 645 laude,
767 584 871 649 qui
924 602 1030 641 non
1076 595 1242 662 magis
1286 600 1414 651 nos?

330 647 465 715 ιφ..

398 730 665 797 encenia]
700 736 938 804 Proprio
969 745 1037 795 ad
1083 762 1195 800 rem
1233 751 1412 805 verbo.

331 804 465 856 Nam
504 812 924 869 acclamationes
969 821 1072 874 ille
1116 828 1407 897 theatrica,

332 895 450 933 cum
471 887 697 942 modulis
720 900 781 943 et
815 897 1044 960 quodam
1082 907 1226 957 velut
1248 914 1406 959 cantu

333 967 505 1012 mut.
589 965 811 1021 Tacitus
854 974 1000 1027 Anu.
1046 991 1171 1035 xvi.
1200 983 1404 1036 ‘Plebs

330 1041 654 1099 personabat
696 1048 858 1099 certis
894 1055 1079 1120 modis,
1116 1061 1403 1129 plausuque

331 1119 663 1178 composito.¹
732 1124 815 1175 Ibi
838 1142 956 1193 ego.
986 1132 1142 1187 Iden.
1351 1199 1357 1203 ,

400 1191 673 1259 Contenta]
707 1199 1239 1265 Modolatoclamore.
1277 1214 1401 1267 Cas·

328 1264 462 1316 siod.
496 1271 587 1321 lib.
609 1287 648 1322 r.
669 1275 688 1302 ‘
713 1276 977 1333 Prosertis
1008 1301 1168 1338 voces
1203 1305 1399 1355 organo

325 1340 608 1404 dulciores,
631 1356 688 1400 et
718 1351 795 1402 ita
827 1356 922 1407 sub
941 1363 1162 1424 quadam
1195 1365 1398 1420 harmo-

326 1417 415 1467 nia
444 1422 664 1475 cithare
696 1442 975 1486 concavum
1013 1440 1275 1495 theatrum
1301 1461 1398 1510 per

325 1507 420 1544 vos
442 1509 676 1559 resonat.
707 1511 766 1555 ut
800 1513 946 1560 tonos
975 1516 1143 1578 possit
1176 1521 1396 1583 quilibet

321 1575 568 1640 credere,
615 1596 769 1647 qnam
818 1587 1107 1643 clamores!
1187 1597 1295 1649 Dio
1338 1602 1392 1652 in

322 1650 614 1779 geginam
668 1669 827 1713 vocat
891 1665 1127 1732 εὐρύθμως
1192 1674 1392 1744 δκβοᾳν.

387 1805 695 1876 Fora-om]
723 1812 1100 1888 Domitianum,
1134 1827 1222 1892 qui
1247 1830 1388 1894 ‘pul-

316 1878 445 1930 cher
467 1898 531 1935 ac
552 1885 746 1939 decens
768 1890 871 1957 (ait
891 1896 1110 1952 Sueton-
1140 1917 1256 1969 cap.
1278 1906 1390 1973 28.)

317 1960 547 2011 maxime
618 1963 672 2014 iu
736 1968 979 2031 juventa.
1002 1974 1020 1998 '
1084 1979 1386 2036 Martialis:

312 2034 332 2062 ⁸
350 2033 684 2100 Purpureum
721 2042 947 2101 fundens
984 2053 1163 2109 Cesar
1196 2059 1262 2111 ab
1295 2076 1387 2114 ore

306 2109 509 2174 jubar!
572 2117 647 2168 Et
670 2118 787 2185 ipse
812 2125 879 2176 de
901 2141 959 2178 se
981 2130 1110 2184 illud
1144 2134 1385 2191 Homeri·

315 2201 438 2236 cum
462 2203 705 2257 usurpat,
725 2197 879 2251 Iliad.
898 2210 955 2254 Φ.
996 2208 1110 2271 οὐχ
1129 2210 1272 2276 ὁρόω
1289 2214 1387 2268 otor

313 2263 458 2328 ιᾴγὺ
478 2268 628 2321 καλός
650 2289 708 2323 τε
725 2275 881 2339 μέγα,
898 2297 955 2331 τε
985 2298 1002 2345 3
1052 2285 1224 2338 Nonne
1252 2291 1387 2344 vides

317 2346 389 2396 tn,
426 2346 584 2406 qualis
617 2363 706 2412 ego
751 2368 1044 2425 unusqu
1084 2364 1343 2433 &orasque
1362 2375 1385 2421 i

316 2418 463 2484 Lips.
884 2477 889 2483 .

380 2497 685 2569 For-noem]
718 2506 885 2561 Recte
910 2512 1008 2565 hoe
1040 2520 1247 2573 nomine
1270 2524 1378 2577 lau·

309 2570 468 2623 datur
502 2574 720 2644 femina,
753 2598 855 2636 non
884 2591 1165 2657 princeps.⁴
1220 2600 1377 2651 Eras-

309 2662 421 2699 mus
443 2650 499 2700 iu
521 2659 732 2720 egregia
753 2667 1144 2722 narratiuncula
1163 2688 1376 2738 prover-

307 2725 402 2789 bii,
431 2731 569 2793 quod
607 2738 942 2793 amenissimi
976 2745 1169 2811 ingenii
1210 2754 1288 2803 vir
1319 2755 1374 2805 in

308 2801 721 2872 Apocolocynth.
754 2814 954 2874 habet.-
988 2821 1004 2849 ⁸
1027 2822 1134 2874 Aut
1175 2842 1373 2893 regem,

306 2887 395 2927 aut
418 2877 638 2941 fatuum,
653 2891 792 2941 nasci
814 2897 1066 2958 oportet!
1103 2901 1254 2953 Bera-

377 2954 649 3010 Fora-uua
663 2962 836 3032 ⁶11·an
869 2969 1269 3043 Domitianum;
1301 2980 1369 3031 de

305 3043 409 3095 quo
431 3033 648 3088 Sueton-
671 3055 788 3106 cap.
814 3048 897 3095 18.
923 3048 1136 3105 Potui-ol.

368 3107 577 3162 Gestat·
606 3115 830 3185 alteria]
864 3124 1111 3192 Neronis,
1159 3131 1227 3182 de
1264 3150 1366 3200 quo

299 3182 421 3235 Tac.
445 3185 584 3240 Anu.
615 3202 734 3244 xiv.
768 3196 922 3250 ‘Nec
962 3203 1127 3255 miuus
1166 3204 1362 3261 foedum

300 3261 528 3313 studium
551 3267 751 3320 eithara
780 3271 1035 3328 ludicrum
1065 3280 1118 3330 iu
1153 3285 1363 3338 modum

299 3339 531 3389 canere.'
596 3344 666 3395 Et
682 3350 839 3410 paulo
862 3362 983 3417 post
1005 3374 1020 3408 a
1044 3360 1061 3387 ‘
1079 3358 1147 3409 Hi
1171 3360 1361 3428 (Equi-

301 3420 379 3464 tes
402 3416 723 3485 Augustani)
738 3425 867 3492 dies,
885 3440 1192 3500 noctesque,
1212 3440 1361 3504 plan·

297 3491 438 3541 sibus
491 3509 770 3558 personare
809 3503 1028 3560 formam
1075 3514 1358 3582 Principis,

300 3579 608 3636 vocemque,
651 3576 823 3630 Deum
868 3586 1133 3639 vocabulis
1177 3597 1359 3659 appel·

296 3645 506 3711 lantes:
545 3654 648 3706 &c.
734 3657 1045 3728 Notumque
1103 3672 1357 3739 omnihus,

292 3722 460 3786 ipsum
482 3726 535 3777 in
556 3728 759 3782 theatro
782 3737 1007 3791 recitare
1031 3744 1258 3810 solitum,
1281 3748 1356 3799 ci·

292 3800 582 3855 tharoedico
643 3808 801 3861 etiam
867 3815 1045 3868 habitu
1099 3820 1355 3875 indutum.

289 3873 525 3928 Tradunt
553 3881 754 3947 Xiphil.
787 3895 843 3939 et
881 3890 1099 3947 Sueton'.
1134 3911 1248 3964 cap.
1272 3903 1355 3953 24.

293 3950 425 4002 Rem
482 3955 712 4010 illustrat
764 3962 1036 4021 Numisma
1089 3971 1353 4028 Graecum.

291 4027 447 4079 Idem.

358 4104 583 4174 Gerena]
632 4112 878 4172 Neronis,
910 4120 998 4183 qui
1037 4121 1351 4182 histrioniam

286 4186 586 4236 exercebat.
648 4186 732 4238 Ad
768 4193 992 4245 eundem
1028 4209 1259 4267 spectat,
1285 4206 1351 4257 de

285 4271 413 4314 περ,
435 4276 587 4324 quam
609 4267 839 4317 alentem
853 4276 901 4319 et
918 4273 1133 4326 diuinum
1154 4278 1351 4336 ,(1ἰοίνί-

288 4333 505 4403 deriqne
523 4340 754 4396 volebat.
787 4343 921 4410 upa

2425 480 2558 548 451

1557 607 1760 664 Gestatur
1812 620 2038 687 alerias]
2093 625 2337 685 Neronis.
2406 636 2558 693 Infra

1485 694 1642 736 nvi.
1663 692 1716 741 4.
1740 696 1756 720 ⁴
1774 692 1926 746 Idem
1945 713 2072 765 ergo
2086 709 2307 770 populns
2330 711 2437 779 ille,
2462 718 2556 768 ali·

1483 764 1695 826 quando
1715 773 1904 823 scenici
1930 776 2256 843 imperatoris
2285 800 2555 852 spectator

1482 843 1539 887 et
1562 843 1881 905 applansor.’
1916 853 2100 907 Paullo
2118 867 2265 926 ante,
2283 869 2300 892 ‘
2325 880 2552 921 concen-

1482 918 1538 963 tu
1555 914 1572 938 '
1614 932 1718 972 non
1775 925 2011 991 solicit03
2068 933 2144 985 sio
2198 940 2335 991 enim
2391 944 2549 997 alibi:

1479 990 1496 1019 ‘
1523 992 1762 1063 Principi
1802 1011 1981 1056 nostro
2018 1020 2210 1073 quanta
2251 1022 2550 1082 concordia,

1477 1081 1799 1142 quantusque
1844 1092 2131 1138 concentus
2164 1095 2392 1147 omnium
2438 1100 2549 1151 lau·

1478 1144 1621 1212 dum,
1668 1156 1939 1224 omnisque
1981 1165 2159 1224 gloriae
2176 1167 2211 1219 ?’

1476 1228 1492 1252 ⁴
1515 1221 1705 1290 Neque
1738 1234 1877 1284 euim
1911 1252 1941 1286 a
1978 1245 2031 1290 tc
2055 1244 2252 1296 minore
2275 1262 2538 1306 concentu

1476 1307 1535 1351 ut
1553 1303 1768 1357 tolleres
1781 1315 2144 1383 pantomimos,
2164 1337 2318 1387 quam
2340 1341 2373 1377 a
2392 1336 2542 1393 patre

1474 1385 1587 1440 tuo,
1613 1387 1672 1431 ιιι
1696 1386 2020 1459 restitueret,
2042 1408 2284 1452 exactum
2307 1405 2423 1455 est-²
2453 1408 2541 1458 Li·

1469 1468 1573 1503 orn.

1544 1532 1738 1602 Vocem]
1774 1547 1789 1570 ⁸
1812 1539 1964 1593 Belle
1987 1549 2149 1607 canit,
2184 1551 2323 1605 belle
2344 1559 2500 1611 saltat
2522 1578 2538 1614 ε

1467 1608 1775 1666 histrionum
1799 1618 1911 1671 laus
1946 1623 2049 1674 ista
2079 1634 2179 1686 cst,
2202 1644 2305 1681 uon
2328 1641 2539 1701 regum?

1468 1685 1668 1740 Erarm.
1690 1692 1902 1749 ibidem.
1938 1698 2093 1751 Ber-n.

1541 1765 1610 1815 Ue
1627 1783 1762 1818 umor
1787 1778 1836 1821 et
1855 1777 2112 1845 goudium]
2145 1781 2162 1810 ‘
2185 1782 2360 1840 Antea
2395 1805 2536 1843 eom-

1463 1839 1637 1903 posito
1694 1848 1859 1911 vultu,
1927 1851 2204 1923 lacrymas,
2267 1865 2535 1934 gaudium,

1463 1924 1701 1980 questus,
1723 1923 2065 1997 adulationes,
2097 1935 2248 2000 (sive,
2271 1948 2330 1991 ut
2357 1943 2538 1995 Mure·

1464 1999 1548 2043 tus
1571 1995 1722 2063 legit,
1748 2001 2042 2068 ‘lacrymas
2074 2013 2282 2078 gaudio,
2319 2027 2533 2082 questus

1460 2069 1801 2140 adulatione‚'
1819 2079 2027 2134 variar.
2045 2084 2196 2139 Lect-
2220 2106 2285 2143 ιι.
2311 2093 2392 2158 3.)
2413 2096 2534 2148 mis·

1460 2145 1653 2198 cebant
1694 2150 1746 2201 in
1788 2154 2042 2222 principis
2077 2164 2329 2217 exordio.’
2360 2170 2534 2223 Tacit.

1460 2218 1601 2271 Anu.
1623 2237 1663 2273 1.
1686 2229 1736 2277 7.
1759 2232 1809 2278 2.
1843 2230 1996 2283 Idem.

1527 2298 1709 2366 Civile]
1766 2304 1992 2359 Ratione
2034 2317 2218 2375 nostri.
2261 2326 2318 2370 ut
2362 2321 2525 2376 bonos

1457 2386 1668 2438 nempe,
1724 2393 1788 2429 ac
1841 2391 2038 2451 gratos,
2094 2389 2320 2446 decebat
2360 2399 2524 2454 cives.

1456 2447 1679 2501 Putas-ol.

1516 2523 1848 2596 Senator-ium]
1882 2536 2104 2591 Ratione
2138 2545 2412 2614 principis,
2435 2555 2521 2606 cui

1452 2602 1664 2663 gravior
1699 2613 1756 2656 et
1788 2615 2059 2676 augustior
2088 2618 2252 2673 honos
2287 2626 2520 2680 tribucu-

1451 2674 1566 2728 dus.
1600 2680 1753 2731 Idem.

1478 2775 1489 2788 ‹
1519 2754 1706 2818 optimi
1725 2766 2004 2830 cognomen]
2028 2768 2258 2826 luditum
2278 2779 2519 2833 hoc'l'ra·

1438 2828 1572 2892 jano
1597 2842 1715 2896 post
1740 2840 1983 2894 victorias
2017 2847 2083 2898 de
2107 2849 2388 2913 Armeniis,
2412 2865 2517 2911 tes·

1446 2910 1500 2955 te
1523 2907 1722 2973 Xiphil.
1767 2915 1898 2969 Post
1923 2920 2160 2976 devictos
2185 2938 2359 2981 autem
2386 2934 2514 2986 Par-

1445 2982 1562 3034 thos
1620 2987 1853 3045 additum
1910 2997 2012 3064 ipsi
2056 3010 2136 3054 est
2181 3004 2310 3056 illud
2355 3011 2511 3063 etiam

1441 3062 1457 3086 ¹
1483 3058 1755 3130 Parthici‚’
1798 3071 1980 3123 eodem
2021 3082 2176 3129 teste.
2247 3082 2352 3132 Sed
2391 3101 2514 3153 cog·

1441 3139 1650 3190 nomine
1667 3149 1682 3172 ·
1698 3142 2100 3208 Optimi’multo
2113 3158 2277 3220 magis
2293 3161 2508 3224 gloriari

1441 3213 1734 3268 videbatur.
1798 3222 1942 3275 Hinc
1975 3237 2076 3291 est,
2101 3232 2312 3296 quodjn
2350 3238 2500 3291 innu-

1440 3292 1593 3341 meris
1616 3293 1828 3359 Trajaui
1859 3305 2075 3355 nummis
2098 3308 2293 3374 legitur
2319 3313 2334 3341 ‘
2358 3315 2412 3365 S.
2437 3317 2502 3369 Ρ.

1440 3364 1507 3416 Q.
1532 3367 1594 3416 R.
1620 3371 1838 3435 Optimo
1862 3376 2099 3446 Principi
2119 3384 2159 3446 ς’
2189 3394 2244 3437 et
2267 3395 2505 3454 quamvis

1436 3440 1489 3492 in
1516 3446 1670 3495 variis
1691 3451 1821 3501 varii
1841 3454 1944 3505 sint
1961 3460 2092 3522 typi,
2115 3462 2297 3515 eadem
2328 3475 2505 3521 tamen

1434 3520 1720 3587 epigraphe
1755 3531 1992 3583 omnibus
2026 3543 2128 3587 est.
2198 3540 2368 3594 Unum
2412 3560 2505 3596 ex·

1432 3596 1586 3648 hibeo
1621 3616 1728 3664 prae
1764 3610 1976 3668 ceteris,
2012 3612 2063 3662 in
2099 3617 2249 3681 cujus
2275 3620 2498 3677 adversa

1433 3680 1585 3735 parte
1619 3678 1801 3730 eadem
1837 3685 1997 3737 verba
2029 3690 2276 3755 leguntur
2310 3698 2362 3747 in
2393 3714 2501 3751 me·

1432 3748 1515 3799 dio
1532 3752 1740 3807 laurem-
1782 3758 1887 3811 Hic
1906 3778 2031 3814 vero
2046 3773 2100 3817 et
2115 3782 2177 3818 ea
2189 3779 2311 3823 sunt
2328 3780 2499 3826 atten-

1430 3823 1621 3888 denda,
1643 3847 1759 3896 qum
1782 3837 1845 3886 ad
1868 3838 2008 3890 hunc
2037 3844 2206 3896 locum
2237 3862 2497 3903 commen·

1431 3906 1574 3953 tatus
1602 3915 1684 3958 est
1713 3909 1943 3964 Jacobus
1978 3917 2044 3966 de
2067 3919 2117 3969 la
2134 3920 2337 3975 Baune.
2398 3930 2415 3957 ‘
2438 3931 2496 3980 Si

1425 3977 1626 4046 Dioui,’
1644 3985 1744 4035 dte.
1779 3988 1931 4039 Idem.
1967 3993 2087 4045 vid.
2111 3997 2239 4049 Not.
2266 3993 2462 4069 De'lph.

1494 4057 1682 4121 Optimi
1720 4069 2000 4135 cognomen]
2035 4073 2321 4129 Decretum
2356 4082 2409 4132 id
2442 4084 2495 4135 ei

1424 4146 1455 4182 a
1478 4143 1683 4197 senatu,
1704 4140 1949 4196 Armenia
1971 4148 2203 4215 subacta,
2218 4169 2383 4221 eoque
2401 4158 2493 4210 de·

1423 4207 1676 4263 lectatum
1712 4217 1934 4269 maxime
1972 4223 2269 4290 xiphilinus
2298 4240 2357 4283 et
2389 4235 2491 4286 Zo-

1422 4300 1576 4338 naras
1598 4292 1827 4346 tradunt.
1857 4296 2024 4351 Livia.

1496 4367 1685 4431 Optimi
1738 4379 2016 4444 mm]
2069 4381 2292 4435 Quando
2341 4387 2491 4438 addi·
