3060 4902
756 396 821 443 c.
876 393 1121 443 runnu
1172 392 1501 443 summm
1562 393 1834 443 ransc.
1911 394 1962 440 1.
1991 376 2106 442 34.

317 554 408 604 per
449 539 658 590 hostias
704 539 1003 590 animalium
1055 539 1256 588 scelera
1301 551 1391 587 ex·

316 618 479 679 piare,
512 624 572 665 et
607 616 749 665 mala
772 614 980 678 publica
1012 622 1271 670 avertere,
1304 628 1392 663 co·

314 694 608 753 nabantur3
644 691 932 755 cujusmodi
980 690 1267 753 piacularia
1310 704 1390 738 sa-

314 769 514 820 crificia
537 776 921 818 corumemorat
953 768 1063 816 Liv.
1089 781 1129 816 ι.
1151 771 1234 815 26.
1303 767 1391 815 Sic

316 849 449 897 euim
492 862 559 897 ex
600 844 876 909 κακοζηλίᾳ
912 851 1165 908 putantur
1201 844 1390 893 imitari

318 924 543 972 voluisse
567 936 654 978 ea,
689 938 806 984 que
830 922 897 970 de
927 926 942 948 ⁴
970 921 1128 969 hircis
1154 922 1389 982 expiato·

317 1000 404 1048 riis
423 998 436 1019 '
458 999 605 1047 Deus
623 1005 954 1061 preceperat
973 986 1390 1060 populo'lsraiili·

320 1075 445 1136 rico,
492 1075 673 1123 Levit.
718 1087 840 1123 xvi.
906 1073 1011 1123 Sed
1062 1080 1120 1123 et
1165 1073 1388 1122 victimoe

320 1152 636 1213 piaculares,
666 1147 958 1213 καθάρματα,
987 1151 1028 1199 si
1057 1164 1150 1213 pro
1177 1157 1287 1199 tota
1311 1163 1391 1198 re-

320 1227 532 1290 publica
575 1224 909 1289 offerrentur,
951 1235 1103 1277 eraut
1142 1228 1391 1276 homiues.

321 1304 476 1353 Unde
494 1306 713 1354 Servius
733 1303 796 1353 ad
826 1306 938 1354 AEu.
957 1318 1041 1356 ιιι.
1064 1308 1147 1354 67.
1170 1305 1184 1330 ‘
1204 1304 1392 1352 Massi·

323 1382 559 1444 lieuses,'
595 1381 780 1446 iuquit.
814 1384 830 1409 ‘
853 1395 969 1430 cum
1006 1389 1156 1444 peste
1191 1379 1391 1428 labora·

322 1466 457 1514 rent,
485 1472 620 1506 uuus
638 1473 694 1506 se
714 1471 779 1506 ex
807 1457 1120 1521 pauperibus
1138 1454 1394 1506 offerebat

322 1534 568 1585 alendum
614 1547 753 1583 auno
800 1536 1005 1596 integro
1061 1534 1281 1595 publicis
1336 1540 1391 1581 et

324 1610 623 1674 purioribus
678 1609 847 1671 cibis;
913 1618 1094 1673 postea
1152 1611 1391 1659 verbeuis

322 1688 662 1752 vestibusque
680 1687 842 1736 sacris
864 1694 1073 1737 ornatus
1098 1687 1390 1736 circumdu-

322 1764 543 1814 cebatur
567 1778 662 1828 per
684 1764 886 1826 urbem,
906 1777 1022 1813 cum
1048 1765 1389 1813 execrationi·

326 1839 437 1896 bus,
457 1848 519 1890 ut
543 1842 597 1889 iu
622 1854 741 1890 eum
777 1840 1067 1889 inciderent
1103 1842 1240 1890 mala
1262 1841 1389 1890 civi·

325 1917 468 1977 tatis,
489 1926 547 1964 et
580 1917 656 1964 sic
694 1915 1101 1979 projiciebatur-⁹
1170 1914 1256 1965 ef.
1281 1916 1391 1964 Liv.

329 2006 455 2041 vm.
474 1996 521 2042 9.
548 2005 605 2042 x.
633 1996 712 2042 18.
733 1999 788 2041 et
810 2005 1014 2042 xxviii.
1030 1997 1081 2042 2.
1117 1993 1392 2051 Nimirum,

323 2069 500 2119 miseri
537 2068 625 2118 isti
650 2068 840 2132 pagani
874 2067 1011 2119 forte
1045 2069 1388 2133 inaudieraut‚

323 2145 389 2195 ad
405 2145 855 2195 averruncandam
875 2146 990 2194 irati
1011 2145 1230 2194 numinis
1246 2147 1390 2202 iram,

322 2223 566 2273 idoneum
605 2222 814 2287 aliquod
840 2221 1147 2272 sacrificium
1176 2224 1390 2285 requiri,

322 2301 463 2365 quod
488 2300 791 2349 nocentium
815 2299 1074 2349 homiuum
1099 2300 1215 2349 loco
1237 2297 1390 2349 offer·

323 2382 487 2426 retur.
556 2374 662 2425 Sed
700 2375 765 2424 ab
801 2375 951 2424 unico
988 2383 1042 2425 et
1065 2376 1391 2426 sanctissimo

320 2454 619 2504 Servatoris
663 2451 822 2501 nostri
860 2450 1116 2501 sacrificio
1165 2450 1390 2516 prolapsi

325 2539 448 2580 suut
471 2530 541 2580 ad
565 2529 657 2579 illa
678 2527 932 2578 sacrificia
965 2528 1275 2591 expiatoria,
1302 2537 1391 2577 aut

323 2608 496 2672 potius
528 2606 788 2658 scelerata
823 2614 877 2656 et
910 2605 1261 2654 crudelissima
1303 2603 1391 2652 ho·

321 2685 557 2737 micidia.
587 2685 832 2734 Selam-

388 2761 687 2824 Νοτίου-ιιι]
737 2760 802 2809 Iu
848 2760 1160 2822 spectaculis
1196 2759 1391 2808 occiso·

323 2851 455 2893 rum.
483 2838 591 2902 qui.
615 2845 674 2886 ut
700 2850 858 2899 supra
896 2834 1118 2897 dictum,
1140 2837 1221 2883 vel
1250 2834 1390 2884 servi

321 2923 495 2976 aaut,
516 2914 600 2962 vel
627 2911 770 2962 noxii
796 2921 850 2961 et
874 2911 1124 2961 damuati.
1190 2913 1391 2974 Collige

323 3003 390 3039 ex
410 2991 511 3039 boc
534 2989 669 3051 loco,
684 2989 944 3038 delatores
961 2988 1053 3037 sub
1072 2987 1223 3036 tinem
1243 3003 1392 3052 spec-

325 3068 634 3128 taculorum,
657 3073 933 3130 autequam
970 3067 1191 3130 populus
1225 3066 1390 3115 disce·

323 3146 498 3207 deret,
524 3144 793 3194 traductos
824 3157 919 3207 per
951 3159 1182 3205 arenam,
1205 3145 1390 3208 supino

322 3234 433 3281 ore,
458 3227 766 3284 retortaque
789 3220 1028 3282 cervice;
1064 3220 1183 3270 inde
1209 3221 1274 3270 ad
1302 3236 1390 3271 na·

326 3297 464 3360 rigia
488 3304 689 3359 raptos.
724 3297 945 3347 Patami.

410 3373 711 3437 Notior-mu]
763 3374 934 3437 Super
991 3373 1250 3424 cadavera
1300 3380 1392 3424 aut

329 3452 545 3514 vestigia
564 3449 933 3514 gladiatorum.
967 3451 1103 3514 Lips.

388 3527 688 3589 Sanguinem
715 3524 990 3588 noxiorum]
1024 3527 1303 3577 Catanaeus
1341 3526 1390 3575 iu

325 3605 464 3654 uotis
500 3604 567 3654 ad
605 3605 657 3655 h.
682 3604 719 3653 l.
751 3604 980 3668 scripsit,
1014 3604 1138 3652 ‘aut
1171 3605 1287 3667 lege
1319 3604 1392 3652 iu·

325 3678 618 3730 flexiana?
683 3678 837 3729 Hanc
886 3679 1190 3728 varietatem
1234 3680 1392 3728 etiarn

323 3758 377 3806 iu
391 3757 630 3820 margine
646 3754 934 3805 editionum
950 3770 1156 3805 suarum
1178 3762 1393 3805 annota-

325 3841 447 3883 runt
482 3832 835 3894 Pbilomusus,
877 3831 951 3881 1-1.
986 3832 1301 3897 Stephanus,
1339 3840 1393 3882 et

327 3911 559 3961 nivi-ns.
627 3909 743 3959 Nec
780 3909 1107 3958 incommoda
1139 3909 1260 3958 mihi
1285 3909 1396 3959 visa

324 3995 405 4037 est
428 3989 532 4037 ista
556 3986 719 4036 lectio
743 4001 760 4045 ς
798 3992 1101 4048 propterea,
1125 3983 1265 4050 quod
1289 4000 1394 4034 ma-

323 4066 401 4129 gis
445 4064 515 4115 ad
562 4063 919 4127 expiationem
968 4062 1126 4111 caedis
1167 4064 1395 4114 iuuoxio·

325 4155 454 4205 rum,
475 4150 534 4192 et
556 4138 904 4205 adjustitiam
922 4138 1165 4189 vindictae
1186 4140 1396 4190 demon-

323 4220 604 4282 strandam,
650 4217 834 4266 facere
877 4214 1134 4280 videatur,
1171 4217 1212 4265 si
1249 4215 1396 4281 flagi.

324 4299 433 4350 tiosi
455 4297 747 4356 delatores,
773 4298 828 4342 et
853 4297 1094 4343 auctores
1131 4300 1211 4343 tot
1243 4296 1393 4345 malo·
1455 4295 1458 4298 ’

2409 377 2535 442 631

1471 551 1603 599 rum,
1627 551 1782 602 supra
1805 536 2105 601 sauguinem
2132 542 2188 585 et
2211 537 2431 601 vestigia
2467 540 2541 587 in-

1469 616 1766 673 noxiorum,
1790 624 2035 678 tauquam
2062 613 2359 677 piaculares
2385 615 2535 663 victi·

1467 705 1587 747 mae,
1625 691 1688 739 ad
1730 704 1904 755 poeuas
1946 691 2210 753 graviores
2245 690 2390 739 ducti
2421 705 2539 739 esse

1467 769 1729 817 dicantur.
1782 767 1924 817 Nihil
1949 774 2120 816 tamen
2139 767 2303 815 adhuc
2329 766 2539 828 innovo,

1468 845 1707 894 omuibus
1731 843 2000 893 codicibus
2024 844 2152 890 Mss.
2177 844 2405 906 vulgatas
2429 844 2535 893 lec-

1469 921 1599 970 tioni
1633 918 2056 983 suffragantibus.
2126 918 2227 980 Ac,
2259 920 2385 968 licet
2414 921 2540 969 alias

1467 996 1676 1045 omniuo
1701 998 1858 1045 etiam
1876 996 2068 1044 innoxii
2092 997 2140 1043 in
2168 1010 2322 1043 arena
2344 997 2536 1059 amphi-

1468 1072 1655 1121 theatri
1692 1072 1994 1136 sanguinem
2034 1070 2381 1135 profuderint,
2418 1086 2536 1121 cum

1467 1151 1708 1209 sciamus,
1740 1150 1895 1198 etiarn
1938 1148 2260 1198 Christianos
2299 1149 2537 1210 gravissi-

1467 1227 1563 1275 mis
1598 1226 1872 1289 suppliciis
1903 1225 1955 1274 iu
1998 1239 2155 1274 arena
2189 1224 2349 1275 fuisse
2389 1223 2545 1274 afflic-

1469 1313 1585 1363 tos;
1625 1313 1748 1352 tuuc
1789 1311 1981 1363 tamen,
2015 1311 2258 1365 tauquam
2293 1303 2453 1363 noxii,
2486 1310 2541 1352 et

1469 1393 1574 1428 uua
1620 1392 1734 1427 cum
1779 1392 1902 1426 vere
1943 1379 2132 1441 noxiis,
2177 1386 2300 1428 sunt
2357 1380 2534 1429 occisi.

1465 1458 1481 1483 ⁴
1506 1455 1665 1504 Noxii
1687 1454 1700 1476 ’
1736 1453 1865 1503 adeo
1904 1453 2212 1503 dicebantur
2244 1469 2308 1503 ex
2341 1454 2535 1517 judicis

1466 1532 1729 1581 sententia
1755 1531 1946 1594 capitis
1968 1530 2220 1580 damuati.
2271 1531 2539 1593 Spartian-

1466 1610 1519 1658 iu
1547 1607 1770 1657 Adriau.
1809 1622 1856 1656 c.
1885 1610 1964 1658 17.
2000 1608 2014 1633 ‘
2039 1608 2327 1655 Trecentos
2359 1608 2538 1657 noxios

1467 1700 1585 1735 curu
1619 1686 1814 1734 auratis
1852 1682 2209 1747 chlamydibus
2238 1682 2290 1731 iu
2328 1695 2536 1733 arenam

1467 1760 1645 1811 misit.’
1681 1761 1918 1810 Schmun.

1536 1840 1882 1901 Gravioresque
1896 1836 2082 1901 poeuas]
2119 1837 2254 1887 Nam
2281 1836 2539 1900 gladiato-

1468 1930 1551 1965 res
1586 1914 1731 1964 brevi
1768 1922 1931 1963 morte
1960 1913 2232 1973 defunctu
2269 1913 2366 1976 ipsi
2405 1913 2539 1964 inta-

1465 1991 1685 2042 bescere
1707 1992 1871 2052 pceuis
1895 1992 2000 2040 suis
2022 1991 2292 2041 destinati.
2324 1991 2462 2055 Lips.

1536 2068 1767 2130 congesti
1800 2073 1911 2117 runt
1940 2068 1993 2115 in
2020 2068 2241 2131 navigia]
2286 2068 2406 2115 Fuit
2437 2067 2536 2117 hoc

1470 2144 1609 2207 apud
1645 2148 1860 2193 veteres
1896 2145 2031 2192 inter
2075 2140 2315 2207 supplicii
2355 2158 2535 2206 genus.

1467 2222 1557 2271 Sic
1593 2221 1805 2270 Sui-tou.
1828 2222 1963 2270 Caes.
1998 2234 2046 2269 c.
2075 2224 2159 2270 66.
2196 2227 2210 2248 ‘
2230 2219 2537 2270 Vetustissi-

1458 2314 1553 2347 ‘rna
1578 2312 1710 2346 nave
1736 2298 2022 2359 impositos,
2046 2310 2354 2360 quocunque
2383 2305 2537 2347 vento

1469 2376 1520 2423 iu
1556 2386 1893 2439 quascunque
1928 2381 2095 2421 terras
2126 2373 2322 2436 jubebo
2352 2374 2537 2422 avehi0'

1470 2453 1556 2501 Ita
1580 2450 1745 2515 puniti
1784 2458 1837 2499 et
1871 2464 1903 2498 a
1925 2449 2066 2505 Tito,
2096 2449 2311 2499 Suetou.
2346 2465 2465 2514 cap.
2489 2456 2538 2502 8.

1470 2537 1526 2577 et
1551 2530 1633 2577 hic
1658 2543 1687 2576 a
1708 2527 1950 2591 Trojano.
2004 2528 2140 2577 Item
2167 2527 2285 2576 olim
2305 2541 2337 2576 a
2360 2536 2533 2593 tyran·

1470 2608 1569 2665 nis,
1602 2606 1881 2655 Christiani
1911 2604 2131 2654 nominis
2157 2603 2413 2666 osoribus,
2437 2606 2533 2654 viri

1467 2684 1655 2733 sancti.
1739 2683 1928 2732 Victor
1970 2681 2037 2731 de
2074 2682 2363 2737 Geiserico,
2398 2683 2538 2732 Vau-

1469 2760 1610 2824 dalo,
1659 2759 1895 2809 Ariauo:
1948 2759 2270 2808 ‘Maximam
2329 2758 2535 2807 turbam

1469 2838 1778 2887 clericorum
1836 2838 2047 2886 navibus
2110 2835 2288 2886 fractis
2333 2836 2539 2897 imposi-

1472 2924 1594 2970 tam,
1622 2915 1787 2962 nudos
1812 2921 1970 2977 atque
2000 2914 2317 2976 exspoliatos
2342 2912 2537 2975 expelli

1472 2989 1751 3055 praecipit.⁹
1798 2990 1950 3038 Bern.

1529 3067 1758 3128 Congesti
1772 3064 1906 3127 suut]
1930 3064 2157 3113 Verbum
2182 3063 2197 3090 ⁴
2215 3075 2504 3125 congerere
2523 3062 2536 3080 ’

1470 3143 1781 3209 frequenter
1829 3141 2038 3208 quidem
2083 3139 2151 3189 de
2200 3140 2371 3197 rebus,
2417 3153 2535 3202 quae

1469 3223 1752 3273 acervatim
1788 3219 2133 3271 conferuntur
2178 3225 2232 3267 et
2286 3218 2536 3280 colligun-

1473 3308 1578 3361 tur,
1600 3312 1717 3348 raro
1743 3305 1916 3346 utitem
1951 3297 2014 3344 (lo
2054 3295 2286 3357 personis
2321 3309 2534 3358 usurpa·

1470 3381 1574 3424 tur.
1643 3373 1797 3422 Unde
1846 3371 2085 3419 hariolari
2138 3385 2416 3432 coeperam.
2470 3385 2533 3420 au

1469 3449 1604 3500 forte
1630 3447 1982 3511 reponendum
2007 3446 2208 3506 conjecti
2234 3447 2286 3496 in
2312 3447 2540 3506 navigia,-

1467 3528 1586 3592 quia
1622 3526 1851 3576 homiues
1879 3523 2071 3586 saepius
2098 3522 2343 3571 ’dicuntur
2379 3525 2534 3572 etiam

1467 3605 1694 3668 conjecti
1733 3604 1784 3650 iu
1819 3602 2039 3655 vincula,
2077 3600 2129 3648 iu
2171 3614 2444 3655 carcerem,
2486 3602 2535 3649 iu

1466 3681 1724 3736 latumias,
1768 3681 1865 3728 &m
1923 3677 2171 3727 Attamen
2209 3678 2326 3726 huic
2374 3677 2541 3725 hario-

1468 3759 1648 3808 latioui
1686 3771 1852 3820 neque
1890 3754 2109 3818 alicujus
2145 3755 2340 3804 codicis
2364 3770 2539 3804 mauu-

1467 3836 1654 3900 scripti
1693 3848 1859 3899 neque
1884 3834 2002 3882 libri
2047 3833 2226 3881 excusi
2257 3833 2537 3880 auctoritas

1471 3914 1749 3964 succurrit.
1814 3910 2036 3971 Adhaec,
2059 3910 2219 3957 nihilo
2245 3910 2410 3957 minus
2436 3912 2531 3959 eti*

1469 4006 1552 4041 am
1579 3990 1813 4039 homiues
1838 3987 2094 4037 interdum
2119 3985 2364 4036 dicuntur
2385 3989 2399 4014 ‘
2418 4001 2538 4035 con-

1474 4068 1623 4134 geri!
1687 4069 1773 4117 Sic
1802 4068 1910 4116 Cic.
1931 4067 2081 4114 Brut.
2105 4079 2219 4128 cap.
2243 4070 2324 4114 86.
2361 4063 2376 4091 ‘
2399 4064 2535 4112 Illud

1473 4147 1641 4195 minus
1680 4141 1841 4199 curo,’
1878 4143 2065 4205 iuquit,
2099 4140 2271 4204 ‘quod
2320 4153 2536 4204 conges-

1472 4222 1585 4272 sisti
1612 4217 1919 4284 operarios.’
1956 4217 2200 4267 Schwarz.

1543 4299 1600 4347 In
1644 4293 1865 4356 navigia]
1925 4293 2187 4354 Observo,
2239 4289 2396 4340 fuisse
2442 4291 2536 4339 hoc
