<?xml version="1.0" encoding="UTF-8"?>
<!DOCTYPE html PUBLIC "-//W3C//DTD XHTML 1.0 Transitional//EN"
    "http://www.w3.org/TR/xhtml1/DTD/xhtml1-transitional.dtd">
<html xmlns="http://www.w3.org/1999/xhtml" xml:lang="en" lang="en">
 <head>
  <title>
</title>
<meta http-equiv="Content-Type" content="text/html;charset=utf-8" />
  <meta name='ocr-system' content='tesseract 3.04.00' />
  <meta name='ocr-capabilities' content='ocr_page ocr_carea ocr_par ocr_line ocrx_word'/>
</head>
<body>
  <div class='ocr_page' id='page_1' title='image "./panegyriciveter02unkngoog_0106.png"; bbox 0 0 3060 4902; ppageno 0'>
   <div class='ocr_carea' id='block_1_1' title="bbox 512 403 646 468">
    <p class='ocr_par' dir='ltr' id='par_1_1' title="bbox 512 403 646 468">
     <span class='ocr_line' id='line_1_1' title="bbox 512 403 646 468; baseline 0 0"><span class='ocrx_word' id='word_1_1' title='bbox 512 403 646 468; x_wconf 78' lang='lat'>548</span> 
     </span>
    </p>
   </div>
   <div class='ocr_carea' id='block_1_2' title="bbox 498 559 1584 4366">
    <p class='ocr_par' dir='ltr' id='par_1_2' title="bbox 513 559 1582 703">
     <span class='ocr_line' id='line_1_2' title="bbox 513 559 1582 626; baseline -0.004 -14"><span class='ocrx_word' id='word_1_2' title='bbox 513 576 616 613; x_wconf 92' lang='lat' dir='ltr'>non</span> <span class='ocrx_word' id='word_1_3' title='bbox 653 560 837 613; x_wconf 86' lang='lat' dir='ltr'>melius</span> <span class='ocrx_word' id='word_1_4' title='bbox 861 559 974 626; x_wconf 87' lang='lat' dir='ltr'>jam</span> <span class='ocrx_word' id='word_1_5' title='bbox 1005 559 1126 611; x_wconf 88' lang='lat' dir='ltr'>olim</span> <span class='ocrx_word' id='word_1_6' title='bbox 1161 560 1494 624; x_wconf 85' lang='lat' dir='ltr'>conjecerim,</span> <span class='ocrx_word' id='word_1_7' title='bbox 1527 559 1582 608; x_wconf 78' lang='lat' dir='ltr'>in</span> 
     </span>
     <span class='ocr_line' id='line_1_3' title="bbox 513 639 929 703; baseline 0 -16"><span class='ocrx_word' id='word_1_8' title='bbox 513 641 614 703; x_wconf 83' lang='lat' dir='ltr'>ipso</span> <span class='ocrx_word' id='word_1_9' title='bbox 637 644 701 687; x_wconf 79' lang='lat' dir='ltr'>te.</span> <span class='ocrx_word' id='word_1_10' title='bbox 736 639 929 688; x_wconf 88' lang='lat' dir='ltr'>Ritter.</span> 
     </span>
    </p>

    <p class='ocr_par' dir='ltr' id='par_1_3' title="bbox 498 712 1584 1223">
     <span class='ocr_line' id='line_1_4' title="bbox 580 712 1583 776; baseline -0.005 -11"><span class='ocrx_word' id='word_1_11' title='bbox 580 715 723 765; x_wconf 76' lang='lat' dir='ltr'>Nihil</span> <span class='ocrx_word' id='word_1_12' title='bbox 751 716 856 776; x_wconf 75' lang='lat' dir='ltr'>ipsa</span> <span class='ocrx_word' id='word_1_13' title='bbox 891 719 937 762; x_wconf 80' lang='lat' dir='ltr'>te</span> <span class='ocrx_word' id='word_1_14' title='bbox 958 712 1183 775; x_wconf 77' lang='lat' dir='ltr'>fortuna]</span> <span class='ocrx_word' id='word_1_15' title='bbox 1221 713 1366 761; x_wconf 77' lang='lat' dir='ltr'>Nihil</span> <span class='ocrx_word' id='word_1_16' title='bbox 1404 712 1503 776; x_wconf 83' lang='lat' dir='ltr'>ipso</span> <span class='ocrx_word' id='word_1_17' title='bbox 1536 717 1583 761; x_wconf 79' lang='lat' dir='ltr'>te</span> 
     </span>
     <span class='ocr_line' id='line_1_5' title="bbox 498 790 1582 852; baseline -0.006 -10"><span class='ocrx_word' id='word_1_18' title='bbox 498 793 703 852; x_wconf 74' lang='lat' dir='ltr'>fortuna</span> <span class='ocrx_word' id='word_1_19' title='bbox 726 790 944 845; x_wconf 74' lang='lat' dir='ltr'>Gruter.</span> <span class='ocrx_word' id='word_1_20' title='bbox 999 790 1215 852; x_wconf 90' lang='lat' dir='ltr'>Conjeci</span> <span class='ocrx_word' id='word_1_21' title='bbox 1237 790 1379 849; x_wconf 87' lang='lat' dir='ltr'>olim,</span> <span class='ocrx_word' id='word_1_22' title='bbox 1398 791 1582 838; x_wconf 76' lang='lat' dir='ltr'>eadem-</span> 
     </span>
     <span class='ocr_line' id='line_1_6' title="bbox 511 866 1584 933; baseline -0.006 -14"><span class='ocrx_word' id='word_1_23' title='bbox 511 884 621 933; x_wconf 76' lang='lat' dir='ltr'>que,</span> <span class='ocrx_word' id='word_1_24' title='bbox 644 883 749 931; x_wconf 80' lang='lat' dir='ltr'>quoe</span> <span class='ocrx_word' id='word_1_25' title='bbox 772 867 932 915; x_wconf 76' lang='lat' dir='ltr'>omniu</span> <span class='ocrx_word' id='word_1_26' title='bbox 954 866 1083 915; x_wconf 84' lang='lat' dir='ltr'>circa</span> <span class='ocrx_word' id='word_1_27' title='bbox 1107 872 1174 925; x_wconf 81' lang='lat' dir='ltr'>te,</span> <span class='ocrx_word' id='word_1_28' title='bbox 1207 866 1332 914; x_wconf 74' lang='lat' dir='ltr'>nihil</span> <span class='ocrx_word' id='word_1_29' title='bbox 1361 867 1513 928; x_wconf 76' lang='lat' dir='ltr'>ipsam</span> <span class='ocrx_word' id='word_1_30' title='bbox 1536 870 1584 913; x_wconf 82' lang='lat' dir='ltr'>te</span> 
     </span>
     <span class='ocr_line' id='line_1_7' title="bbox 500 942 1581 1006; baseline -0.004 -13"><span class='ocrx_word' id='word_1_31' title='bbox 500 945 707 1004; x_wconf 77' lang='lat' dir='ltr'>fortuna</span> <span class='ocrx_word' id='word_1_32' title='bbox 723 943 928 992; x_wconf 74' lang='lat' dir='ltr'>micuit</span> <span class='ocrx_word' id='word_1_33' title='bbox 948 957 967 999; x_wconf 89' lang='lat'>,·</span> <span class='ocrx_word' id='word_1_34' title='bbox 1002 943 1265 991; x_wconf 76' lang='lat' dir='ltr'>sementia</span> <span class='ocrx_word' id='word_1_35' title='bbox 1284 942 1581 1006; x_wconf 86' lang='lat' dir='ltr'>planissima</span> 
     </span>
     <span class='ocr_line' id='line_1_8' title="bbox 513 1018 1580 1081; baseline -0.004 -11"><span class='ocrx_word' id='word_1_36' title='bbox 513 1029 572 1070; x_wconf 86' lang='lat' dir='ltr'>ut</span> <span class='ocrx_word' id='word_1_37' title='bbox 609 1021 722 1069; x_wconf 91' lang='lat' dir='ltr'>loco</span> <span class='ocrx_word' id='word_1_38' title='bbox 755 1018 914 1067; x_wconf 84' lang='lat' dir='ltr'>fuerit</span> <span class='ocrx_word' id='word_1_39' title='bbox 941 1019 1174 1068; x_wconf 81' lang='lat' dir='ltr'>vitiando</span> <span class='ocrx_word' id='word_1_40' title='bbox 1215 1033 1319 1068; x_wconf 89' lang='lat' dir='ltr'>non</span> <span class='ocrx_word' id='word_1_41' title='bbox 1355 1020 1580 1081; x_wconf 86' lang='lat' dir='ltr'>repetita</span> 
     </span>
     <span class='ocr_line' id='line_1_9' title="bbox 513 1093 1581 1161; baseline 0.001 -16"><span class='ocrx_word' id='word_1_42' title='bbox 513 1098 698 1147; x_wconf 78' lang='lat' dir='ltr'>vocula</span> <span class='ocrx_word' id='word_1_43' title='bbox 732 1111 855 1161; x_wconf 79' lang='lat' dir='ltr'>quoe,</span> <span class='ocrx_word' id='word_1_44' title='bbox 889 1102 942 1145; x_wconf 89' lang='lat' dir='ltr'>et</span> <span class='ocrx_word' id='word_1_45' title='bbox 976 1097 1048 1144; x_wconf 89' lang='lat' dir='ltr'>ita</span> <span class='ocrx_word' id='word_1_46' title='bbox 1082 1093 1324 1160; x_wconf 87' lang='lat' dir='ltr'>profecto</span> <span class='ocrx_word' id='word_1_47' title='bbox 1355 1096 1581 1146; x_wconf 79' lang='lat' dir='ltr'>ridetur.</span> 
     </span>
     <span class='ocr_line' id='line_1_10' title="bbox 519 1174 669 1223; baseline 0.007 -1"><span class='ocrx_word' id='word_1_48' title='bbox 519 1174 669 1223; x_wconf 76' lang='lat' dir='ltr'>Grut.</span> 
     </span>
    </p>

    <p class='ocr_par' dir='ltr' id='par_1_4' title="bbox 507 1247 1583 1450">
     <span class='ocr_line' id='line_1_11' title="bbox 581 1247 1583 1312; baseline -0.003 -13"><span class='ocrx_word' id='word_1_49' title='bbox 581 1250 720 1299; x_wconf 76' lang='lat' dir='ltr'>Nihil</span> <span class='ocrx_word' id='word_1_50' title='bbox 746 1249 852 1312; x_wconf 76' lang='lat' dir='ltr'>ipsa</span> <span class='ocrx_word' id='word_1_51' title='bbox 884 1249 959 1312; x_wconf 76' lang='lat' dir='ltr'>te]</span> <span class='ocrx_word' id='word_1_52' title='bbox 996 1247 1215 1297; x_wconf 84' lang='lat' dir='ltr'>Livineii</span> <span class='ocrx_word' id='word_1_53' title='bbox 1250 1253 1425 1296; x_wconf 84' lang='lat' dir='ltr'>textus</span> <span class='ocrx_word' id='word_1_54' title='bbox 1456 1247 1583 1296; x_wconf 78' lang='lat' dir='ltr'>nihil</span> 
     </span>
     <span class='ocr_line' id='line_1_12' title="bbox 507 1322 1578 1390; baseline -0.003 -16"><span class='ocrx_word' id='word_1_55' title='bbox 507 1325 609 1390; x_wconf 81' lang='lat' dir='ltr'>ipso</span> <span class='ocrx_word' id='word_1_56' title='bbox 646 1331 693 1374; x_wconf 81' lang='lat' dir='ltr'>te</span> <span class='ocrx_word' id='word_1_57' title='bbox 713 1342 736 1385; x_wconf 77' lang='lat'>,-</span> <span class='ocrx_word' id='word_1_58' title='bbox 770 1325 863 1374; x_wconf 89' lang='lat' dir='ltr'>sed</span> <span class='ocrx_word' id='word_1_59' title='bbox 899 1326 951 1374; x_wconf 93' lang='lat' dir='ltr'>in</span> <span class='ocrx_word' id='word_1_60' title='bbox 986 1325 1250 1389; x_wconf 80' lang='lat' dir='ltr'>margine:</span> <span class='ocrx_word' id='word_1_61' title='bbox 1301 1322 1462 1386; x_wconf 81' lang='lat' dir='ltr'>forte,</span> <span class='ocrx_word' id='word_1_62' title='bbox 1503 1323 1578 1386; x_wconf 79' lang='lat' dir='ltr'>ip·</span> 
     </span>
     <span class='ocr_line' id='line_1_13' title="bbox 512 1415 635 1450; baseline -0.008 0"><span class='ocrx_word' id='word_1_63' title='bbox 512 1415 635 1450; x_wconf 82' lang='lat' dir='ltr'>sum.</span> 
     </span>
    </p>

    <p class='ocr_par' dir='ltr' id='par_1_5' title="bbox 510 1473 1580 1832">
     <span class='ocr_line' id='line_1_14' title="bbox 577 1473 1579 1538; baseline -0.005 -12"><span class='ocrx_word' id='word_1_64' title='bbox 577 1477 795 1526; x_wconf 73' lang='lat' dir='ltr'>Fortuna</span> <span class='ocrx_word' id='word_1_65' title='bbox 835 1474 1065 1538; x_wconf 72' lang='lat' dir='ltr'>mutavit]</span> <span class='ocrx_word' id='word_1_66' title='bbox 1100 1481 1115 1504; x_wconf 87' lang='lat'>‘</span> <span class='ocrx_word' id='word_1_67' title='bbox 1139 1475 1256 1525; x_wconf 87' lang='lat' dir='ltr'>Nee</span> <span class='ocrx_word' id='word_1_68' title='bbox 1299 1473 1579 1538; x_wconf 76' lang='lat' dir='ltr'><strong>quidquam</strong></span> 
     </span>
     <span class='ocr_line' id='line_1_15' title="bbox 510 1548 1580 1612; baseline -0.006 -11"><span class='ocrx_word' id='word_1_69' title='bbox 510 1551 564 1601; x_wconf 89' lang='lat' dir='ltr'>in</span> <span class='ocrx_word' id='word_1_70' title='bbox 590 1560 643 1602; x_wconf 90' lang='lat' dir='ltr'>te</span> <span class='ocrx_word' id='word_1_71' title='bbox 669 1554 889 1601; x_wconf 86' lang='lat' dir='ltr'>mutavit</span> <span class='ocrx_word' id='word_1_72' title='bbox 912 1552 1137 1601; x_wconf 82' lang='lat' dir='ltr'>fortunae</span> <span class='ocrx_word' id='word_1_73' title='bbox 1175 1549 1480 1612; x_wconf 79' lang='lat' dir='ltr'><strong>amplitudo,</strong></span> <span class='ocrx_word' id='word_1_74' title='bbox 1503 1548 1580 1596; x_wconf 89' lang='lat' dir='ltr'>ni·</span> 
     </span>
     <span class='ocr_line' id='line_1_16' title="bbox 511 1626 1579 1692; baseline -0.006 -14"><span class='ocrx_word' id='word_1_75' title='bbox 511 1630 556 1678; x_wconf 88' lang='lat' dir='ltr'>si</span> <span class='ocrx_word' id='word_1_76' title='bbox 600 1636 660 1679; x_wconf 89' lang='lat' dir='ltr'>ut</span> <span class='ocrx_word' id='word_1_77' title='bbox 717 1629 965 1692; x_wconf 72' lang='lat' dir='ltr'><strong>prodesse</strong></span> <span class='ocrx_word' id='word_1_78' title='bbox 1022 1626 1329 1675; x_wconf 77' lang='lat' dir='ltr'>tantundem</span> <span class='ocrx_word' id='word_1_79' title='bbox 1381 1638 1579 1687; x_wconf 85' lang='lat' dir='ltr'>posses,</span> 
     </span>
     <span class='ocr_line' id='line_1_17' title="bbox 511 1698 1580 1770; baseline -0.005 -17"><span class='ocrx_word' id='word_1_80' title='bbox 511 1713 762 1770; x_wconf 87' lang='lat' dir='ltr'>quantum</span> <span class='ocrx_word' id='word_1_81' title='bbox 809 1703 1004 1766; x_wconf 80' lang='lat' dir='ltr'>velles‚&#39;</span> <span class='ocrx_word' id='word_1_82' title='bbox 1059 1704 1202 1752; x_wconf 88' lang='lat' dir='ltr'>Plin.</span> <span class='ocrx_word' id='word_1_83' title='bbox 1253 1703 1307 1751; x_wconf 91' lang='lat' dir='ltr'>in</span> <span class='ocrx_word' id='word_1_84' title='bbox 1358 1698 1580 1751; x_wconf 80' lang='lat' dir='ltr'>Praefat.</span> 
     </span>
     <span class='ocr_line' id='line_1_18' title="bbox 510 1779 1210 1832; baseline -0.006 0"><span class='ocrx_word' id='word_1_85' title='bbox 510 1782 652 1832; x_wconf 84' lang='lat' dir='ltr'>Hist.</span> <span class='ocrx_word' id='word_1_86' title='bbox 679 1781 805 1830; x_wconf 87' lang='lat' dir='ltr'>Nat.</span> <span class='ocrx_word' id='word_1_87' title='bbox 826 1779 890 1828; x_wconf 86' lang='lat' dir='ltr'>ad</span> <span class='ocrx_word' id='word_1_88' title='bbox 913 1779 1021 1828; x_wconf 90' lang='lat' dir='ltr'>Tit.</span> <span class='ocrx_word' id='word_1_89' title='bbox 1057 1779 1210 1828; x_wconf 74' lang='lat' dir='ltr'>Bern-</span> 
     </span>
    </p>

    <p class='ocr_par' dir='ltr' id='par_1_6' title="bbox 504 1850 1581 2594">
     <span class='ocr_line' id='line_1_19' title="bbox 577 1850 1579 1918; baseline -0.004 -12"><span class='ocrx_word' id='word_1_90' title='bbox 577 1856 889 1918; x_wconf 74' lang='lat' dir='ltr'>Ingrediente</span> <span class='ocrx_word' id='word_1_91' title='bbox 929 1869 1017 1917; x_wconf 79' lang='lat' dir='ltr'>per</span> <span class='ocrx_word' id='word_1_92' title='bbox 1053 1854 1292 1917; x_wconf 77' lang='lat' dir='ltr'>publicum</span> <span class='ocrx_word' id='word_1_93' title='bbox 1336 1850 1579 1916; x_wconf 75' lang='lat' dir='ltr'>principe]</span> 
     </span>
     <span class='ocr_line' id='line_1_20' title="bbox 513 1933 1579 1995; baseline -0.008 -8"><span class='ocrx_word' id='word_1_94' title='bbox 513 1937 694 1987; x_wconf 81' lang='lat' dir='ltr'>Codex</span> <span class='ocrx_word' id='word_1_95' title='bbox 720 1936 1008 1984; x_wconf 72' lang='lat' dir='ltr'>Vaticanus</span> <span class='ocrx_word' id='word_1_96' title='bbox 1032 1934 1180 1984; x_wconf 71' lang='lat'>3461.</span> <span class='ocrx_word' id='word_1_97' title='bbox 1207 1940 1262 1983; x_wconf 90' lang='lat' dir='ltr'>et</span> <span class='ocrx_word' id='word_1_98' title='bbox 1283 1933 1579 1995; x_wconf 84' lang='lat' dir='ltr'>Guelpher·</span> 
     </span>
     <span class='ocr_line' id='line_1_21' title="bbox 509 2009 1580 2074; baseline -0.004 -14"><span class='ocrx_word' id='word_1_99' title='bbox 509 2013 753 2074; x_wconf 68' lang='lat' dir='ltr'>hymnus,</span> <span class='ocrx_word' id='word_1_100' title='bbox 779 2011 969 2059; x_wconf 89' lang='lat' dir='ltr'>omissa</span> <span class='ocrx_word' id='word_1_101' title='bbox 1006 2009 1257 2073; x_wconf 90' lang='lat' dir='ltr'>principis</span> <span class='ocrx_word' id='word_1_102' title='bbox 1295 2010 1580 2063; x_wconf 75' lang='lat' dir='ltr'>mentione,</span> 
     </span>
     <span class='ocr_line' id='line_1_22' title="bbox 509 2085 1581 2148; baseline -0.006 -11"><span class='ocrx_word' id='word_1_103' title='bbox 509 2089 704 2137; x_wconf 87' lang='lat' dir='ltr'>habent</span> <span class='ocrx_word' id='word_1_104' title='bbox 738 2088 965 2137; x_wconf 82' lang='lat' dir='ltr'>Liberum</span> <span class='ocrx_word' id='word_1_105' title='bbox 997 2091 1087 2148; x_wconf 82' lang='lat' dir='ltr'>est,</span> <span class='ocrx_word' id='word_1_106' title='bbox 1119 2085 1464 2148; x_wconf 73' lang='lat' dir='ltr'>ingredientem</span> <span class='ocrx_word' id='word_1_107' title='bbox 1494 2098 1581 2146; x_wconf 82' lang='lat' dir='ltr'>per</span> 
     </span>
     <span class='ocr_line' id='line_1_23' title="bbox 504 2159 1579 2228; baseline -0.006 -14"><span class='ocrx_word' id='word_1_108' title='bbox 504 2164 743 2228; x_wconf 78' lang='lat' dir='ltr'>publicum</span> <span class='ocrx_word' id='word_1_109' title='bbox 777 2163 1050 2226; x_wconf 69' lang='lat' dir='ltr'>subsistere,</span> <span class='ocrx_word' id='word_1_110' title='bbox 1074 2165 1154 2224; x_wconf 55' lang='grc' dir='ltr'>ξε.</span> <span class='ocrx_word' id='word_1_111' title='bbox 1224 2160 1403 2210; x_wconf 86' lang='lat' dir='ltr'>Codex</span> <span class='ocrx_word' id='word_1_112' title='bbox 1429 2159 1579 2208; x_wconf 85' lang='lat' dir='ltr'>Pari·</span> 
     </span>
     <span class='ocr_line' id='line_1_24' title="bbox 512 2235 1578 2302; baseline -0.005 -14"><span class='ocrx_word' id='word_1_113' title='bbox 512 2239 713 2302; x_wconf 84' lang='lat' dir='ltr'>aiensis,</span> <span class='ocrx_word' id='word_1_114' title='bbox 737 2239 959 2302; x_wconf 82' lang='lat' dir='ltr'>abjectis</span> <span class='ocrx_word' id='word_1_115' title='bbox 983 2238 1183 2286; x_wconf 84' lang='lat' dir='ltr'>duobus</span> <span class='ocrx_word' id='word_1_116' title='bbox 1209 2236 1398 2291; x_wconf 84' lang='lat' dir='ltr'>verbis,</span> <span class='ocrx_word' id='word_1_117' title='bbox 1437 2235 1578 2284; x_wconf 78' lang='lat' dir='ltr'>Libe·</span> 
     </span>
     <span class='ocr_line' id='line_1_25' title="bbox 509 2312 1580 2378; baseline -0.007 -13"><span class='ocrx_word' id='word_1_118' title='bbox 509 2331 617 2366; x_wconf 84' lang='lat' dir='ltr'>rum</span> <span class='ocrx_word' id='word_1_119' title='bbox 635 2322 727 2373; x_wconf 82' lang='lat' dir='ltr'>est,</span> <span class='ocrx_word' id='word_1_120' title='bbox 740 2316 1085 2378; x_wconf 71' lang='lat' dir='ltr'>ingredientem</span> <span class='ocrx_word' id='word_1_121' title='bbox 1096 2328 1183 2378; x_wconf 80' lang='lat' dir='ltr'>per</span> <span class='ocrx_word' id='word_1_122' title='bbox 1194 2313 1428 2377; x_wconf 77' lang='lat' dir='ltr'>publicum</span> <span class='ocrx_word' id='word_1_123' title='bbox 1443 2312 1580 2375; x_wconf 80' lang='lat' dir='ltr'>prin·</span> 
     </span>
     <span class='ocr_line' id='line_1_26' title="bbox 509 2388 1578 2456; baseline -0.007 -15"><span class='ocrx_word' id='word_1_124' title='bbox 509 2392 656 2456; x_wconf 80' lang='lat' dir='ltr'>cipem</span> <span class='ocrx_word' id='word_1_125' title='bbox 671 2392 909 2453; x_wconf 80' lang='lat' dir='ltr'>comitari,</span> <span class='ocrx_word' id='word_1_126' title='bbox 928 2390 1199 2455; x_wconf 69' lang='lat' dir='ltr'>preterire.</span> <span class='ocrx_word' id='word_1_127' title='bbox 1249 2388 1322 2437; x_wconf 85' lang='lat' dir='ltr'>At</span> <span class='ocrx_word' id='word_1_128' title='bbox 1337 2388 1450 2436; x_wconf 81' lang='lat' dir='ltr'>haec</span> <span class='ocrx_word' id='word_1_129' title='bbox 1473 2400 1578 2435; x_wconf 88' lang='lat' dir='ltr'>non</span> 
     </span>
     <span class='ocr_line' id='line_1_27' title="bbox 514 2466 1576 2533; baseline -0.006 -15"><span class='ocrx_word' id='word_1_130' title='bbox 514 2478 653 2533; x_wconf 88' lang='lat' dir='ltr'>sunt,</span> <span class='ocrx_word' id='word_1_131' title='bbox 688 2471 784 2519; x_wconf 85' lang='lat' dir='ltr'>nisi</span> <span class='ocrx_word' id='word_1_132' title='bbox 817 2468 1004 2518; x_wconf 89' lang='lat' dir='ltr'>menda</span> <span class='ocrx_word' id='word_1_133' title='bbox 1044 2474 1100 2518; x_wconf 89' lang='lat' dir='ltr'>et</span> <span class='ocrx_word' id='word_1_134' title='bbox 1135 2466 1421 2516; x_wconf 81' lang='lat' dir='ltr'>temerariae</span> <span class='ocrx_word' id='word_1_135' title='bbox 1459 2478 1576 2514; x_wconf 88' lang='lat' dir='ltr'>cor-</span> 
     </span>
     <span class='ocr_line' id='line_1_28' title="bbox 514 2542 1419 2594; baseline -0.003 0"><span class='ocrx_word' id='word_1_136' title='bbox 514 2547 777 2594; x_wconf 72' lang='lat' dir='ltr'>rectiones</span> <span class='ocrx_word' id='word_1_137' title='bbox 800 2543 1141 2593; x_wconf 72' lang='lat' dir='ltr'>librariorum.</span> <span class='ocrx_word' id='word_1_138' title='bbox 1177 2542 1419 2591; x_wconf 76' lang='lat' dir='ltr'>Schwarz.</span> 
     </span>
    </p>

    <p class='ocr_par' dir='ltr' id='par_1_7' title="bbox 507 2617 1578 3512">
     <span class='ocr_line' id='line_1_29' title="bbox 575 2617 1577 2682; baseline -0.006 -11"><span class='ocrx_word' id='word_1_139' title='bbox 575 2623 802 2671; x_wconf 75' lang='lat' dir='ltr'>Liberum</span> <span class='ocrx_word' id='word_1_140' title='bbox 823 2626 913 2682; x_wconf 83' lang='lat' dir='ltr'>est,</span> <span class='ocrx_word' id='word_1_141' title='bbox 935 2617 1259 2681; x_wconf 77' lang='lat' dir='ltr'>ingrediente]</span> <span class='ocrx_word' id='word_1_142' title='bbox 1294 2619 1492 2668; x_wconf 77' lang='lat' dir='ltr'>Contra</span> <span class='ocrx_word' id='word_1_143' title='bbox 1514 2630 1577 2665; x_wconf 89' lang='lat' dir='ltr'>ac</span> 
     </span>
     <span class='ocr_line' id='line_1_30' title="bbox 509 2698 1578 2759; baseline -0.004 -11"><span class='ocrx_word' id='word_1_144' title='bbox 509 2699 603 2749; x_wconf 87' lang='lat' dir='ltr'>sub</span> <span class='ocrx_word' id='word_1_145' title='bbox 650 2699 781 2747; x_wconf 87' lang='lat' dir='ltr'>Caio</span> <span class='ocrx_word' id='word_1_146' title='bbox 823 2698 1051 2758; x_wconf 82' lang='lat' dir='ltr'>Caesare,</span> <span class='ocrx_word' id='word_1_147' title='bbox 1093 2710 1194 2759; x_wconf 85' lang='lat' dir='ltr'>quo</span> <span class='ocrx_word' id='word_1_148' title='bbox 1238 2703 1251 2725; x_wconf 80' lang='lat'><strong><em>⁴</em></strong></span> <span class='ocrx_word' id='word_1_149' title='bbox 1277 2702 1578 2745; x_wconf 74' lang='lat' dir='ltr'>transeunte</span> 
     </span>
     <span class='ocr_line' id='line_1_31' title="bbox 510 2771 1577 2839; baseline -0.004 -16"><span class='ocrx_word' id='word_1_150' title='bbox 510 2775 810 2839; x_wconf 72' lang='lat' dir='ltr'>prospicere</span> <span class='ocrx_word' id='word_1_151' title='bbox 832 2789 896 2822; x_wconf 83' lang='lat' dir='ltr'>ex</span> <span class='ocrx_word' id='word_1_152' title='bbox 922 2772 1192 2836; x_wconf 74' lang='lat' dir='ltr'>superiore</span> <span class='ocrx_word' id='word_1_153' title='bbox 1217 2780 1370 2835; x_wconf 86' lang='lat' dir='ltr'>parte</span> <span class='ocrx_word' id='word_1_154' title='bbox 1404 2771 1577 2820; x_wconf 89' lang='lat' dir='ltr'>crimi-</span> 
     </span>
     <span class='ocr_line' id='line_1_32' title="bbox 508 2847 1577 2904; baseline -0.005 -5"><span class='ocrx_word' id='word_1_155' title='bbox 508 2864 691 2899; x_wconf 88' lang='lat' dir='ltr'>nosum</span> <span class='ocrx_word' id='word_1_156' title='bbox 714 2856 769 2898; x_wconf 89' lang='lat' dir='ltr'>et</span> <span class='ocrx_word' id='word_1_157' title='bbox 784 2848 991 2898; x_wconf 83' lang='lat' dir='ltr'>exitiale</span> <span class='ocrx_word' id='word_1_158' title='bbox 1008 2847 1333 2904; x_wconf 84' lang='lat' dir='ltr'>habebatur‚’</span> <span class='ocrx_word' id='word_1_159' title='bbox 1355 2847 1428 2895; x_wconf 89' lang='lat' dir='ltr'>ait</span> <span class='ocrx_word' id='word_1_160' title='bbox 1447 2848 1577 2896; x_wconf 89' lang='lat' dir='ltr'>Sue·</span> 
     </span>
     <span class='ocr_line' id='line_1_33' title="bbox 510 2923 1576 2987; baseline -0.005 -12"><span class='ocrx_word' id='word_1_161' title='bbox 510 2932 620 2975; x_wconf 90' lang='lat' dir='ltr'>ton.</span> <span class='ocrx_word' id='word_1_162' title='bbox 640 2939 758 2987; x_wconf 90' lang='lat' dir='ltr'>cap.</span> <span class='ocrx_word' id='word_1_163' title='bbox 779 2929 827 2974; x_wconf 89' lang='lat'>1.</span> <span class='ocrx_word' id='word_1_164' title='bbox 883 2923 1071 2973; x_wconf 78' lang='lat' dir='ltr'>Paullo</span> <span class='ocrx_word' id='word_1_165' title='bbox 1095 2930 1213 2986; x_wconf 83' lang='lat' dir='ltr'>post</span> <span class='ocrx_word' id='word_1_166' title='bbox 1236 2923 1370 2987; x_wconf 81' lang='lat' dir='ltr'>quasi</span> <span class='ocrx_word' id='word_1_167' title='bbox 1391 2923 1576 2972; x_wconf 73' lang='lat' dir='ltr'>coutin-</span> 
     </span>
     <span class='ocr_line' id='line_1_34' title="bbox 507 2999 1573 3067; baseline -0.005 -14"><span class='ocrx_word' id='word_1_168' title='bbox 507 3018 620 3067; x_wconf 79' lang='lat' dir='ltr'>gas,</span> <span class='ocrx_word' id='word_1_169' title='bbox 659 3003 710 3052; x_wconf 89' lang='lat' dir='ltr'>id</span> <span class='ocrx_word' id='word_1_170' title='bbox 748 3009 846 3059; x_wconf 85' lang='lat' dir='ltr'>est,</span> <span class='ocrx_word' id='word_1_171' title='bbox 880 3002 1011 3051; x_wconf 91' lang='lat' dir='ltr'>bona</span> <span class='ocrx_word' id='word_1_172' title='bbox 1046 3001 1266 3066; x_wconf 82' lang='lat' dir='ltr'>quadam</span> <span class='ocrx_word' id='word_1_173' title='bbox 1300 3001 1436 3052; x_wconf 84' lang='lat' dir='ltr'>forte</span> <span class='ocrx_word' id='word_1_174' title='bbox 1471 2999 1573 3049; x_wconf 81' lang='lat' dir='ltr'>for·</span> 
     </span>
     <span class='ocr_line' id='line_1_35' title="bbox 511 3076 1578 3141; baseline -0.005 -12"><span class='ocrx_word' id='word_1_175' title='bbox 511 3088 636 3129; x_wconf 89' lang='lat' dir='ltr'>tuna</span> <span class='ocrx_word' id='word_1_176' title='bbox 659 3093 721 3128; x_wconf 88' lang='lat' dir='ltr'>ac</span> <span class='ocrx_word' id='word_1_177' title='bbox 754 3078 1007 3129; x_wconf 86' lang='lat' dir='ltr'>beneficio</span> <span class='ocrx_word' id='word_1_178' title='bbox 1041 3078 1244 3141; x_wconf 90' lang='lat' dir='ltr'>copiam</span> <span class='ocrx_word' id='word_1_179' title='bbox 1278 3078 1330 3125; x_wconf 93' lang='lat' dir='ltr'>in</span> <span class='ocrx_word' id='word_1_180' title='bbox 1365 3076 1578 3140; x_wconf 87' lang='lat' dir='ltr'>publico</span> 
     </span>
     <span class='ocr_line' id='line_1_36' title="bbox 511 3156 1574 3219; baseline -0.004 -12"><span class='ocrx_word' id='word_1_181' title='bbox 511 3159 585 3207; x_wconf 90' lang='lat' dir='ltr'>tui</span> <span class='ocrx_word' id='word_1_182' title='bbox 611 3158 794 3219; x_wconf 84' lang='lat' dir='ltr'>facias,</span> <span class='ocrx_word' id='word_1_183' title='bbox 815 3173 932 3207; x_wconf 88' lang='lat' dir='ltr'>cum</span> <span class='ocrx_word' id='word_1_184' title='bbox 958 3157 1045 3206; x_wconf 91' lang='lat' dir='ltr'>alii</span> <span class='ocrx_word' id='word_1_185' title='bbox 1061 3156 1287 3206; x_wconf 87' lang='lat' dir='ltr'>studiose</span> <span class='ocrx_word' id='word_1_186' title='bbox 1311 3162 1574 3204; x_wconf 89' lang='lat' dir='ltr'>secretum</span> 
     </span>
     <span class='ocr_line' id='line_1_37' title="bbox 511 3231 1575 3295; baseline -0.005 -13"><span class='ocrx_word' id='word_1_187' title='bbox 511 3241 565 3282; x_wconf 86' lang='lat' dir='ltr'>et</span> <span class='ocrx_word' id='word_1_188' title='bbox 604 3232 935 3282; x_wconf 79' lang='lat' dir='ltr'>solitudinem</span> <span class='ocrx_word' id='word_1_189' title='bbox 979 3239 1275 3295; x_wconf 76' lang='lat' dir='ltr'>captarent.</span> <span class='ocrx_word' id='word_1_190' title='bbox 1343 3231 1575 3279; x_wconf 85' lang='lat' dir='ltr'>Pacatus</span> 
     </span>
     <span class='ocr_line' id='line_1_38' title="bbox 511 3305 1575 3374; baseline -0.002 -19"><span class='ocrx_word' id='word_1_191' title='bbox 511 3323 715 3374; x_wconf 88' lang='lat' dir='ltr'>quoque</span> <span class='ocrx_word' id='word_1_192' title='bbox 760 3310 811 3357; x_wconf 92' lang='lat' dir='ltr'>in</span> <span class='ocrx_word' id='word_1_193' title='bbox 866 3308 1153 3358; x_wconf 84' lang='lat' dir='ltr'>Theodosio</span> <span class='ocrx_word' id='word_1_194' title='bbox 1191 3306 1390 3362; x_wconf 89' lang='lat' dir='ltr'>laudat,</span> <span class='ocrx_word' id='word_1_195' title='bbox 1434 3305 1575 3370; x_wconf 89' lang='lat' dir='ltr'>quod</span> 
     </span>
     <span class='ocr_line' id='line_1_39' title="bbox 510 3384 1573 3449; baseline -0.003 -16"><span class='ocrx_word' id='word_1_196' title='bbox 510 3385 698 3434; x_wconf 85' lang='lat' dir='ltr'>creber</span> <span class='ocrx_word' id='word_1_197' title='bbox 731 3399 943 3448; x_wconf 82' lang='lat' dir='ltr'>egressu</span> <span class='ocrx_word' id='word_1_198' title='bbox 981 3384 1384 3449; x_wconf 84' lang='lat' dir='ltr'>expectantibus</span> <span class='ocrx_word' id='word_1_199' title='bbox 1411 3397 1573 3446; x_wconf 87' lang='lat' dir='ltr'>popu-</span> 
     </span>
     <span class='ocr_line' id='line_1_40' title="bbox 509 3461 1151 3512; baseline 0 -1"><span class='ocrx_word' id='word_1_200' title='bbox 509 3461 571 3512; x_wconf 87' lang='lat' dir='ltr'>lis</span> <span class='ocrx_word' id='word_1_201' title='bbox 596 3476 652 3511; x_wconf 89' lang='lat' dir='ltr'>se</span> <span class='ocrx_word' id='word_1_202' title='bbox 676 3461 951 3511; x_wconf 82' lang='lat' dir='ltr'>fateretur.</span> <span class='ocrx_word' id='word_1_203' title='bbox 985 3462 1151 3512; x_wconf 70' lang='lat' dir='ltr'>Livia.</span> 
     </span>
    </p>

    <p class='ocr_par' dir='ltr' id='par_1_8' title="bbox 507 3536 1573 3892">
     <span class='ocr_line' id='line_1_41' title="bbox 576 3536 1572 3599; baseline -0.004 -12"><span class='ocrx_word' id='word_1_204' title='bbox 576 3539 714 3588; x_wconf 72' lang='lat' dir='ltr'>Inter</span> <span class='ocrx_word' id='word_1_205' title='bbox 739 3554 845 3599; x_wconf 78' lang='lat' dir='ltr'>nos,</span> <span class='ocrx_word' id='word_1_206' title='bbox 880 3538 998 3599; x_wconf 74' lang='lat' dir='ltr'>non]</span> <span class='ocrx_word' id='word_1_207' title='bbox 1038 3538 1151 3586; x_wconf 88' lang='lat' dir='ltr'>Viri</span> <span class='ocrx_word' id='word_1_208' title='bbox 1179 3536 1358 3584; x_wconf 84' lang='lat' dir='ltr'>summi</span> <span class='ocrx_word' id='word_1_209' title='bbox 1397 3548 1572 3585; x_wconf 88' lang='lat' dir='ltr'>emen-</span> 
     </span>
     <span class='ocr_line' id='line_1_42' title="bbox 510 3612 1572 3674; baseline -0.006 -10"><span class='ocrx_word' id='word_1_210' title='bbox 510 3615 656 3670; x_wconf 87' lang='lat' dir='ltr'>dant.</span> <span class='ocrx_word' id='word_1_211' title='bbox 676 3614 887 3663; x_wconf 74' lang='lat' dir='ltr'>ambulas</span> <span class='ocrx_word' id='word_1_212' title='bbox 908 3614 1036 3661; x_wconf 78' lang='lat' dir='ltr'>inter</span> <span class='ocrx_word' id='word_1_213' title='bbox 1057 3627 1157 3668; x_wconf 79' lang='lat' dir='ltr'>nos,</span> <span class='ocrx_word' id='word_1_214' title='bbox 1189 3626 1275 3658; x_wconf 83' lang='lat' dir='ltr'>nos</span> <span class='ocrx_word' id='word_1_215' title='bbox 1298 3612 1432 3674; x_wconf 81' lang='lat' dir='ltr'>quasi</span> <span class='ocrx_word' id='word_1_216' title='bbox 1462 3625 1572 3659; x_wconf 80' lang='lat' dir='ltr'>cou-</span> 
     </span>
     <span class='ocr_line' id='line_1_43' title="bbox 507 3689 1571 3755; baseline -0.007 -12"><span class='ocrx_word' id='word_1_217' title='bbox 507 3694 660 3755; x_wconf 81' lang='lat' dir='ltr'>tigas.</span> <span class='ocrx_word' id='word_1_218' title='bbox 726 3691 925 3741; x_wconf 85' lang='lat' dir='ltr'>Quibus</span> <span class='ocrx_word' id='word_1_219' title='bbox 968 3704 1061 3738; x_wconf 92' lang='lat' dir='ltr'>cur</span> <span class='ocrx_word' id='word_1_220' title='bbox 1096 3689 1426 3752; x_wconf 74' lang='lat' dir='ltr'>acquiescere</span> <span class='ocrx_word' id='word_1_221' title='bbox 1468 3702 1571 3736; x_wconf 92' lang='lat' dir='ltr'>non</span> 
     </span>
     <span class='ocr_line' id='line_1_44' title="bbox 510 3763 1573 3831; baseline -0.007 -12"><span class='ocrx_word' id='word_1_222' title='bbox 510 3771 695 3831; x_wconf 85' lang='lat' dir='ltr'>ausim,</span> <span class='ocrx_word' id='word_1_223' title='bbox 718 3766 868 3831; x_wconf 87' lang='lat' dir='ltr'>posui</span> <span class='ocrx_word' id='word_1_224' title='bbox 892 3766 943 3814; x_wconf 90' lang='lat' dir='ltr'>in</span> <span class='ocrx_word' id='word_1_225' title='bbox 975 3765 1341 3828; x_wconf 78' lang='lat' dir='ltr'>suspicionum</span> <span class='ocrx_word' id='word_1_226' title='bbox 1366 3763 1573 3812; x_wconf 85' lang='lat' dir='ltr'>libellis.</span> 
     </span>
     <span class='ocr_line' id='line_1_45' title="bbox 512 3845 717 3892; baseline -0.005 0"><span class='ocrx_word' id='word_1_227' title='bbox 512 3845 717 3892; x_wconf 75' lang='lat' dir='ltr'>Gruter.</span> 
     </span>
    </p>

    <p class='ocr_par' dir='ltr' id='par_1_9' title="bbox 507 3914 1573 4131">
     <span class='ocr_line' id='line_1_46' title="bbox 575 3914 1570 3981; baseline -0.002 -13"><span class='ocrx_word' id='word_1_228' title='bbox 575 3920 690 3968; x_wconf 73' lang='lat' dir='ltr'>Non</span> <span class='ocrx_word' id='word_1_229' title='bbox 712 3917 849 3981; x_wconf 77' lang='lat' dir='ltr'>quasi</span> <span class='ocrx_word' id='word_1_230' title='bbox 863 3914 1134 3978; x_wconf 73' lang='lat' dir='ltr'>contingas]</span> <span class='ocrx_word' id='word_1_231' title='bbox 1170 3917 1285 3964; x_wconf 81' lang='lat' dir='ltr'>Non</span> <span class='ocrx_word' id='word_1_232' title='bbox 1307 3916 1443 3978; x_wconf 80' lang='lat' dir='ltr'>quasi</span> <span class='ocrx_word' id='word_1_233' title='bbox 1462 3932 1570 3966; x_wconf 79' lang='lat' dir='ltr'>con·</span> 
     </span>
     <span class='ocr_line' id='line_1_47' title="bbox 507 3996 1573 4059; baseline -0.002 -13"><span class='ocrx_word' id='word_1_234' title='bbox 507 3997 665 4058; x_wconf 78' lang='lat' dir='ltr'>tingat</span> <span class='ocrx_word' id='word_1_235' title='bbox 697 3997 866 4047; x_wconf 80' lang='lat' dir='ltr'>Livin.</span> <span class='ocrx_word' id='word_1_236' title='bbox 902 3996 993 4044; x_wconf 89' lang='lat' dir='ltr'>sed</span> <span class='ocrx_word' id='word_1_237' title='bbox 1028 4011 1119 4045; x_wconf 77' lang='lat' dir='ltr'>non</span> <span class='ocrx_word' id='word_1_238' title='bbox 1148 3996 1283 4059; x_wconf 77' lang='lat' dir='ltr'>quasi</span> <span class='ocrx_word' id='word_1_239' title='bbox 1320 3997 1573 4057; x_wconf 76' lang='lat' dir='ltr'>contingas</span> 
     </span>
     <span class='ocr_line' id='line_1_48' title="bbox 507 4071 951 4131; baseline -0.002 -9"><span class='ocrx_word' id='word_1_240' title='bbox 507 4073 573 4122; x_wconf 82' lang='lat' dir='ltr'>V.</span> <span class='ocrx_word' id='word_1_241' title='bbox 598 4073 661 4123; x_wconf 89' lang='lat' dir='ltr'>C.</span> <span class='ocrx_word' id='word_1_242' title='bbox 687 4073 754 4120; x_wconf 86' lang='lat' dir='ltr'>R.</span> <span class='ocrx_word' id='word_1_243' title='bbox 787 4071 951 4131; x_wconf 78' lang='lat' dir='ltr'>Licin.</span> 
     </span>
    </p>

    <p class='ocr_par' dir='ltr' id='par_1_10' title="bbox 503 4147 1571 4366">
     <span class='ocr_line' id='line_1_49' title="bbox 576 4147 1571 4212; baseline 0.001 -16"><span class='ocrx_word' id='word_1_244' title='bbox 576 4148 686 4196; x_wconf 80' lang='lat' dir='ltr'>Non</span> <span class='ocrx_word' id='word_1_245' title='bbox 704 4147 840 4210; x_wconf 75' lang='lat' dir='ltr'>quasi</span> <span class='ocrx_word' id='word_1_246' title='bbox 855 4149 1125 4212; x_wconf 72' lang='lat' dir='ltr'>contingas]</span> <span class='ocrx_word' id='word_1_247' title='bbox 1145 4147 1342 4197; x_wconf 88' lang='lat' dir='ltr'>Iterum</span> <span class='ocrx_word' id='word_1_248' title='bbox 1367 4149 1571 4210; x_wconf 90' lang='lat' dir='ltr'>melius,</span> 
     </span>
     <span class='ocr_line' id='line_1_50' title="bbox 503 4224 1570 4290; baseline 0.004 -19"><span class='ocrx_word' id='word_1_249' title='bbox 503 4224 633 4272; x_wconf 79' lang='lat' dir='ltr'>inter</span> <span class='ocrx_word' id='word_1_250' title='bbox 675 4238 780 4284; x_wconf 72' lang='lat' dir='ltr'>uos,</span> <span class='ocrx_word' id='word_1_251' title='bbox 812 4238 896 4274; x_wconf 83' lang='lat' dir='ltr'>nos</span> <span class='ocrx_word' id='word_1_252' title='bbox 930 4225 1064 4288; x_wconf 77' lang='lat' dir='ltr'>quasi</span> <span class='ocrx_word' id='word_1_253' title='bbox 1098 4226 1384 4287; x_wconf 72' lang='lat' dir='ltr'>contingas:</span> <span class='ocrx_word' id='word_1_254' title='bbox 1428 4225 1570 4290; x_wconf 75' lang='lat' dir='ltr'>quasi</span> 
     </span>
     <span class='ocr_line' id='line_1_51' title="bbox 507 4301 1138 4366; baseline 0.002 -15"><span class='ocrx_word' id='word_1_255' title='bbox 507 4309 637 4351; x_wconf 78' lang='lat' dir='ltr'>unus</span> <span class='ocrx_word' id='word_1_256' title='bbox 663 4301 733 4352; x_wconf 85' lang='lat' dir='ltr'>sis</span> <span class='ocrx_word' id='word_1_257' title='bbox 755 4315 786 4352; x_wconf 85' lang='lat' dir='ltr'>e</span> <span class='ocrx_word' id='word_1_258' title='bbox 808 4302 972 4354; x_wconf 87' lang='lat' dir='ltr'>nobis.</span> <span class='ocrx_word' id='word_1_259' title='bbox 1003 4303 1138 4366; x_wconf 57' lang='grc' dir='ltr'>ἱέμε.</span> 
     </span>
    </p>
   </div>
   <div class='ocr_carea' id='block_1_3' title="bbox 1206 416 2022 466">
    <p class='ocr_par' dir='ltr' id='par_1_11' title="bbox 1206 416 2022 466">
     <span class='ocr_line' id='line_1_52' title="bbox 1206 416 2022 466; baseline -0.002 0"><span class='ocrx_word' id='word_1_260' title='bbox 1206 417 1423 466; x_wconf 78' lang='lat' dir='ltr'>No&#39;rAE</span> <span class='ocrx_word' id='word_1_261' title='bbox 1476 416 1888 465; x_wconf 79' lang='lat' dir='ltr'>VAR10RUM</span> <span class='ocrx_word' id='word_1_262' title='bbox 1942 417 2022 464; x_wconf 79' lang='grc' dir='ltr'>ΙΝ</span> 
     </span>
    </p>
   </div>
   <div class='ocr_carea' id='block_1_4' title="bbox 1656 555 2727 1461">
    <p class='ocr_par' dir='ltr' id='par_1_12' title="bbox 1658 555 2727 761">
     <span class='ocr_line' id='line_1_53' title="bbox 1728 555 2727 624; baseline -0.004 -15"><span class='ocrx_word' id='word_1_263' title='bbox 1728 560 1842 608; x_wconf 79' lang='lat' dir='ltr'>Non</span> <span class='ocrx_word' id='word_1_264' title='bbox 1867 559 2004 624; x_wconf 81' lang='lat' dir='ltr'>quasi</span> <span class='ocrx_word' id='word_1_265' title='bbox 2036 557 2314 622; x_wconf 78' lang='lat' dir='ltr'>contingas]</span> <span class='ocrx_word' id='word_1_266' title='bbox 2351 557 2520 607; x_wconf 85' lang='lat' dir='ltr'>Recte</span> <span class='ocrx_word' id='word_1_267' title='bbox 2559 555 2727 606; x_wconf 78' lang='lat' dir='ltr'>Lirin.</span> 
     </span>
     <span class='ocr_line' id='line_1_54' title="bbox 1659 632 2726 695; baseline -0.002 -13"><span class='ocrx_word' id='word_1_268' title='bbox 1659 650 1723 683; x_wconf 83' lang='lat' dir='ltr'>ex</span> <span class='ocrx_word' id='word_1_269' title='bbox 1761 638 2027 685; x_wconf 82' lang='lat' dir='ltr'>veteribus</span> <span class='ocrx_word' id='word_1_270' title='bbox 2062 636 2205 683; x_wconf 92' lang='lat' dir='ltr'>libris</span> <span class='ocrx_word' id='word_1_271' title='bbox 2232 634 2502 695; x_wconf 73' lang='lat' dir='ltr'>contingas,</span> <span class='ocrx_word' id='word_1_272' title='bbox 2531 632 2726 682; x_wconf 85' lang='lat' dir='ltr'>rectius</span> 
     </span>
     <span class='ocr_line' id='line_1_55' title="bbox 1658 708 2674 761; baseline -0.003 0"><span class='ocrx_word' id='word_1_273' title='bbox 1658 713 1813 761; x_wconf 84' lang='lat' dir='ltr'>etiam</span> <span class='ocrx_word' id='word_1_274' title='bbox 1839 713 1880 760; x_wconf 90' lang='lat' dir='ltr'>si</span> <span class='ocrx_word' id='word_1_275' title='bbox 1904 712 1962 759; x_wconf 77' lang='grc' dir='ltr'>τὸ</span> <span class='ocrx_word' id='word_1_276' title='bbox 1983 727 2072 760; x_wconf 74' lang='lat' dir='ltr'>noa</span> <span class='ocrx_word' id='word_1_277' title='bbox 2097 711 2395 760; x_wconf 81' lang='lat' dir='ltr'>delevisset.</span> <span class='ocrx_word' id='word_1_278' title='bbox 2431 708 2674 758; x_wconf 67' lang='lat' dir='ltr'>Rittersh.</span> 
     </span>
    </p>

    <p class='ocr_par' dir='ltr' id='par_1_13' title="bbox 1656 786 2727 1461">
     <span class='ocr_line' id='line_1_56' title="bbox 1725 786 2724 851; baseline -0.005 -13"><span class='ocrx_word' id='word_1_279' title='bbox 1725 790 1838 838; x_wconf 81' lang='lat' dir='ltr'>Nou</span> <span class='ocrx_word' id='word_1_280' title='bbox 1871 791 2008 851; x_wconf 78' lang='lat' dir='ltr'>quusi</span> <span class='ocrx_word' id='word_1_281' title='bbox 2039 788 2314 851; x_wconf 77' lang='lat' dir='ltr'>contingas]</span> <span class='ocrx_word' id='word_1_282' title='bbox 2351 787 2504 836; x_wconf 85' lang='lat' dir='ltr'>Hane</span> <span class='ocrx_word' id='word_1_283' title='bbox 2540 786 2724 834; x_wconf 86' lang='lat' dir='ltr'>lectio-</span> 
     </span>
     <span class='ocr_line' id='line_1_57' title="bbox 1658 863 2726 916; baseline -0.004 -1"><span class='ocrx_word' id='word_1_284' title='bbox 1658 882 1774 916; x_wconf 91' lang='lat' dir='ltr'>nem</span> <span class='ocrx_word' id='word_1_285' title='bbox 1820 867 2012 916; x_wconf 83' lang='lat' dir='ltr'>habent</span> <span class='ocrx_word' id='word_1_286' title='bbox 2059 876 2113 916; x_wconf 87' lang='lat' dir='ltr'>et</span> <span class='ocrx_word' id='word_1_287' title='bbox 2160 865 2470 915; x_wconf 83' lang='lat' dir='ltr'>confirmant</span> <span class='ocrx_word' id='word_1_288' title='bbox 2511 863 2726 915; x_wconf 76' lang='lat' dir='ltr'>codices</span> 
     </span>
     <span class='ocr_line' id='line_1_58' title="bbox 1657 940 2726 992; baseline -0.003 -1"><span class='ocrx_word' id='word_1_289' title='bbox 1657 943 1897 991; x_wconf 87' lang='lat' dir='ltr'>Vaticani</span> <span class='ocrx_word' id='word_1_290' title='bbox 1925 947 2069 991; x_wconf 78' lang='grc'><strong>1475.</strong></span> <span class='ocrx_word' id='word_1_291' title='bbox 2092 947 2238 992; x_wconf 79' lang='grc'><strong>1775.</strong></span> <span class='ocrx_word' id='word_1_292' title='bbox 2262 946 2408 992; x_wconf 85' lang='grc'><strong>1776.</strong></span> <span class='ocrx_word' id='word_1_293' title='bbox 2436 941 2601 990; x_wconf 83' lang='lat' dir='ltr'>codex</span> <span class='ocrx_word' id='word_1_294' title='bbox 2624 940 2726 989; x_wconf 83' lang='lat' dir='ltr'>Pa·</span> 
     </span>
     <span class='ocr_line' id='line_1_59' title="bbox 1658 1015 2726 1080; baseline -0.006 -11"><span class='ocrx_word' id='word_1_295' title='bbox 1658 1020 1906 1076; x_wconf 86' lang='lat' dir='ltr'>risiensis‚</span> <span class='ocrx_word' id='word_1_296' title='bbox 1965 1021 2220 1080; x_wconf 82' lang='lat' dir='ltr'>Venetus,</span> <span class='ocrx_word' id='word_1_297' title='bbox 2274 1015 2726 1079; x_wconf 79' lang='lat' dir='ltr'>salisburgensis3</span> 
     </span>
     <span class='ocr_line' id='line_1_60' title="bbox 1657 1090 2723 1157; baseline -0.006 -13"><span class='ocrx_word' id='word_1_298' title='bbox 1657 1096 1709 1144; x_wconf 92' lang='lat' dir='ltr'>in</span> <span class='ocrx_word' id='word_1_299' title='bbox 1733 1095 2023 1157; x_wconf 86' lang='lat' dir='ltr'>impressis,</span> <span class='ocrx_word' id='word_1_300' title='bbox 2043 1094 2381 1149; x_wconf 74' lang='lat' dir='ltr'>Puteolanus,</span> <span class='ocrx_word' id='word_1_301' title='bbox 2414 1090 2723 1146; x_wconf 84' lang='lat' dir='ltr'>Beroaldus,</span> 
     </span>
     <span class='ocr_line' id='line_1_61' title="bbox 1657 1167 2727 1233; baseline -0.007 -12"><span class='ocrx_word' id='word_1_302' title='bbox 1657 1171 1942 1233; x_wconf 82' lang='lat' dir='ltr'>Gryphius,</span> <span class='ocrx_word' id='word_1_303' title='bbox 1965 1169 2269 1232; x_wconf 78' lang='lat' dir='ltr'>Sichardus,</span> <span class='ocrx_word' id='word_1_304' title='bbox 2304 1169 2582 1223; x_wconf 84' lang='lat' dir='ltr'>Gruterus,</span> <span class='ocrx_word' id='word_1_305' title='bbox 2619 1167 2727 1215; x_wconf 76' lang='lat' dir='ltr'>Pu·</span> 
     </span>
     <span class='ocr_line' id='line_1_62' title="bbox 1657 1244 2724 1310; baseline -0.005 -13"><span class='ocrx_word' id='word_1_306' title='bbox 1657 1254 1860 1310; x_wconf 87' lang='lat' dir='ltr'>teanus,</span> <span class='ocrx_word' id='word_1_307' title='bbox 1898 1257 1954 1298; x_wconf 91' lang='lat' dir='ltr'>et</span> <span class='ocrx_word' id='word_1_308' title='bbox 1996 1248 2104 1296; x_wconf 92' lang='lat' dir='ltr'>alii.</span> <span class='ocrx_word' id='word_1_309' title='bbox 2172 1244 2278 1295; x_wconf 83' lang='lat' dir='ltr'>Alii</span> <span class='ocrx_word' id='word_1_310' title='bbox 2320 1245 2590 1300; x_wconf 86' lang='lat' dir='ltr'>exhibent,</span> <span class='ocrx_word' id='word_1_311' title='bbox 2627 1258 2724 1293; x_wconf 77' lang='lat' dir='ltr'>m</span> 
     </span>
     <span class='ocr_line' id='line_1_63' title="bbox 1656 1320 2723 1389; baseline -0.004 -16"><span class='ocrx_word' id='word_1_312' title='bbox 1656 1325 1792 1389; x_wconf 73' lang='lat' dir='ltr'>quasi</span> <span class='ocrx_word' id='word_1_313' title='bbox 1842 1324 2107 1385; x_wconf 75' lang='lat' dir='ltr'>contingat.</span> <span class='ocrx_word' id='word_1_314' title='bbox 2177 1321 2240 1370; x_wconf 85' lang='lat' dir='ltr'>In</span> <span class='ocrx_word' id='word_1_315' title='bbox 2287 1322 2420 1370; x_wconf 87' lang='lat' dir='ltr'>libro</span> <span class='ocrx_word' id='word_1_316' title='bbox 2464 1320 2723 1369; x_wconf 79' lang='lat' dir='ltr'>vossiano</span> 
     </span>
     <span class='ocr_line' id='line_1_64' title="bbox 1659 1396 2723 1461; baseline -0.005 -12"><span class='ocrx_word' id='word_1_317' title='bbox 1659 1408 1955 1450; x_wconf 87' lang='lat' dir='ltr'>annotatum</span> <span class='ocrx_word' id='word_1_318' title='bbox 1981 1408 2080 1461; x_wconf 84' lang='lat' dir='ltr'>est,</span> <span class='ocrx_word' id='word_1_319' title='bbox 2104 1406 2159 1448; x_wconf 74' lang='lat' dir='ltr'>ut</span> <span class='ocrx_word' id='word_1_320' title='bbox 2178 1398 2448 1459; x_wconf 74' lang='lat' dir='ltr'>contingas.</span> <span class='ocrx_word' id='word_1_321' title='bbox 2514 1396 2580 1445; x_wconf 92' lang='lat' dir='ltr'>In</span> <span class='ocrx_word' id='word_1_322' title='bbox 2604 1410 2723 1445; x_wconf 86' lang='lat' dir='ltr'>meo</span> 
     </span>
    </p>
   </div>
   <div class='ocr_carea' id='block_1_5' title="bbox 1656 1472 2796 1538">
    <p class='ocr_par' dir='ltr' id='par_1_14' title="bbox 1656 1472 2796 1538">
     <span class='ocr_line' id='line_1_65' title="bbox 1656 1472 2796 1538; baseline -0.001 -14"><span class='ocrx_word' id='word_1_323' title='bbox 1656 1476 1835 1525; x_wconf 87' lang='lat' dir='ltr'>codice</span> <span class='ocrx_word' id='word_1_324' title='bbox 1860 1477 2114 1538; x_wconf 85' lang='lat' dir='ltr'>scriptum</span> <span class='ocrx_word' id='word_1_325' title='bbox 2133 1481 2233 1538; x_wconf 90' lang='lat' dir='ltr'>est,</span> <span class='ocrx_word' id='word_1_326' title='bbox 2253 1473 2463 1522; x_wconf 76' lang='lat' dir='ltr'>ambulas</span> <span class='ocrx_word' id='word_1_327' title='bbox 2478 1472 2725 1534; x_wconf 71' lang='lat' dir='ltr'>internos,</span> <span class='ocrx_word' id='word_1_328' title='bbox 2789 1512 2796 1523; x_wconf 91' lang='lat'>.</span> 
     </span>
    </p>
   </div>
   <div class='ocr_carea' id='block_1_6' title="bbox 1644 1551 2724 4362">
    <p class='ocr_par' dir='ltr' id='par_1_15' title="bbox 1644 1551 2724 4362">
     <span class='ocr_line' id='line_1_66' title="bbox 1655 1551 2723 1612; baseline -0.003 -13"><span class='ocrx_word' id='word_1_329' title='bbox 1655 1557 1711 1600; x_wconf 80' lang='lat' dir='ltr'>ut</span> <span class='ocrx_word' id='word_1_330' title='bbox 1754 1552 1888 1612; x_wconf 79' lang='lat' dir='ltr'>quasi</span> <span class='ocrx_word' id='word_1_331' title='bbox 1941 1552 2207 1612; x_wconf 77' lang='lat' dir='ltr'>contingas.</span> <span class='ocrx_word' id='word_1_332' title='bbox 2276 1551 2389 1612; x_wconf 80' lang='lat' dir='ltr'>Ego</span> <span class='ocrx_word' id='word_1_333' title='bbox 2434 1562 2570 1598; x_wconf 87' lang='lat' dir='ltr'>nunc</span> <span class='ocrx_word' id='word_1_334' title='bbox 2613 1562 2723 1597; x_wconf 83' lang='lat' dir='ltr'>am·</span> 
     </span>
     <span class='ocr_line' id='line_1_67' title="bbox 1656 1625 2722 1691; baseline -0.001 -15"><span class='ocrx_word' id='word_1_335' title='bbox 1656 1629 1859 1691; x_wconf 90' lang='lat' dir='ltr'>plector</span> <span class='ocrx_word' id='word_1_336' title='bbox 1879 1628 2154 1677; x_wconf 86' lang='lat' dir='ltr'>lectionem</span> <span class='ocrx_word' id='word_1_337' title='bbox 2181 1627 2501 1689; x_wconf 87' lang='lat' dir='ltr'>superiorem</span> <span class='ocrx_word' id='word_1_338' title='bbox 2521 1642 2535 1686; x_wconf 86' lang='lat'><strong>;</strong></span> <span class='ocrx_word' id='word_1_339' title='bbox 2571 1625 2722 1689; x_wconf 81' lang='lat' dir='ltr'>cujus</span> 
     </span>
     <span class='ocr_line' id='line_1_68' title="bbox 1655 1702 2722 1766; baseline -0.003 -14"><span class='ocrx_word' id='word_1_340' title='bbox 1655 1718 1839 1752; x_wconf 85' lang='lat' dir='ltr'>caussa</span> <span class='ocrx_word' id='word_1_341' title='bbox 1862 1710 1942 1753; x_wconf 90' lang='lat' dir='ltr'>tot</span> <span class='ocrx_word' id='word_1_342' title='bbox 1967 1702 2189 1752; x_wconf 89' lang='lat' dir='ltr'>testibus</span> <span class='ocrx_word' id='word_1_343' title='bbox 2216 1702 2476 1757; x_wconf 87' lang='lat' dir='ltr'>innititur,</span> <span class='ocrx_word' id='word_1_344' title='bbox 2511 1706 2570 1749; x_wconf 88' lang='lat' dir='ltr'>et</span> <span class='ocrx_word' id='word_1_345' title='bbox 2605 1715 2722 1766; x_wconf 68' lang='lat' dir='ltr'>quo</span> 
     </span>
     <span class='ocr_line' id='line_1_69' title="bbox 1655 1774 2723 1841; baseline 0.001 -15"><span class='ocrx_word' id='word_1_346' title='bbox 1655 1791 1758 1826; x_wconf 90' lang='lat' dir='ltr'>non</span> <span class='ocrx_word' id='word_1_347' title='bbox 1814 1779 2238 1841; x_wconf 81' lang='lat' dir='ltr'>incongruentem</span> <span class='ocrx_word' id='word_1_348' title='bbox 2306 1774 2460 1825; x_wconf 77' lang='lat' dir='ltr'>affert</span> <span class='ocrx_word' id='word_1_349' title='bbox 2516 1784 2723 1827; x_wconf 85' lang='lat' dir='ltr'>senten·</span> 
     </span>
     <span class='ocr_line' id='line_1_70' title="bbox 1658 1851 2723 1916; baseline -0.004 -12"><span class='ocrx_word' id='word_1_350' title='bbox 1658 1856 1802 1905; x_wconf 82' lang='lat' dir='ltr'>tiam.</span> <span class='ocrx_word' id='word_1_351' title='bbox 1872 1855 1950 1903; x_wconf 81' lang='lat' dir='ltr'>Ea</span> <span class='ocrx_word' id='word_1_352' title='bbox 1993 1868 2180 1916; x_wconf 88' lang='lat' dir='ltr'>nempe</span> <span class='ocrx_word' id='word_1_353' title='bbox 2224 1860 2284 1902; x_wconf 91' lang='lat' dir='ltr'>ut</span> <span class='ocrx_word' id='word_1_354' title='bbox 2328 1853 2621 1916; x_wconf 83' lang='lat' dir='ltr'>plurimum</span> <span class='ocrx_word' id='word_1_355' title='bbox 2645 1851 2723 1901; x_wconf 81' lang='lat' dir='ltr'>di·</span> 
     </span>
     <span class='ocr_line' id='line_1_71' title="bbox 1655 1933 2724 1993; baseline -0.002 -11"><span class='ocrx_word' id='word_1_356' title='bbox 1655 1939 1847 1982; x_wconf 85' lang='lat' dir='ltr'>cuntur</span> <span class='ocrx_word' id='word_1_357' title='bbox 1889 1933 2180 1993; x_wconf 76' lang='lat' dir='ltr'>contingere,</span> <span class='ocrx_word' id='word_1_358' title='bbox 2218 1945 2333 1993; x_wconf 78' lang='lat' dir='ltr'>quae</span> <span class='ocrx_word' id='word_1_359' title='bbox 2376 1943 2441 1978; x_wconf 83' lang='lat' dir='ltr'>ex</span> <span class='ocrx_word' id='word_1_360' title='bbox 2486 1936 2625 1984; x_wconf 77' lang='lat' dir='ltr'>voto.</span> <span class='ocrx_word' id='word_1_361' title='bbox 2664 1935 2724 1980; x_wconf 85' lang='lat' dir='ltr'>et</span> 
     </span>
     <span class='ocr_line' id='line_1_72' title="bbox 1654 2006 2721 2072; baseline -0.005 -12"><span class='ocrx_word' id='word_1_362' title='bbox 1654 2017 1858 2072; x_wconf 85' lang='lat' dir='ltr'>optato,</span> <span class='ocrx_word' id='word_1_363' title='bbox 1905 2008 2182 2067; x_wconf 78' lang='lat' dir='ltr'>eveniunt3</span> <span class='ocrx_word' id='word_1_364' title='bbox 2225 2011 2335 2068; x_wconf 88' lang='lat' dir='ltr'>aut,</span> <span class='ocrx_word' id='word_1_365' title='bbox 2382 2013 2441 2055; x_wconf 89' lang='lat' dir='ltr'>ut</span> <span class='ocrx_word' id='word_1_366' title='bbox 2481 2006 2721 2056; x_wconf 83' lang='lat' dir='ltr'>Donatus</span> 
     </span>
     <span class='ocr_line' id='line_1_73' title="bbox 1655 2085 2723 2150; baseline 0 -16"><span class='ocrx_word' id='word_1_367' title='bbox 1655 2086 1721 2134; x_wconf 90' lang='lat' dir='ltr'>ad</span> <span class='ocrx_word' id='word_1_368' title='bbox 1768 2087 1978 2135; x_wconf 83' lang='lat' dir='ltr'>Terent.</span> <span class='ocrx_word' id='word_1_369' title='bbox 2023 2085 2188 2133; x_wconf 82' lang='lat' dir='ltr'>Andr.</span> <span class='ocrx_word' id='word_1_370' title='bbox 2226 2097 2303 2133; x_wconf 74' lang='lat' dir='ltr'>tv.</span> <span class='ocrx_word' id='word_1_371' title='bbox 2340 2087 2391 2133; x_wconf 78' lang='lat'>2.</span> <span class='ocrx_word' id='word_1_372' title='bbox 2436 2087 2517 2132; x_wconf 82' lang='lat' dir='ltr'>la.</span> <span class='ocrx_word' id='word_1_373' title='bbox 2553 2092 2723 2150; x_wconf 85' lang='lat' dir='ltr'>notat,</span> 
     </span>
     <span class='ocr_line' id='line_1_74' title="bbox 1656 2160 2721 2228; baseline 0.001 -16"><span class='ocrx_word' id='word_1_374' title='bbox 1656 2169 1671 2192; x_wconf 79' lang='lat'><strong><em>⁴</em></strong></span> <span class='ocrx_word' id='word_1_375' title='bbox 1697 2178 1812 2228; x_wconf 81' lang='lat' dir='ltr'>quae</span> <span class='ocrx_word' id='word_1_376' title='bbox 1851 2164 1935 2211; x_wconf 87' lang='lat' dir='ltr'>vix</span> <span class='ocrx_word' id='word_1_377' title='bbox 1971 2160 2259 2223; x_wconf 87' lang='lat' dir='ltr'>eveniunt,’</span> <span class='ocrx_word' id='word_1_378' title='bbox 2293 2162 2329 2210; x_wconf 88' lang='lat' dir='ltr'>i.</span> <span class='ocrx_word' id='word_1_379' title='bbox 2348 2176 2397 2210; x_wconf 91' lang='lat' dir='ltr'>e.</span> <span class='ocrx_word' id='word_1_380' title='bbox 2429 2163 2721 2225; x_wconf 86' lang='lat' dir='ltr'>interprete</span> 
     </span>
     <span class='ocr_line' id='line_1_75' title="bbox 1655 2238 2720 2289; baseline 0.001 -1"><span class='ocrx_word' id='word_1_381' title='bbox 1655 2240 1953 2288; x_wconf 87' lang='lat' dir='ltr'>Burmanno</span> <span class='ocrx_word' id='word_1_382' title='bbox 1999 2238 2062 2286; x_wconf 91' lang='lat' dir='ltr'>ad</span> <span class='ocrx_word' id='word_1_383' title='bbox 2100 2238 2353 2289; x_wconf 88' lang='lat' dir='ltr'>Quinctil.</span> <span class='ocrx_word' id='word_1_384' title='bbox 2387 2239 2622 2289; x_wconf 77' lang='lat' dir='ltr'>Deciani.</span> <span class='ocrx_word' id='word_1_385' title='bbox 2659 2253 2720 2289; x_wconf 85' lang='lat' dir='ltr'>x.</span> 
     </span>
     <span class='ocr_line' id='line_1_76' title="bbox 1652 2315 2719 2380; baseline 0 -15"><span class='ocrx_word' id='word_1_386' title='bbox 1652 2321 1703 2366; x_wconf 71' lang='lat'>2.</span> <span class='ocrx_word' id='word_1_387' title='bbox 1738 2316 1753 2343; x_wconf 88' lang='lat'>‘</span> <span class='ocrx_word' id='word_1_388' title='bbox 1778 2330 1894 2380; x_wconf 78' lang='lat' dir='ltr'>quae</span> <span class='ocrx_word' id='word_1_389' title='bbox 1920 2316 2004 2364; x_wconf 83' lang='lat' dir='ltr'>vix</span> <span class='ocrx_word' id='word_1_390' title='bbox 2040 2315 2285 2365; x_wconf 86' lang='lat' dir='ltr'>audemus</span> <span class='ocrx_word' id='word_1_391' title='bbox 2319 2330 2532 2379; x_wconf 87' lang='lat' dir='ltr'>sperare</span> <span class='ocrx_word' id='word_1_392' title='bbox 2565 2316 2719 2365; x_wconf 88' lang='lat' dir='ltr'>nobis</span> 
     </span>
     <span class='ocr_line' id='line_1_77' title="bbox 1654 2390 2720 2457; baseline 0 -16"><span class='ocrx_word' id='word_1_393' title='bbox 1654 2391 1946 2441; x_wconf 62' lang='lat' dir='ltr'>eventura!</span> <span class='ocrx_word' id='word_1_394' title='bbox 2012 2392 2101 2441; x_wconf 88' lang='lat' dir='ltr'>Sic</span> <span class='ocrx_word' id='word_1_395' title='bbox 2137 2393 2389 2457; x_wconf 80' lang='lat' dir='ltr'>verojam</span> <span class='ocrx_word' id='word_1_396' title='bbox 2414 2390 2720 2456; x_wconf 66' lang='lat' dir='ltr'>Agroetius,</span> 
     </span>
     <span class='ocr_line' id='line_1_78' title="bbox 1652 2469 2721 2533; baseline 0 -14"><span class='ocrx_word' id='word_1_397' title='bbox 1652 2471 1719 2519; x_wconf 85' lang='lat' dir='ltr'>de</span> <span class='ocrx_word' id='word_1_398' title='bbox 1755 2470 2164 2533; x_wconf 77' lang='lat' dir='ltr'>orthographia,</span> <span class='ocrx_word' id='word_1_399' title='bbox 2200 2484 2317 2533; x_wconf 84' lang='lat' dir='ltr'>pag.</span> <span class='ocrx_word' id='word_1_400' title='bbox 2337 2474 2486 2519; x_wconf 78' lang='lat'>2269.</span> <span class='ocrx_word' id='word_1_401' title='bbox 2523 2469 2721 2520; x_wconf 84' lang='lat' dir='ltr'>discer-</span> 
     </span>
     <span class='ocr_line' id='line_1_79' title="bbox 1653 2545 2723 2611; baseline -0.001 -16"><span class='ocrx_word' id='word_1_402' title='bbox 1653 2547 1731 2596; x_wconf 92' lang='lat' dir='ltr'>nit</span> <span class='ocrx_word' id='word_1_403' title='bbox 1785 2554 2021 2610; x_wconf 61' lang='lat' dir='ltr'>cognatas</span> <span class='ocrx_word' id='word_1_404' title='bbox 2077 2545 2467 2611; x_wconf 85' lang='lat' dir='ltr'>significationis</span> <span class='ocrx_word' id='word_1_405' title='bbox 2523 2545 2683 2595; x_wconf 77' lang='lat' dir='ltr'>verba</span> <span class='ocrx_word' id='word_1_406' title='bbox 2708 2563 2723 2594; x_wconf 71' lang='grc' dir='ltr'><strong>ε</strong></span> 
     </span>
     <span class='ocr_line' id='line_1_80' title="bbox 1651 2623 2718 2687; baseline -0.001 -14"><span class='ocrx_word' id='word_1_407' title='bbox 1651 2626 1667 2652; x_wconf 89' lang='lat'>‘</span> <span class='ocrx_word' id='word_1_408' title='bbox 1696 2625 2019 2687; x_wconf 81' lang='lat' dir='ltr'>Contingunt</span> <span class='ocrx_word' id='word_1_409' title='bbox 2055 2624 2222 2685; x_wconf 80' lang='lat' dir='ltr'>bona3</span> <span class='ocrx_word' id='word_1_410' title='bbox 2263 2623 2506 2672; x_wconf 89' lang='lat' dir='ltr'>accidunt</span> <span class='ocrx_word' id='word_1_411' title='bbox 2543 2623 2718 2684; x_wconf 77' lang='lat' dir='ltr'>mala3</span> 
     </span>
     <span class='ocr_line' id='line_1_81' title="bbox 1652 2699 2718 2764; baseline -0.002 -14"><span class='ocrx_word' id='word_1_412' title='bbox 1652 2701 1902 2750; x_wconf 84' lang='lat' dir='ltr'>eveniunt</span> <span class='ocrx_word' id='word_1_413' title='bbox 1935 2699 2195 2764; x_wconf 85' lang='lat' dir='ltr'>utraque.&#39;</span> <span class='ocrx_word' id='word_1_414' title='bbox 2261 2701 2331 2749; x_wconf 87' lang='lat' dir='ltr'>Et</span> <span class='ocrx_word' id='word_1_415' title='bbox 2360 2700 2485 2749; x_wconf 88' lang='lat' dir='ltr'>licet</span> <span class='ocrx_word' id='word_1_416' title='bbox 2511 2699 2718 2748; x_wconf 81' lang='lat' dir='ltr'>Seneca</span> 
     </span>
     <span class='ocr_line' id='line_1_82' title="bbox 1654 2777 2718 2840; baseline -0.003 -13"><span class='ocrx_word' id='word_1_417' title='bbox 1654 2779 1822 2840; x_wconf 86' lang='lat' dir='ltr'>Epist.</span> <span class='ocrx_word' id='word_1_418' title='bbox 1853 2790 1945 2826; x_wconf 83' lang='lat' dir='ltr'>cx.</span> <span class='ocrx_word' id='word_1_419' title='bbox 1969 2777 2183 2838; x_wconf 85' lang='lat' dir='ltr'>dixerit,</span> <span class='ocrx_word' id='word_1_420' title='bbox 2219 2783 2234 2805; x_wconf 87' lang='lat'>‘</span> <span class='ocrx_word' id='word_1_421' title='bbox 2254 2777 2418 2832; x_wconf 89' lang='lat' dir='ltr'>Scies,</span> <span class='ocrx_word' id='word_1_422' title='bbox 2440 2777 2589 2840; x_wconf 87' lang='lat' dir='ltr'>plura</span> <span class='ocrx_word' id='word_1_423' title='bbox 2612 2791 2718 2824; x_wconf 75' lang='lat' dir='ltr'>nia-</span> 
     </span>
     <span class='ocr_line' id='line_1_83' title="bbox 1652 2853 2721 2918; baseline -0.002 -15"><span class='ocrx_word' id='word_1_424' title='bbox 1652 2856 1701 2904; x_wconf 88' lang='lat' dir='ltr'>la</span> <span class='ocrx_word' id='word_1_425' title='bbox 1736 2856 2038 2917; x_wconf 82' lang='lat' dir='ltr'>contingere</span> <span class='ocrx_word' id='word_1_426' title='bbox 2072 2853 2240 2909; x_wconf 86' lang='lat' dir='ltr'>nobis,</span> <span class='ocrx_word' id='word_1_427' title='bbox 2272 2868 2421 2918; x_wconf 89' lang='lat' dir='ltr'>quam</span> <span class='ocrx_word' id='word_1_428' title='bbox 2457 2853 2721 2904; x_wconf 89' lang='lat' dir='ltr'>accidere.</span> 
     </span>
     <span class='ocr_line' id='line_1_84' title="bbox 1654 2927 2718 2981; baseline -0.005 0"><span class='ocrx_word' id='word_1_429' title='bbox 1654 2931 1873 2981; x_wconf 85' lang='lat' dir='ltr'>Quoties</span> <span class='ocrx_word' id='word_1_430' title='bbox 1897 2929 2031 2978; x_wconf 89' lang='lat' dir='ltr'>enim</span> <span class='ocrx_word' id='word_1_431' title='bbox 2055 2927 2324 2978; x_wconf 87' lang='lat' dir='ltr'>felicitatis</span> <span class='ocrx_word' id='word_1_432' title='bbox 2343 2943 2518 2978; x_wconf 68' lang='lat' dir='ltr'>cairan</span> <span class='ocrx_word' id='word_1_433' title='bbox 2541 2937 2593 2978; x_wconf 94' lang='lat' dir='ltr'>et</span> <span class='ocrx_word' id='word_1_434' title='bbox 2619 2929 2718 2977; x_wconf 83' lang='lat' dir='ltr'>ini·</span> 
     </span>
     <span class='ocr_line' id='line_1_85' title="bbox 1653 3004 2720 3068; baseline -0.002 -12"><span class='ocrx_word' id='word_1_435' title='bbox 1653 3006 1777 3056; x_wconf 89' lang='lat' dir='ltr'>tium</span> <span class='ocrx_word' id='word_1_436' title='bbox 1802 3004 1921 3067; x_wconf 77' lang='lat' dir='ltr'>fuit,</span> <span class='ocrx_word' id='word_1_437' title='bbox 1947 3004 2083 3068; x_wconf 87' lang='lat' dir='ltr'>quod</span> <span class='ocrx_word' id='word_1_438' title='bbox 2107 3005 2376 3054; x_wconf 85' lang='lat' dir='ltr'>calamitas</span> <span class='ocrx_word' id='word_1_439' title='bbox 2401 3004 2720 3054; x_wconf 82' lang='lat' dir='ltr'>vocabatur?</span> 
     </span>
     <span class='ocr_line' id='line_1_86' title="bbox 1653 3082 2716 3144; baseline -0.003 -11"><span class='ocrx_word' id='word_1_440' title='bbox 1653 3083 1870 3134; x_wconf 85' lang='lat' dir='ltr'>Quoties</span> <span class='ocrx_word' id='word_1_441' title='bbox 1895 3096 2079 3144; x_wconf 84' lang='lat' dir='ltr'>magna</span> <span class='ocrx_word' id='word_1_442' title='bbox 2114 3082 2458 3143; x_wconf 79' lang='lat' dir='ltr'>gratulatione</span> <span class='ocrx_word' id='word_1_443' title='bbox 2492 3091 2716 3144; x_wconf 83' lang='lat' dir='ltr'>excepta</span> 
     </span>
     <span class='ocr_line' id='line_1_87' title="bbox 1652 3157 2717 3221; baseline 0 -15"><span class='ocrx_word' id='word_1_444' title='bbox 1652 3173 1734 3206; x_wconf 94' lang='lat' dir='ltr'>res</span> <span class='ocrx_word' id='word_1_445' title='bbox 1758 3157 1973 3221; x_wconf 82' lang='lat' dir='ltr'>gradum</span> <span class='ocrx_word' id='word_1_446' title='bbox 2001 3158 2098 3206; x_wconf 86' lang='lat' dir='ltr'>sibi</span> <span class='ocrx_word' id='word_1_447' title='bbox 2134 3159 2326 3207; x_wconf 76' lang='lat' dir='ltr'>struxit</span> <span class='ocrx_word' id='word_1_448' title='bbox 2350 3158 2401 3206; x_wconf 93' lang='lat' dir='ltr'>in</span> <span class='ocrx_word' id='word_1_449' title='bbox 2428 3172 2664 3221; x_wconf 61' lang='lat' dir='ltr'>preceps</span> <span class='ocrx_word' id='word_1_450' title='bbox 2681 3157 2717 3206; x_wconf 78' lang='grc' dir='ltr'>ἓ·</span> 
     </span>
     <span class='ocr_line' id='line_1_88' title="bbox 1648 3233 2715 3295; baseline 0.001 -13"><span class='ocrx_word' id='word_1_451' title='bbox 1648 3233 1849 3282; x_wconf 88' lang='lat' dir='ltr'>Seneca</span> <span class='ocrx_word' id='word_1_452' title='bbox 1877 3242 2047 3281; x_wconf 84' lang='lat' dir='ltr'>tamen</span> <span class='ocrx_word' id='word_1_453' title='bbox 2071 3233 2153 3282; x_wconf 91' lang='lat' dir='ltr'>hic</span> <span class='ocrx_word' id='word_1_454' title='bbox 2178 3233 2243 3282; x_wconf 92' lang='lat' dir='ltr'>de</span> <span class='ocrx_word' id='word_1_455' title='bbox 2267 3234 2328 3282; x_wconf 91' lang='lat' dir='ltr'>iis</span> <span class='ocrx_word' id='word_1_456' title='bbox 2352 3233 2582 3295; x_wconf 84' lang='lat' dir='ltr'>loquitur</span> <span class='ocrx_word' id='word_1_457' title='bbox 2606 3249 2715 3283; x_wconf 89' lang='lat' dir='ltr'>ma-</span> 
     </span>
     <span class='ocr_line' id='line_1_89' title="bbox 1650 3307 2712 3371; baseline 0.001 -14"><span class='ocrx_word' id='word_1_458' title='bbox 1650 3310 1732 3370; x_wconf 89' lang='lat' dir='ltr'>lis,</span> <span class='ocrx_word' id='word_1_459' title='bbox 1771 3322 1882 3371; x_wconf 83' lang='lat' dir='ltr'>quae</span> <span class='ocrx_word' id='word_1_460' title='bbox 1922 3314 2014 3355; x_wconf 88' lang='lat' dir='ltr'>aut</span> <span class='ocrx_word' id='word_1_461' title='bbox 2049 3322 2114 3355; x_wconf 77' lang='lat' dir='ltr'>ex</span> <span class='ocrx_word' id='word_1_462' title='bbox 2150 3308 2268 3370; x_wconf 84' lang='lat' dir='ltr'>ipso</span> <span class='ocrx_word' id='word_1_463' title='bbox 2302 3307 2563 3357; x_wconf 87' lang='lat' dir='ltr'>hominum</span> <span class='ocrx_word' id='word_1_464' title='bbox 2589 3316 2712 3358; x_wconf 78' lang='lat' dir='ltr'>voto</span> 
     </span>
     <span class='ocr_line' id='line_1_90' title="bbox 1651 3384 2714 3438; baseline 0.001 -5"><span class='ocrx_word' id='word_1_465' title='bbox 1651 3385 1916 3438; x_wconf 80' lang='lat' dir='ltr'>eveniunt,</span> <span class='ocrx_word' id='word_1_466' title='bbox 1952 3391 2043 3434; x_wconf 90' lang='lat' dir='ltr'>aut</span> <span class='ocrx_word' id='word_1_467' title='bbox 2077 3384 2286 3434; x_wconf 90' lang='lat' dir='ltr'>tandem</span> <span class='ocrx_word' id='word_1_468' title='bbox 2318 3384 2585 3434; x_wconf 88' lang='lat' dir='ltr'>meliorem</span> <span class='ocrx_word' id='word_1_469' title='bbox 2625 3386 2714 3434; x_wconf 88' lang='lat' dir='ltr'>ha·</span> 
     </span>
     <span class='ocr_line' id='line_1_91' title="bbox 1650 3461 2716 3525; baseline 0.003 -16"><span class='ocrx_word' id='word_1_470' title='bbox 1650 3461 1774 3510; x_wconf 89' lang='lat' dir='ltr'>bent</span> <span class='ocrx_word' id='word_1_471' title='bbox 1828 3463 2044 3510; x_wconf 82' lang='lat' dir='ltr'>exitum.</span> <span class='ocrx_word' id='word_1_472' title='bbox 2113 3464 2249 3511; x_wconf 87' lang='lat' dir='ltr'>Dum</span> <span class='ocrx_word' id='word_1_473' title='bbox 2305 3462 2464 3525; x_wconf 81' lang='lat' dir='ltr'>igitur</span> <span class='ocrx_word' id='word_1_474' title='bbox 2509 3462 2716 3512; x_wconf 76' lang='lat' dir='ltr'>Plinius</span> 
     </span>
     <span class='ocr_line' id='line_1_92' title="bbox 1650 3538 2712 3602; baseline 0.001 -16"><span class='ocrx_word' id='word_1_475' title='bbox 1650 3538 1742 3595; x_wconf 84' lang='lat' dir='ltr'>ait,</span> <span class='ocrx_word' id='word_1_476' title='bbox 1765 3538 1994 3589; x_wconf 75' lang='lat' dir='ltr'>Ambulas</span> <span class='ocrx_word' id='word_1_477' title='bbox 2020 3539 2150 3588; x_wconf 77' lang='lat' dir='ltr'>inter</span> <span class='ocrx_word' id='word_1_478' title='bbox 2175 3553 2276 3601; x_wconf 80' lang='lat' dir='ltr'>nos,</span> <span class='ocrx_word' id='word_1_479' title='bbox 2306 3553 2401 3587; x_wconf 75' lang='lat' dir='ltr'>non</span> <span class='ocrx_word' id='word_1_480' title='bbox 2430 3538 2565 3602; x_wconf 75' lang='lat' dir='ltr'>quasi</span> <span class='ocrx_word' id='word_1_481' title='bbox 2599 3552 2712 3587; x_wconf 72' lang='lat' dir='ltr'>con-</span> 
     </span>
     <span class='ocr_line' id='line_1_93' title="bbox 1649 3616 2713 3678; baseline 0 -12"><span class='ocrx_word' id='word_1_482' title='bbox 1649 3618 1831 3678; x_wconf 76' lang='lat' dir='ltr'>tingas,</span> <span class='ocrx_word' id='word_1_483' title='bbox 1881 3618 1981 3667; x_wconf 88' lang='lat' dir='ltr'>hoc</span> <span class='ocrx_word' id='word_1_484' title='bbox 2022 3617 2185 3667; x_wconf 83' lang='lat' dir='ltr'>voluit</span> <span class='ocrx_word' id='word_1_485' title='bbox 2223 3616 2430 3666; x_wconf 84' lang='lat' dir='ltr'>dicere:</span> <span class='ocrx_word' id='word_1_486' title='bbox 2473 3617 2713 3667; x_wconf 79' lang='lat' dir='ltr'>Versaris</span> 
     </span>
     <span class='ocr_line' id='line_1_94' title="bbox 1647 3693 2717 3757; baseline 0 -14"><span class='ocrx_word' id='word_1_487' title='bbox 1647 3700 1702 3743; x_wconf 92' lang='lat' dir='ltr'>et</span> <span class='ocrx_word' id='word_1_488' title='bbox 1744 3694 1941 3742; x_wconf 85' lang='lat' dir='ltr'>incedis</span> <span class='ocrx_word' id='word_1_489' title='bbox 1987 3694 2124 3742; x_wconf 89' lang='lat' dir='ltr'>inter</span> <span class='ocrx_word' id='word_1_490' title='bbox 2165 3707 2277 3754; x_wconf 86' lang='lat' dir='ltr'>nos,</span> <span class='ocrx_word' id='word_1_491' title='bbox 2321 3707 2424 3742; x_wconf 93' lang='lat' dir='ltr'>non</span> <span class='ocrx_word' id='word_1_492' title='bbox 2464 3701 2521 3742; x_wconf 88' lang='lat' dir='ltr'>ut</span> <span class='ocrx_word' id='word_1_493' title='bbox 2563 3693 2717 3757; x_wconf 77' lang='lat' dir='ltr'>quasi</span> 
     </span>
     <span class='ocr_line' id='line_1_95' title="bbox 1645 3766 2714 3832; baseline 0 -14"><span class='ocrx_word' id='word_1_494' title='bbox 1645 3770 1896 3831; x_wconf 76' lang='lat' dir='ltr'>singulari</span> <span class='ocrx_word' id='word_1_495' title='bbox 1931 3777 1985 3819; x_wconf 92' lang='lat' dir='ltr'>et</span> <span class='ocrx_word' id='word_1_496' title='bbox 2032 3783 2147 3818; x_wconf 85' lang='lat' dir='ltr'>rara</span> <span class='ocrx_word' id='word_1_497' title='bbox 2176 3768 2398 3832; x_wconf 84' lang='lat' dir='ltr'>quadam</span> <span class='ocrx_word' id='word_1_498' title='bbox 2434 3766 2714 3831; x_wconf 82' lang='lat' dir='ltr'>felicitate,</span> 
     </span>
     <span class='ocr_line' id='line_1_96' title="bbox 1647 3843 2711 3909; baseline 0.001 -18"><span class='ocrx_word' id='word_1_499' title='bbox 1647 3859 1797 3909; x_wconf 88' lang='lat' dir='ltr'>quam</span> <span class='ocrx_word' id='word_1_500' title='bbox 1824 3851 2163 3906; x_wconf 86' lang='lat' dir='ltr'>expectemus</span> <span class='ocrx_word' id='word_1_501' title='bbox 2186 3843 2298 3906; x_wconf 88' lang='lat' dir='ltr'>diu,</span> <span class='ocrx_word' id='word_1_502' title='bbox 2333 3857 2395 3891; x_wconf 90' lang='lat' dir='ltr'>ac</span> <span class='ocrx_word' id='word_1_503' title='bbox 2433 3844 2521 3892; x_wconf 78' lang='lat' dir='ltr'>vix</span> <span class='ocrx_word' id='word_1_504' title='bbox 2560 3843 2711 3894; x_wconf 83' lang='lat' dir='ltr'>uobis</span> 
     </span>
     <span class='ocr_line' id='line_1_97' title="bbox 1647 3918 2713 3981; baseline 0.001 -13"><span class='ocrx_word' id='word_1_505' title='bbox 1647 3929 1948 3969; x_wconf 88' lang='lat' dir='ltr'>eventuram</span> <span class='ocrx_word' id='word_1_506' title='bbox 1987 3932 2201 3981; x_wconf 89' lang='lat' dir='ltr'>sperare</span> <span class='ocrx_word' id='word_1_507' title='bbox 2247 3918 2519 3981; x_wconf 87' lang='lat' dir='ltr'>possimus,</span> <span class='ocrx_word' id='word_1_508' title='bbox 2562 3920 2713 3969; x_wconf 81' lang='lat' dir='ltr'>nobis</span> 
     </span>
     <span class='ocr_line' id='line_1_98' title="bbox 1646 3994 2713 4057; baseline -0.001 -11"><span class='ocrx_word' id='word_1_509' title='bbox 1646 3997 1916 4057; x_wconf 86' lang='lat' dir='ltr'>obvenias,</span> <span class='ocrx_word' id='word_1_510' title='bbox 1932 4002 1985 4044; x_wconf 92' lang='lat' dir='ltr'>et</span> <span class='ocrx_word' id='word_1_511' title='bbox 2004 4005 2055 4043; x_wconf 86' lang='lat' dir='ltr'>te</span> <span class='ocrx_word' id='word_1_512' title='bbox 2071 3994 2496 4057; x_wconf 85' lang='lat' dir='ltr'>conspiciendum</span> <span class='ocrx_word' id='word_1_513' title='bbox 2515 3995 2713 4045; x_wconf 87' lang='lat' dir='ltr'>adeun-</span> 
     </span>
     <span class='ocr_line' id='line_1_99' title="bbox 1646 4068 2714 4136; baseline -0.001 -15"><span class='ocrx_word' id='word_1_514' title='bbox 1646 4073 1872 4136; x_wconf 89' lang='lat' dir='ltr'>dumque</span> <span class='ocrx_word' id='word_1_515' title='bbox 1915 4069 2181 4135; x_wconf 70' lang='lat' dir='ltr'>praebcas3</span> <span class='ocrx_word' id='word_1_516' title='bbox 2216 4069 2328 4130; x_wconf 79' lang='lat' dir='ltr'>scd,</span> <span class='ocrx_word' id='word_1_517' title='bbox 2374 4069 2513 4133; x_wconf 88' lang='lat' dir='ltr'>quod</span> <span class='ocrx_word' id='word_1_518' title='bbox 2552 4068 2714 4132; x_wconf 80' lang='lat' dir='ltr'>infra,</span> 
     </span>
     <span class='ocr_line' id='line_1_100' title="bbox 1648 4144 2712 4209; baseline -0.001 -12"><span class='ocrx_word' id='word_1_519' title='bbox 1648 4161 1843 4197; x_wconf 73' lang='lat' dir='ltr'>xnvnr.</span> <span class='ocrx_word' id='word_1_520' title='bbox 1861 4151 1910 4197; x_wconf 78' lang='lat'>2.</span> <span class='ocrx_word' id='word_1_521' title='bbox 1926 4146 2164 4209; x_wconf 81' lang='lat' dir='ltr'>legimus,</span> <span class='ocrx_word' id='word_1_522' title='bbox 2182 4151 2198 4174; x_wconf 81' lang='lat'>‘</span> <span class='ocrx_word' id='word_1_523' title='bbox 2215 4144 2312 4193; x_wconf 89' lang='lat' dir='ltr'>sibi</span> <span class='ocrx_word' id='word_1_524' title='bbox 2335 4145 2553 4209; x_wconf 82' lang='lat' dir='ltr'>quisque</span> <span class='ocrx_word' id='word_1_525' title='bbox 2574 4160 2712 4208; x_wconf 74' lang='lat' dir='ltr'>prae-</span> 
     </span>
     <span class='ocr_line' id='line_1_101' title="bbox 1644 4220 2715 4287; baseline -0.006 -14"><span class='ocrx_word' id='word_1_526' title='bbox 1644 4232 1770 4284; x_wconf 84' lang='lat' dir='ltr'>stat,</span> <span class='ocrx_word' id='word_1_527' title='bbox 1792 4222 1929 4286; x_wconf 80' lang='lat' dir='ltr'>quod</span> <span class='ocrx_word' id='word_1_528' title='bbox 1955 4230 2008 4271; x_wconf 93' lang='lat' dir='ltr'>te</span> <span class='ocrx_word' id='word_1_529' title='bbox 2027 4222 2217 4282; x_wconf 83' lang='lat' dir='ltr'>videat,</span> <span class='ocrx_word' id='word_1_530' title='bbox 2233 4221 2369 4284; x_wconf 88' lang='lat' dir='ltr'>quod</span> <span class='ocrx_word' id='word_1_531' title='bbox 2392 4228 2445 4269; x_wconf 87' lang='lat' dir='ltr'>te</span> <span class='ocrx_word' id='word_1_532' title='bbox 2463 4220 2715 4287; x_wconf 83' lang='lat' dir='ltr'>frequen.</span> 
     </span>
     <span class='ocr_line' id='line_1_102' title="bbox 1648 4296 2714 4362; baseline -0.001 -12"><span class='ocrx_word' id='word_1_533' title='bbox 1648 4307 1744 4362; x_wconf 87' lang='lat' dir='ltr'>tet,</span> <span class='ocrx_word' id='word_1_534' title='bbox 1765 4313 1827 4350; x_wconf 87' lang='lat' dir='ltr'>ac</span> <span class='ocrx_word' id='word_1_535' title='bbox 1851 4306 2001 4350; x_wconf 82' lang='lat' dir='ltr'>tanto</span> <span class='ocrx_word' id='word_1_536' title='bbox 2040 4297 2303 4348; x_wconf 84' lang='lat' dir='ltr'>liberalius</span> <span class='ocrx_word' id='word_1_537' title='bbox 2324 4303 2380 4346; x_wconf 90' lang='lat' dir='ltr'>et</span> <span class='ocrx_word' id='word_1_538' title='bbox 2403 4296 2597 4349; x_wconf 86' lang='lat' dir='ltr'>diutius</span> <span class='ocrx_word' id='word_1_539' title='bbox 2622 4314 2714 4349; x_wconf 78' lang='lat' dir='ltr'>vo·</span> 
     </span>
    </p>
   </div>
  </div>
 </body>
</html>
