3060 4902
758 375 830 427 c.
879 372 1127 424 emim
1177 372 1505 426 saeuum
1557 374 1837 423 ranae.
1908 373 1959 425 t.
2004 356 2115 424 28.

290 519 375 580 lis,
396 515 603 582 uptus
625 515 923 583 quadrata,
940 516 1217 582 aliqnando
1238 514 1403 571 hemi·

297 595 432 659 cycli
475 591 683 654 forma,
732 600 970 656 erectus,
1012 600 1070 642 et
1112 594 1166 643 in
1202 607 1402 643 summo

300 672 512 737 planus,
550 676 619 721 ut
654 670 713 719 in
738 684 807 719 eo
841 684 944 719 non
972 669 1139 719 solum
1161 669 1291 719 sella
1312 684 1399 720 cu·

306 747 434 798 ruiis
457 747 836 809 imperatoris,
859 752 952 796 aut
973 746 1403 809 magistratuum3

309 823 403 874 sed
427 832 487 873 et
508 824 626 882 alii,
665 821 898 871 maxime
937 822 1026 888 qui
1051 836 1082 871 a
1117 821 1402 872 ministerio

313 906 660 959 erant,·stare
685 904 917 963 possent.
975 897 1287 962 Hujusmodi
1310 899 1403 947 tri·

316 975 525 1026 bunalis
560 990 693 1024 usus
727 989 838 1024 non
872 975 1037 1024 solum
1061 974 1164 1025 fuit
1187 974 1240 1024 in
1270 973 1405 1038 foro,

321 1060 378 1103 et
422 1052 475 1102 in
521 1052 749 1101 basilica
791 1049 954 1116 Julia,
988 1052 1077 1101 ubi
1116 1052 1406 1116 agebantur

317 1128 527 1193 judicia
550 1143 568 1189 ς
590 1127 691 1176 sed
711 1126 870 1176 etiam
893 1128 946 1176 in
962 1127 1165 1188 castris,
1182 1128 1224 1176 si
1244 1140 1405 1191 quan·

327 1207 396 1255 do
413 1206 730 1267 imperator,
748 1210 839 1252 aut
848 1203 941 1266 jus
963 1203 1192 1260 dicebat,
1214 1211 1308 1251 aut
1331 1203 1404 1252 al·

325 1279 651 1338 loquebatur
684 1277 914 1338 milites;
944 1280 1068 1342 quin
1104 1284 1160 1328 et
1205 1278 1256 1326 in
1294 1275 1408 1326 aliis

329 1354 760 1406 solennitatibus.
826 1353 1026 1403 Plinius
1045 1353 1295 1417 hocloco,
1319 1353 1409 1402 ubi

329 1434 440 1497 agit
463 1432 534 1483 de
566 1431 781 1495 Trajani
814 1431 1095 1495 congiariis
1119 1438 1173 1480 et
1197 1430 1410 1479 alimen·

329 1511 421 1571 tis,
433 1508 798 1574 significanter
812 1507 1071 1557 meminit‘
1090 1505 1362 1556 tribunalis
1378 1505 1414 1557 ε’

333 1588 455 1655 quia
477 1589 790 1652 imperator,
809 1585 1149 1651 promissurus
1171 1591 1227 1634 et
1250 1584 1412 1647 assig-

336 1672 557 1715 naturus
589 1663 850 1728 ejusmodi
883 1660 1326 1711 extraordinarias
1351 1660 1414 1709 li‹

337 1739 670 1801 heralitates,
685 1737 904 1794 sedehat
919 1751 1073 1801 super
1095 1737 1219 1786 sella
1242 1736 1410 1786 curuli

334 1816 390 1866 in
420 1814 717 1866 istiusmodi
751 1820 1002 1878 suggestu
1038 1813 1227 1877 posita.
1292 1812 1412 1862 Hoc

336 1898 452 1940 erat
475 1889 728 1952 tribunal,
750 1888 888 1953 quod
924 1894 1303 1951 representem
1324 1902 1415 1936 ve-

338 1975 480 2019 tusta
515 1967 850 2023 numismata,
874 1965 926 2014 in
957 1965 1253 2015 memoriam
1292 1979 1413 2013 con·

338 2046 623 2112 giariorum
647 2052 705 2094 et
729 2044 1090 2093 alimentorum
1114 2057 1259 2093 cusa.
1303 2042 1414 2092 Un-

341 2123 410 2173 de
429 2122 558 2172 satis
577 2125 807 2177 constat,
827 2133 1082 2169 annonam
1106 2125 1164 2169 et
1198 2119 1415 2168 alimen·

343 2205 401 2248 ta
437 2213 548 2248 non
579 2197 647 2246 de
690 2197 846 2261 plano
878 2196 933 2245 iu
973 2194 1106 2257 foro,
1147 2209 1321 2260 neque
1362 2195 1416 2244 in

341 2276 596 2357 gradibus
620 2273 1011 2337 amphitheatri,
1043 2271 1207 2321 divisa
1231 2280 1288 2322 et
1312 2271 1418 2321 dis·

349 2351 552 2401 tributa
595 2363 708 2400 esse
754 2349 966 2413 populo.
1033 2349 1319 2398 Salmasius
1363 2348 1417 2398 in

343 2427 486 2478 notis
524 2425 593 2476 ad
627 2425 909 2490 Vopiscum
945 2424 998 2474 in
1035 2423 1337 2483 Aureliano,
1372 2439 1419 2477 c.

345 2509 429 2555 ³⁶.
469 2502 710 2564 tradidit,
739 2516 922 2553 omnes
968 2503 1082 2552 illas
1120 2503 1325 2567 argenti
1364 2508 1420 2553 et

343 2589 665 2632 tesserarum
699 2578 1154 2630 frumentariarum
1188 2580 1421 2644 largitio-

346 2673 462 2716 nes,
497 2672 562 2708 ac
594 2656 805 2718 deinde,
844 2656 1037 2706 secutis
1083 2655 1422 2720 temporibus,

351 2748 543 2800 panum
587 2733 886 2789 divisiones,
942 2733 992 2781 in
1036 2731 1423 2797 amphitheatri,

352 2813 438 2861 vel
500 2809 716 2868 theatri,
773 2808 1019 2873 gradibus
1074 2824 1190 2859 esse
1232 2808 1421 2860 factas.

351 2888 401 2940 A
437 2901 545 2953 qua
588 2887 855 2937 sententia
898 2886 1253 2936 discesserunt
1297 2886 1423 2950 Lip-

352 2964 480 3027 sius,
546 2962 926 3027 Gothot’redua,
998 2970 1055 3012 et
1121 2963 1424 3027 cumprimis

353 3037 735 3104 Spanhemins3
768 3039 856 3107 qui
892 3050 1181 3104 postremus
1214 3040 1423 3089 demon-

353 3124 509 3179 strat,
535 3117 587 3165 in
610 3117 831 3164 nummis
868 3117 1145 3180 veteribus,
1167 3116 1234 3166 ob
1257 3116 1424 3166 solen·

354 3195 578 3244 nitatem
615 3191 872 3256 ejusmodi
914 3193 1247 3256 largitionum
1307 3207 1425 3257 per·

354 3270 544 3325 cussis,
602 3269 836 3333 conspici
891 3277 1128 3319 erectum
1179 3268 1426 3324 tribunal,

351 3361 444 3397 seu
469 3352 790 3410 suggestum,
809 3360 924 3396 cum
948 3346 1221 3409 gradihus,
1239 3346 1424 3410 quihus

353 3425 420 3476 ad
444 3425 574 3474 illud
602 3422 1053 3484 adscendebatur3
1087 3425 1213 3474 item
1244 3423 1427 3475 seden-

356 3507 465 3552 tem
500 3500 558 3550 in
578 3500 742 3549 curuli
765 3499 1172 3565 imperatorem;
1206 3508 1426 3564 praeter·

354 3589 422 3626 ea
444 3583 649 3626 stantes
674 3590 837 3639 prope
871 3576 926 3625 in
959 3576 1139 3626 eodem
1177 3584 1427 3640 suggesto

356 3665 535 3714 unam,
569 3651 655 3700 vel
696 3653 887 3714 plures,
929 3666 1046 3701 cum
1092 3653 1294 3716 congio,
1337 3668 1428 3703 aut

359 3735 578 3784 tessera,
620 3725 848 3790 figuras3
890 3742 1007 3792 quae
1058 3725 1428 3777 frumentarias

360 3819 577 3869 nempe,
601 3810 694 3854 aut
727 3805 1041 3853 nummarias
1079 3812 1305 3854 tesseras
1328 3805 1432 3854 dis·

363 3880 688 3944 tribuerent5
702 3879 922 3943 singulis
952 3894 1047 3942 per
1081 3878 1290 3928 eosdem
1314 3894 1430 3944 gra-

361 3957 460 4006 dus
495 3957 611 4008 illas
649 3956 1043 4019 recipientibus.
1109 3957 1251 4006 Cave
1288 3971 1430 4021 vero,

362 4038 537 4098 putes,
559 4032 1088 4096 sempersordinariis
1125 4033 1283 4082 etiam
1305 4033 1431 4083 libe-

357 4110 672 4165 ralitatibus,
696 4115 752 4158 et
778 4106 1024 4177 frumenti
1049 4109 1432 4160 alimentorum-

353 4199 452 4255 que
472 4183 848 4245 divisionibus,
871 4185 1217 4248 imperatores
1239 4199 1433 4250 praese-

348 4264 483 4318 disse
516 4265 572 4315 in
621 4259 910 4312 tribunali:
947 4260 998 4308 id
1031 4258 1192 4312 tiebat
1231 4267 1433 4314 tautum

463 4343 666 4412 Delpls.
685 4344 742 4393 et
771 4340 891 4394 Ver.
921 4340 1053 4392 clas.

1330 4342 1519 4403 Paneg.
1551 4338 1662 4391 Vct.

2405 359 2535 427 577

1474 514 1529 566 in
1545 514 1975 567 extraordinariis
1994 516 2107 567 istis
2123 516 2540 584 solennitatibus,

1475 599 1534 644 et
1575 593 1894 656 cumprimis,
1935 592 2023 643 ubi
2068 594 2289 657 primum
2335 596 2538 647 civibus

1475 668 1919 733 promittebantur
1935 677 1991 719 et
2007 670 2409 734 assignabantur
2425 674 2541 737 ejus

1475 744 1681 808 generis
1718 760 1932 795 munera
1965 755 2021 796 et
2066 747 2337 798 beneficia.
2400 748 2540 801 Foro

1476 831 1653 872 autem
1683 821 1934 880 Romano,
1980 821 2116 873 iuter
2151 823 2269 880 alia,
2314 824 2541 877 vicinum

1478 896 1640 947 fuisse
1664 897 1916 962 ejusmodi
1953 907 2277 963 suggestum,
2309 902 2546 954 ostendit

1477 977 1815 1040 Spanhemius
1856 991 1922 1026 ex
1966 978 2081 1028 loco
2120 980 2264 1028 Flav·
2302 980 2546 1045 Josephi,

1481 1051 1570 1102 ubi
1612 1052 1807 1101 dicitur
1841 1051 2023 1115 ὑψηλόν
2052 1072 2110 1104 τε
2143 1054 2251 1105 ἐστὶ
2280 1055 2340 1105 τὸ
2369 1055 2545 1119 orl-yos

1482 1127 1548 1180 eis
1568 1128 1660 1187 τὴν
1685 1127 1865 1194 ἀγορὰν
1897 1129 2062 1195 φέρον,
2085 1132 2316 1182 Sublimis
2333 1149 2445 1184 cero
2472 1141 2547 1185 ess

1479 1206 1564 1257 fue
1581 1213 1855 1269 suggestus,
1874 1210 2048 1258 ducem
2063 1209 2115 1258 in
2125 1209 2310 1268 sorum.
2366 1210 2547 1260 Facile

1483 1289 1658 1331 tamen
1693 1282 1872 1342 credo,
1906 1279 2096 1334 deiude
2132 1287 2308 1349 plures
2343 1300 2440 1350 per
2462 1301 2548 1337 ur·

1484 1357 1564 1407 bis
1598 1357 1837 1421 regiones
1870 1360 2111 1410 extitisse
2137 1361 2395 1424 ejusmodi
2427 1377 2546 1424 sug·

1487 1442 1683 1498 gestus,
1706 1450 1797 1485 seu
1826 1436 2058 1486 tabulata
2088 1439 2318 1502 publica,
2350 1440 2404 1491 in
2434 1440 2548 1505 qui·

1487 1511 1583 1560 bus
1605 1517 1868 1560 steterunt
1887 1513 1979 1574 illi,
1999 1516 2084 1578 qui
2102 1530 2356 1565 annonam
2381 1525 2438 1565 et
2458 1517 2548 1567 ali·

1486 1596 1666 1637 menta
1692 1587 2068 1639 distribuerent
2092 1591 2306 1654 singulis
2332 1608 2361 1643 e
2386 1608 2550 1656 popu-

1486 1665 1559 1729 lo,
1582 1664 1767 1728 quibus
1789 1664 2043 1728 ejusmodi
2061 1666 2369 1718 beneficium
2391 1669 2551 1733 assig-

1487 1749 1669 1790 natum
1713 1748 1849 1805 erat,
1894 1741 2086 1791 viritim
2132 1750 2187 1792 et
2239 1746 2407 1806 palam
2455 1759 2551 1808 per

1488 1816 1679 1879 gradus
1701 1816 2152 1880 adscendentibus,
2176 1825 2331 1885 atque
2346 1822 2399 1871 iu
2414 1836 2553 1871 sum·

1488 1906 1575 1941 mo
1631 1891 1793 1955 gradu
1847 1907 2103 1944 annonam
2153 1897 2555 1960 accipientibus-s

1489 1967 1577 2017 Ad
1615 1969 1867 2032 ejusmodi
1900 1977 2219 2034 suggestum,
2252 1981 2307 2022 et
2341 1973 2553 2024 modum

1490 2045 1827 2110 dispensandi
1876 2048 2145 2112 congiaria
2189 2058 2245 2099 et
2289 2052 2553 2114 alimenta,

1491 2122 1724 2186 respexit
1759 2122 2014 2173 Prudent.
2051 2124 2171 2173 adv.
2198 2126 2492 2188 Symmaclt.
2515 2139 2555 2175 1.

1491 2200 1609 2247 ⁶89.
1644 2204 1659 2225 ³
1686 2198 1755 2246 Et
1790 2213 1942 2262 quem
1983 2201 2129 2263 panis
2164 2201 2261 2250 alit
2308 2202 2555 2264 gradibus

1491 2273 1766 2336 dispensus
1792 2274 1855 2323 ab
1879 2274 2039 2324 altis!

1494 2349 1667 2398 tinent
1687 2350 1975 2400 locutiones
2000 2350 2120 2407 inae,
2137 2352 2187 2399 in
2205 2352 2555 2417 inscriptioni·

1493 2426 1588 2477 bus
1614 2424 1861 2491 antiquis,
1894 2425 1946 2476 in
1972 2426 2155 2477 codice
2184 2427 2558 2494 Theodosiano,

1495 2510 1551 2552 et
1574 2502 1718 2560 alibi,
1744 2502 1932 2565 obviae,
1965 2516 2077 2552 nnn
2097 2517 2314 2555 cnanvs
2350 2518 2557 2568 mvtsA,

1496 2593 1558 2631 ut
1583 2591 1888 2643 cmntavs,
1920 2591 2010 2630 aut
2047 2594 2226 2631 naues
2263 2595 2562 2647 anamma,

1495 2656 1585 2721 qui
1610 2656 1816 2705 demum
1840 2658 1904 2706 ab
1929 2658 2201 2708 Aureliani
2240 2660 2560 2723 temporibus

1497 2732 1741 2784 distribui
1772 2742 2062 2799 coeperunt.
2129 2736 2231 2786 11ae
2270 2745 2445 2787 autem
2486 2739 2563 2786 lo-

1497 2809 1688 2874 quendi
1714 2809 1948 2861 formuloe
1974 2812 2258 2876 respiciunt
2282 2814 2397 2863 illos
2421 2814 2562 2877 ipsos

1498 2884 1711 2949 gradus,
1753 2893 1876 2934 ante
1933 2888 2202 2937 sublimem
2259 2897 2560 2951 suggestum

1498 2969 1721 3018 erectos,
1746 2976 1776 3010 e
1809 2961 1997 3025 quibus
2034 2970 2244 3010 tesserae
2280 2961 2564 3012 frumenta·

1498 3038 1610 3092 riae,
1645 3044 1735 3085 aut
1769 3037 2094 3097 nuuimariae,
2118 3052 2179 3086 ae
2215 3037 2407 3087 deinde
2431 3042 2563 3102 “pa-

1497 3127 1592 3162 nes
1638 3112 1898 3176 gradiles,’
1941 3112 2331 3163 dividebantur.
2399 3114 2562 3164 Plura

1499 3189 1566 3238 de
1602 3190 1701 3239 itoc
1735 3199 2044 3253 argumento
2079 3198 2382 3254 suggerunt.
2404 3206 2566 3256 quan·

1502 3279 1654 3327 qnam
1678 3279 1783 3314 non
1812 3264 1993 3315 eadem
2029 3266 2563 3328 sententia,Turneb.

1501 3338 1728 3388 Advers.
1761 3353 1923 3390 xxvt.
1958 3344 2041 3390 34.
2077 3342 2219 3405 Lips.
2261 3344 2491 3393 Elector.
2525 3357 2567 3392 r.

1500 3420 1553 3466 8.
1583 3422 1639 3464 et
1666 3415 1732 3464 de
1758 3415 2055 3477 Magnitud.
2083 3416 2232 3467 Rom.
2256 3431 2321 3467 n.
2347 3422 2428 3466 1⁰.
2461 3420 2567 3468 Cu·

1493 3493 1607 3557 jac.
1651 3493 1785 3542 Obs.
1819 3505 1989 3541 xxvt.
2027 3495 2107 3542 17.
2139 3492 2328 3543 Jacob.
2367 3494 2567 3545 Gotho-

1502 3568 1639 3619 fred.
1684 3568 1750 3618 ad
1796 3568 1923 3617 Coti.
1956 3568 2211 3619 Theodos.
2247 3568 2313 3618 de
2351 3572 2567 3621 annonis

1502 3647 1703 3708 civicis,
1725 3652 1780 3695 et
1797 3658 1932 3708 pane
1956 3643 2143 3707 gradili
2164 3660 2178 3705 3
2215 3644 2451 3709 inprimis
2475 3662 2568 3697 au-

1505 3730 1612 3775 tem
1635 3722 1915 3786 Spanhem.
1936 3719 2002 3770 de
2028 3722 2221 3771 Praest.
2244 3731 2298 3772 et
2320 3724 2431 3772 Usu
2458 3724 2571 3772 Nu·

1504 3798 1673 3849 mism.
1698 3806 1823 3848 tom.
1843 3812 1907 3847 tt.
1933 3813 1984 3862 p.
2007 3801 2122 3847 531.
2146 3813 2292 3862 seqq.
2327 3799 2481 3849 Idem.

1574 3875 1905 3925 Gaudentibus
1933 3875 2170 3939 guadeas]
2205 3874 2335 3924 Hoec
2367 3875 2570 3930 addidit

1506 3952 1731 4014 Plinius,
1775 3959 1834 4001 ut
1888 3951 2205 4006 ostenderet,
2249 3953 2570 4016 congiarium

1506 4028 1727 4094 Trajani
1757 4027 1965 4079 omnino
1988 4026 2231 4077 habuisse
2256 4027 2357 4077 vim
2390 4037 2444 4079 et
2477 4044 2572 4080 na·

1509 4112 1678 4157 turam
1716 4104 1826 4154 veri
1865 4101 2129 4153 beneficii:
2168 4109 2353 4165 utpote
2387 4103 2476 4168 qui
2514 4103 2570 4154 id

1509 4195 1614 4233 non
1637 4189 1725 4232 aut
1742 4180 1964 4245 superbe
1986 4178 2230 4242 injecerit
2249 4180 2455 4242 populo,
2479 4189 2572 4233 aut

1511 4259 1678 4310 iratus
1723 4255 2021 4327 impegerit,
2051 4261 2143 4305 aut
2182 4253 2483 4322 difficulter,
2513 4265 2571 4318 et

2323 4334 2438 4386 20

2109 2277 2226 2327 Quo
2261 2277 2417 2327 etiam
2442 2293 2558 2342 per·
2642 2311 2660 2332 t
