3060 4902
522 380 656 451 546

521 541 706 592 brariis
743 539 955 592 omissas
985 552 1117 603 esse,
1138 537 1225 603 qui
1255 537 1307 587 iu
1340 535 1588 601 proximis

526 617 693 669 verbis
751 617 1032 667 omiserant
1091 614 1394 666 vocabulum
1450 614 1590 670 oris:

522 703 825 759 propterea,
851 693 987 759 quod
1023 694 1101 742 sic
1135 692 1273 741 nulla
1307 689 1462 742 facile
1498 704 1588 752 ap·

523 778 736 835 pareret
758 771 939 820 relatio
963 777 1161 831 mutua,
1180 769 1280 816 ort's
1306 779 1361 817 et
1381 769 1588 817 dextra.

523 847 720 897 Nescio
746 861 885 908 vero,
906 860 999 895 cur
1022 844 1220 895 eaedem
1247 858 1399 894 voces
1433 844 1590 893 nihilo

521 924 688 974 minus
723 922 1017 973 exciderint
1051 922 1208 971 etiam
1250 936 1316 971 ex
1353 921 1588 970 omuibus

522 999 711 1049 nostris
730 997 997 1049 codicibus
1019 998 1146 1046 Mss.
1166 998 1216 1046 in
1235 997 1415 1061 quibus
1435 997 1589 1059 plene

522 1075 775 1139 scriptum
812 1081 914 1139 est,
948 1091 1053 1138 (ιω
1081 1075 1216 1139 prior
1246 1075 1347 1124 oris
1375 1075 1589 1123 humani-

523 1158 628 1209 ἔως
664 1166 780 1202 cum
818 1159 1011 1214 tamen,
1040 1151 1177 1214 quod
1214 1160 1357 1199 recte
1381 1149 1591 1213 judicat

521 1227 857 1291 Arntzeuius,
887 1228 1128 1277 ‘omniuo
1163 1228 1370 1290 sapiant
1403 1225 1588 1276 dictio·

522 1319 641 1354 nem
688 1305 998 1363 Plinianam,
1040 1312 1096 1354 ut
1139 1303 1218 1352 vel
1259 1305 1371 1352 sola
1409 1303 1496 1351 illa
1532 1317 1588 1351 re

521 1394 635 1430 sese
668 1382 803 1430 tueri
837 1380 1055 1443 possint,
1078 1379 1282 1429 etiamsi
1315 1379 1496 1430 relatio
1522 1379 1588 1429 ad

522 1458 791 1522 superiora
812 1458 969 1508 verba
989 1457 1235 1508 abesset.'
1282 1457 1589 1520 cuspiniani

521 1536 798 1584 lectionem
818 1536 1079 1598 amplexus
1098 1542 1197 1596 est,
1214 1533 1429 1597 aliisque
1450 1549 1588 1583 com·

519 1609 785 1659 mendavit
814 1610 1038 1672 Lipsius,
1062 1617 1118 1658 et
1140 1624 1253 1658 eam
1286 1609 1352 1657 ad
1377 1618 1587 1658 antece·

520 1685 696 1734 dentis
729 1684 888 1735 verba
919 1682 1240 1733 referendam
1273 1699 1387 1733 esse
1413 1692 1590 1733 osteu-

521 1759 626 1809 dit:
668 1767 682 1788 ¹
709 1761 819 1810 Ore
852 1761 1080 1809 osculum
1115 1760 1321 1820 reddis3
1356 1760 1587 1809 humaui-

521 1843 601 1884 tas
619 1835 721 1884 oris
738 1842 847 1895 est;
879 1835 1118 1885 dextram
1137 1835 1463 1885 osculandam
1484 1850 1588 1885 non

521 1908 708 1970 offers3
746 1911 947 1960 dextrae
968 1910 1285 1960 verecundia
1300 1911 1417 1961 est.'
1467 1911 1588 1960 For·

521 1995 660 2037 tasse
687 1987 887 2037 Plinius
911 1987 986 2036 sic
1011 1988 1161 2037 simul
1180 1987 1405 2052 oblique,
1421 1994 1476 2037 et
1496 2003 1591 2051 per

520 2061 757 2127 figuram,
783 2064 958 2128 tetigit
991 2064 1286 2127 exemplum
1322 2063 1591 2127 Caligulas,

522 2141 629 2201 qui,
652 2138 917 2190 referente
948 2140 1164 2190 Sueton.
1188 2155 1236 2190 c.
1263 2145 1341 2189 66.
1412 2140 1590 2189 Cassio

522 2216 775 2272 Chaereae,
810 2217 1017 2267 tribuno
1051 2216 1275 2266 cohortis
1312 2217 1591 2282 pretoriae‚

521 2294 536 2320 ⁸
561 2309 624 2342 ex
650 2293 821 2358 aliqua
844 2308 1031 2344 caussa
1063 2293 1238 2356 agenti
1263 2294 1473 2356 gratias,
1496 2294 1591 2343 mi-

523 2385 619 2419 nus
666 2370 958 2425 verecunde
1004 2371 1332 2420 osculandam
1383 2385 1591 2421 manum

520 2447 728 2510 obtulit,
764 2446 1034 2498 formatam
1081 2457 1492 2515 commotamque
1536 2450 1589 2500 in

522 2524 817 2574 obscoenum
876 2524 1125 2575 modum.’
1224 2525 1592 2588 significanter

523 2609 697 2649 autem
720 2603 736 2629 ‘
761 2600 997 2649 dextram
1014 2600 1026 2622 ’
1060 2602 1304 2658 nominat,
1327 2616 1445 2652 cum
1477 2605 1592 2668 ejus

522 2677 804 2726 avunculus
842 2676 985 2726 Hist.
1014 2677 1138 2727 Nat.
1163 2692 1242 2728 xt.
1264 2684 1346 2728 4⁶.
1371 2680 1586 2744 scripse-

523 2752 609 2805 rit,
645 2760 659 2781 ¹
680 2751 824 2801 Inest
856 2760 911 2802 et
940 2751 1053 2801 aliis
1087 2754 1321 2816 partibus
1353 2756 1590 2819 quadam

522 2828 741 2892 religio;
788 2831 924 2879 sicut
962 2830 1146 2879 dextra
1181 2833 1371 2881 osculis
1410 2847 1592 2881 aversa

524 2909 823 2970 appetitur;
858 2908 910 2956 iu
934 2908 1037 2957 fide
1058 2909 1376 2972 porrigitur-⁹
1408 2910 1562 2959 Idem.

587 2984 794 3033 Dextra
821 2985 1127 3048 verecundia]
1168 2986 1264 3035 Hae
1296 2986 1414 3036 duae
1442 3001 1595 3035 voces

523 3078 553 3111 a
585 3068 732 3112 textu
765 3064 983 3113 Livineii
1013 3066 1231 3126 ehsuut3
1267 3064 1358 3114 sed
1390 3079 1477 3113 eas
1506 3064 1593 3113 ha·

524 3139 615 3188 bet
639 3141 699 3188 C.
732 3140 900 3188 Livia.

577 3216 785 3265 Dextra
799 3215 1104 3278 verecundia]
1131 3218 1480 3268 osculandam
1501 3217 1592 3266 da·

525 3292 650 3342 bant
687 3293 926 3341 dextram
963 3294 1181 3357 civibus,
1209 3300 1450 3358 tanquam
1483 3308 1592 3343 ser·

526 3368 619 3417 vis.
684 3368 792 3417 Soli
817 3369 953 3418 euim
979 3371 1113 3420 servi
1140 3386 1341 3433 manus,
1365 3371 1449 3420 slii
1472 3385 1592 3419 ocu·

522 3443 621 3506 los,
639 3443 725 3493 alii
747 3445 957 3507 collum,
978 3448 1362 3496 osculabantur.
1410 3447 1594 3495 Senec.

524 3520 694 3583 Epist.
732 3524 815 3571 47.
852 3519 1063 3570 Arrian.
1106 3535 1166 3572 ιι.
1207 3526 1288 3571 20.
1366 3520 1593 3569 Invsluit

527 3601 700 3644 tamen
727 3603 928 3658 postea,
951 3604 1007 3646 ut
1027 3605 1076 3645 et
1105 3599 1450 3660 potentiorum
1487 3612 1593 3646 ma·

523 3685 619 3720 nus
659 3672 832 3721 osculo
870 3671 1169 3721 libarentur.
1239 3673 1504 3723 Plutarch.
1540 3673 1593 3722 in

525 3748 712 3798 Caton.
735 3748 1014 3800 Hotoman.
1040 3749 1322 3799 observat.
1346 3751 1466 3798 Vet.
1489 3750 1595 3800 Rit.

526 3826 696 3889 Nupt.
720 3839 766 3875 c.
789 3829 840 3874 2.
864 3825 1006 3888 Lips.
1029 3825 1199 3874 Elect.
1223 3839 1284 3875 ιι.
1308 3830 1357 3876 6.
1390 3826 1546 3876 Beris.

591 3902 846 3951 Incedebus
870 3902 1090 3967 pedibus]
1126 3902 1335 3964 Magno
1365 3902 1504 3951 laudi
1536 3911 1593 3953 et

525 3976 702 4039 glorie
727 3975 1016 4027 ducebatur
1041 3978 1265 4042 antiquis
1291 3978 1524 4039 ducibus,
1539 3986 1593 4030 et

525 4052 945 4115 imperatoribus,
966 4053 1011 4103 si
1045 4054 1249 4118 quaudo
1280 4054 1485 4118 pedites
1517 4056 1593 4105 iu-

524 4125 793 4178 cederent.
857 4127 1013 4179 Sillus
1052 4143 1091 4177 ι.
1128 4133 1243 4179 242.
1287 4129 1350 4178 de
1391 4130 1589 4182 Hauni-

529 4201 681 4252 bale:
736 4211 751 4233 ³
784 4204 992 4255 Primus
1043 4207 1288 4257 sumsisse
1344 4208 1590 4266 laborem,

527 4277 736 4329 Primus
793 4280 896 4332 iter
939 4283 1196 4349 carpsisse
1241 4285 1451 4350 pedes.'
1518 4288 1591 4339 Et

1222 393 1440 443 NOTAE
1489 389 1834 441 VAltloRu
1850 390 1897 438 Μ
1951 389 2030 439 ΙΝ

1666 549 1739 586 vs.
1759 539 1877 586 249.
1917 535 1932 563 ‘
1960 533 2138 585 Celsus
2160 539 2215 583 et
2246 532 2297 582 iu
2322 546 2509 596 magno
2532 546 2735 597 prece·

1665 611 1793 660 dens
1828 611 2030 674 agmine
2064 610 2273 671 ductor,
2296 610 2579 673 Imperium
2616 623 2736 673 per-

1663 687 1802 738 ferre
1833 687 2014 737 suum.⁹
2078 690 2163 738 De
2200 689 2277 737 M.
2302 687 2501 737 Catone
2524 688 2735 737 Seneca

1666 764 1836 826 Epist.
1869 778 1983 813 civ.
2012 764 2212 824 scribit,
2244 765 2260 791 ⁸
2287 764 2397 812 Per
2429 763 2625 812 medias
2657 761 2732 813 A·

1663 838 1812 890 fricae
1834 842 2137 891 solitudines
2161 840 2323 904 pedes
2345 840 2498 891 duxit
2529 840 2735 890 exerci-

1668 916 1813 967 tum.'
1879 919 2038 967 Plura
2072 919 2219 982 hujus
2254 919 2456 983 generis
2490 917 2735 982 exempla

1666 994 1873 1058 collegit
1891 995 2048 1045 Grut.
2063 995 2296 1044 Discurs.
2312 994 2472 1044 Polit.
2485 994 2551 1043 ad
2566 995 2739 1044 Tacit.

1666 1085 1712 1122 c.
1736 1077 1818 1120 16.
1842 1069 1926 1120 ubi
1950 1071 2123 1134 docet,
2144 1072 2160 1099 ‘
2187 1072 2562 1135 Imperatorem
2598 1086 2736 1135 prm·

1667 1154 1877 1197 euntem
1913 1149 2054 1198 nullo
2086 1162 2210 1198 casu
2237 1148 2452 1198 destitui
2480 1163 2509 1196 a
2532 1145 2738 1198 milite:

1667 1223 1834 1275 Quem
1860 1238 2054 1273 morem
2078 1226 2234 1274 etiam
2260 1223 2598 1273 imitabantur
2620 1224 2735 1288 qui·

1667 1298 1784 1348 darn
1808 1299 2151 1350 Romanorum
2172 1301 2535 1364 imperatores.
2566 1301 2735 1350 Tacit.

1670 1374 1815 1425 Hist.
1855 1389 1922 1425 ιι.
1960 1381 2039 1426 ll.
2079 1376 2145 1426 de
2184 1378 2415 1439 Othone,
2451 1385 2466 1408 ·
2492 1379 2607 1428 Nec
2659 1378 2735 1427 illi

1666 1465 1842 1515 segne,
1862 1458 1953 1501 aut
1981 1459 2280 1517 corruptum
2303 1453 2448 1516 luxu,
2470 1454 2601 1516 iter;
2637 1454 2734 1504 sed

1666 1529 1832 1579 lorica
1867 1526 2041 1579 ferrea
2076 1544 2198 1579 usus
2227 1537 2327 1591 est,
2352 1538 2408 1579 et
2435 1538 2555 1581 ante
2584 1532 2736 1594 sigua

1667 1604 1946 1667 pedester?
2013 1607 2298 1670 Trajauum
2328 1608 2483 1656 etiarn
2515 1607 2735 1671 pedihus

1666 1679 1766 1730 iter
1800 1678 1982 1731 secisse
2015 1696 2130 1731 cum
2156 1684 2411 1740 exercitu,
2433 1683 2734 1747 xiphilinus

1665 1771 1729 1805 ex
1755 1757 1942 1819 Dione,
1969 1775 2017 1821 p.
2034 1764 2149 1809 781.
2171 1768 2225 1809 et
2248 1774 2419 1822 supra,
2447 1774 2503 1810 x.
2524 1764 2574 1809 8.
2621 1761 2735 1810 Pli-

1666 1832 1781 1882 nius
1804 1843 1980 1885 uoster
2009 1844 2283 1886 testantur.
2351 1837 2497 1887 Idem
2533 1837 2736 1888 Plinius

1669 1921 1818 1958 xxn.
1857 1914 1908 1961 2.
1955 1911 2138 1968 innuit,
2185 1912 2462 1975 Trajsnum
2511 1926 2734 1976 quoque,

1666 1999 1781 2034 cum
1830 1988 2049 2050 primurn
2094 1989 2378 2053 imperator
2420 1989 2738 2051 adventarit,

1669 2062 1984 2128 pedestrem,
2007 2072 2061 2114 et
2095 2066 2205 2115 sola
2238 2066 2471 2130 corporis
2502 2067 2735 2130 proceri·

1669 2146 1778 2189 tate
1823 2142 2177 2207 excelsiorem,
2221 2142 2401 2193 urbem
2451 2143 2738 2193 solenniter

1669 2216 1957 2281 ingressum
1988 2232 2119 2268 esse.
2187 2218 2341 2269 Nunc
2372 2217 2592 2269 eundem
2626 2220 2736 2268 lau-

1670 2291 1779 2350 dat,
1803 2293 1941 2358 quod
1966 2302 2021 2343 et
2044 2294 2095 2344 in
2121 2308 2269 2358 pace,
2292 2304 2349 2345 et
2373 2295 2422 2343 in
2446 2296 2561 2360 ipsa
2585 2295 2739 2359 urbe,

1667 2369 1888 2435 pedihus
1922 2371 2220 2433 incesserit;
2259 2379 2316 2422 ut
2348 2372 2553 2422 scilicet
2575 2387 2631 2423 se
2663 2375 2735 2423 ci·

1669 2446 1820 2496 vilem
1859 2448 2104 2512 probaret
2140 2448 2392 2512 omnibus,
2421 2454 2476 2499 et
2507 2448 2737 2501 libenter

1666 2523 1916 2588 obvieque
1935 2523 2206 2588 exciperet
2225 2525 2487 2576 desideria
2506 2539 2735 2576 suorum.

1666 2600 1885 2651 Qualem
1901 2601 2206 2651 modestiam
2219 2603 2327 2666 jam
2344 2618 2546 2668 quoque
2562 2605 2613 2654 in
2631 2604 2738 2654 Au-

1666 2683 1816 2739 gusto
1838 2676 2068 2727 laudavit
2085 2678 2302 2729 Sueton.
2321 2695 2370 2729 c.
2386 2684 2468 2730 58.
2501 2687 2514 2709 ‘
2533 2679 2595 2730 In
2615 2695 2736 2732 con-

1667 2754 1837 2803 sulatu
1876 2754 2095 2818 pedibus
2136 2756 2277 2818 sere3
2318 2764 2467 2807 extra
2499 2759 2736 2809 cousula-

1665 2835 1795 2891 tum,
1811 2843 1954 2893 soepe
1978 2831 2232 2895 adaperta
2254 2835 2397 2896 sella,
2413 2835 2498 2899 [ut
2516 2834 2591 2884 sic
2605 2849 2735 2899 quo·

1667 2921 1767 2970 que
1807 2915 2017 2971 pateret
2054 2909 2406 2976 adeuntibus,]
2442 2925 2535 2976 per
2568 2913 2736 2975 publi·

1666 2997 1780 3033 cum
1807 2983 2058 3035 incessit.'
2096 2986 2339 3036 Schmun.

1732 3061 1948 3125 lucedis]
1994 3063 2064 3111 Et
2098 3063 2197 3112 hoc
2231 3062 2596 3113 moderationis
2631 3064 2733 3127 sig-

1664 3151 1786 3188 num
1812 3137 1862 3187 iu
1889 3138 2144 3201 principe.
2200 3137 2387 3188 Refert
2408 3138 2474 3188 de
2497 3138 2735 3204 Augusto

1662 3214 1880 3264 Sueten.
1905 3228 1952 3264 c.
1973 3217 2059 3263 58.
2092 3215 2312 3264 Putat-ol.

1733 3288 1946 3352 lucedis]
1982 3288 2240 3340 Ammiau.
2266 3303 2411 3340 xxu.
2435 3296 2484 3340 9.
2512 3291 2579 3341 de
2598 3292 2736 3344 Juli-

1667 3379 1801 3416 anot
1843 3371 1859 3394 ‘
1886 3365 2188 3423 Humilior,’
2231 3366 2417 3430 inquit,
2448 3369 2464 3393 ⁶
2489 3367 2737 3432 princeps

1666 3443 1806 3490 visus
1828 3448 1909 3490 est
1934 3442 1984 3490 in
2009 3440 2182 3492 officio
2208 3443 2429 3507 pedihus
2447 3444 2737 3506 gradiendo

1667 3531 1783 3567 cum
1815 3519 2111 3568 honoratisz
2147 3519 2284 3583 quod
2317 3519 2600 3569 laudabant
2630 3521 2736 3579 siti,

1668 3594 1875 3658 quidam
1911 3603 1970 3645 ut
2002 3592 2306 3653 affectatum
2337 3602 2393 3645 et
2425 3596 2523 3645 vile
2553 3609 2735 3660 carpe·

1669 3672 1830 3723 bant.’
1896 3673 2001 3725 Sed
2029 3672 2243 3724 audiant
2261 3674 2569 3735 vologesem
2594 3677 2735 3739 apud

1664 3749 1834 3799 Tacit.
1860 3748 1995 3800 Anu.
2019 3763 2112 3800 xv.
2132 3755 2183 3800 2.
2196 3755 2246 3799 6.
2279 3758 2293 3781 ·
2316 3751 2506 3801 Vestra
2522 3751 2734 3816 quidem

1667 3825 1745 3876 vis
1785 3833 1839 3876 et
1882 3826 2041 3891 gloria
2077 3828 2131 3876 in
2166 3827 2375 3890 integro
2416 3833 2517 3883 est,
2556 3826 2737 3878 addita

1666 3903 1936 3954 modestia
1974 3902 2131 3963 fama,
2166 3919 2282 3969 quae
2314 3918 2484 3969 neque
2520 3907 2736 3956 summis

1666 3981 1959 4034 mortalium
1996 3981 2288 4046 spernenda
2323 3989 2424 4046 est,
2459 3989 2515 4031 et
2550 3995 2581 4032 a
2613 3981 2736 4033 Diis

1667 4056 1996 4108 aestimatur.²
2028 4057 2182 4107 Rern.

1732 4135 2001 4198 Eademque
2013 4136 2170 4184 omia
2184 4133 2292 4197 ina]
2313 4132 2445 4183 Vide
2459 4147 2526 4184 ne
2540 4135 2739 4197 arguti·

1665 4226 1727 4261 us
1748 4212 2038 4277 veriusque,
2048 4213 2298 4275 adeatque
2309 4213 2481 4262 mia.
2513 4213 2596 4263 Ita
2607 4215 2738 4265 circu

1666 4292 1730 4346 te,
1746 4287 1870 4339 nihil
1886 4286 1938 4337 ἐκ
1955 4286 2331 4353 ipsoram-tm
2346 4288 2567 4341 manu.
2589 4289 2734 4355 Lips.
