3060 4902
517 336 650 404 986

514 502 530 524 ⁸
555 491 772 545 timere’
806 506 867 541 ac
900 489 1169 552 ‘tumere,'
1203 490 1442 541 ‘timidus
1462 490 1475 511 ’
1510 506 1573 542 ae

519 568 809 630 ‘tumidus‚’
841 569 1039 633 aliaque
1083 569 1289 629 similia,
1332 568 1384 616 iu
1426 567 1572 616 libris

519 648 728 710 scriptis
782 647 1004 695 invicem
1060 645 1396 695 confundant.
1478 646 1574 694 Tu·

513 729 695 774 mentes
718 738 838 772 vero
866 723 1062 787 populi,
1085 737 1185 771 non
1210 731 1410 771 tantum
1435 720 1573 781 irati,

519 791 611 851 sed
636 807 689 850 et
712 801 864 849 rebus
887 800 1127 849 secundis
1151 801 1292 856 elati,
1315 807 1473 863 atque
1507 798 1573 847 ad

521 876 831 928 seditionem
848 877 1185 940 insurgentes,
1203 875 1461 924 dicuntur.
1484 875 1575 924 Sic

522 955 637 1006 Cic.
671 952 840 1003 Attie,
879 966 997 1002 xiv.
1027 958 1076 1003 Δ.
1121 960 1133 981 ⁴
1158 953 1379 1001 'fument
1416 965 1574 1015 nego·

525 1032 599 1083 tia
619 1028 653 1093 ς’
708 1045 824 1094 quai
869 1029 1091 1078 nondum
1137 1036 1437 1092 eruperunt,
1481 1027 1575 1076 sed

524 1114 922 1170 erupturasunt.
957 1106 1158 1157 Plinius
1175 1118 1578 1169 supra,xxvu¹.

523 1191 574 1237 8.
609 1186 624 1212 ‘
651 1184 822 1235 Antea
845 1184 1103 1248 principes
1129 1182 1442 1233 tumentibus
1468 1184 1576 1247 ple·

526 1262 604 1312 bis
633 1263 814 1311 animis
852 1262 1167 1322 congiarium
1203 1258 1579 1324 objectabant.’

527 1339 609 1390 Ad
645 1355 796 1406 quem
841 1341 1008 1389 locum
1053 1341 1169 1389 vide
1207 1354 1322 1403 quae
1359 1339 1424 1389 de
1467 1353 1580 1387 ver-

525 1416 593 1466 bo
616 1418 846 1466 ‘tumere
863 1416 875 1437 ⁹
898 1418 1160 1467 annotavi.
1209 1419 1477 1476 Ceterum,
1501 1431 1582 1465 se-

526 1507 690 1559 quens
726 1494 939 1543 verbum
964 1498 977 1518 ⁸
996 1507 1325 1557 compescere
1342 1490 1355 1512 ’
1382 1492 1584 1540 Plinius

526 1584 706 1632 supra,
726 1583 835 1619 ινι.
857 1574 908 1619 7.
943 1569 1125 1618 eodem
1147 1569 1298 1618 modo
1317 1567 1583 1617 adhibuit:

529 1654 545 1676 ⁸
570 1647 928 1713 Hostilemque
963 1656 1234 1703 terrorem.
1280 1662 1383 1695 non
1418 1662 1585 1696 armo·

528 1739 640 1773 rum
670 1727 850 1786 magis,
885 1739 1031 1789 quam
1069 1733 1321 1788 togarum,
1354 1733 1587 1775 ostenta·

530 1803 671 1851 tione
693 1801 1063 1865 compescere.’
1100 1803 1244 1851 Idem.

595 1877 891 1927 Inter-cedere
928 1876 1283 1939 iniquitatibus]
1318 1876 1363 1925 1.
1386 1891 1433 1926 e.
1463 1891 1585 1926 con·

531 1954 786 2002 tradicere
824 1960 878 2001 et
912 1953 1152 2000 resistere
1186 1952 1584 2015 magistratuum

527 2029 903 2093 iniquitatibus,
925 2041 1117 2092 easque
1146 2027 1397 2092 impedire
1421 2037 1474 2077 et
1498 2042 1585 2077 co·

528 2105 737 2166 hibere3
770 2105 1076 2167 metaphora
1099 2105 1164 2154 ab
1184 2104 1587 2154 ‘intercessione

532 2182 850 2232 tribunorum
876 2182 1038 2245 plebis
1057 2180 1072 2202 ⁹
1096 2190 1285 2233 sumta.
1321 2182 1480 2246 Cujus
1497 2197 1585 2244 ge·

530 2262 666 2311 neris
689 2262 929 2325 exempla
950 2260 1184 2325 quaedam
1209 2261 1480 2310 annotavit
1503 2260 1588 2309 Li·

536 2340 750 2392 vineius.
816 2340 1013 2389 Plinius
1031 2353 1206 2405 snpra,
1227 2352 1361 2389 xxv.
1386 2344 1434 2388 5.
1468 2344 1483 2367 ⁸
1502 2337 1588 2387 In·

533 2417 804 2469 tercedere
838 2417 1038 2467 casibus
1061 2420 1093 2479 ς·
1126 2417 1191 2465 ad
1229 2431 1379 2481 quem
1419 2417 1588 2466 locum

534 2493 770 2546 conferre
797 2496 917 2544 licet
942 2504 1134 2543 notam.
1169 2495 1322 2542 Idem.

600 2571 894 2622 luten-cedere
922 2568 1252 2631 iniquitatibus
1278 2568 1590 2631 magistratu·

534 2648 638 2711 ani]
678 2648 809 2696 Nam
850 2646 1072 2695 Marium
1117 2645 1349 2695 Priscum
1392 2644 1589 2696 Africa

533 2724 909 2789 proconsulem,
931 2731 986 2773 et
1010 2722 1274 2773 Caecilium
1308 2723 1591 2773 Classicum

535 2801 773 2860 Brutine,
794 2800 1026 2862 quamvis
1050 2798 1372 2858 defunctum,
1410 2815 1591 2862 passus

534 2886 617 2925 est
650 2875 1050 2937 repetundarum
1090 2875 1345 2936 damnari,
1381 2884 1437 2923 et
1462 2876 1592 2928 Julii

533 2953 684 3004 Bassi
718 2952 976 3016 Bithynio
1004 2952 1325 3017 proconsulis
1363 2961 1482 3001 acta
1513 2967 1592 3002 re·

534 3031 720 3092 scindi,
740 3030 955 3095 darique
979 3045 1008 3079 a
1031 3039 1212 3079 senatu
1227 3029 1316 3093 jus
1338 3029 1592 3088 omnibns,

537 3108 603 3158 de
647 3108 832 3173 quibus
868 3108 954 3156 ille
992 3107 1183 3171 aliquid
1222 3106 1595 3163 constituisset,

537 3202 603 3236 ex
629 3186 831 3250 integro
854 3184 1058 3247 agendi,
1096 3184 1367 3232 dumtaxat
1404 3198 1498 3246 per
1520 3183 1597 3232 bi·

537 3264 765 3313 ennium.
840 3262 1083 3311 Meminit
1127 3269 1309 3310 auctor
1363 3260 1595 3324 epistolis

537 3341 773 3402 sparsim.
804 3338 967 3389 Livin-

604 3414 922 3476 Iatercedere]
967 3413 1127 3464 Irrita
1169 3413 1344 3479 iniqua
1383 3414 1597 3464 decreta

536 3488 733 3546 facere,
758 3499 810 3540 et
839 3491 996 3538 nulla.
1032 3490 1168 3552 Lips.

603 3564 945 3628 Iniquitatibus
961 3565 1349 3629 magistratuum]
1375 3566 1601 3617 Senten-

539 3640 629 3690 tiis
653 3641 839 3703 iniquis
875 3642 1282 3701 magistratuum,
1311 3656 1402 3691 sen
1435 3644 1598 3692 scele-

542 3716 682 3767 ribus
707 3715 1013 3780 praesidum;
1037 3718 1471 3779 quemadmodum
1495 3735 1599 3770 non

537 3792 692 3844 modo
732 3791 956 3841 Marium
999 3792 1255 3851 Priscum,
1292 3792 1507 3857 Africae,
1544 3805 1601 3847 et

538 3871 730 3922 Julium
757 3870 991 3924 Bassum,
1021 3869 1281 3932 Bithynia
1322 3885 1601 3933 proconsu-

540 3951 615 4000 les
641 3949 893 4008 viventes,
913 3946 1002 3997 sed
1030 3954 1084 3997 et
1109 3948 1375 3997 Coeeilinm
1406 3950 1599 4001 Classi-

541 4040 679 4087 cum,
702 4026 936 4088 Beticae,
950 4024 1062 4087 jans
1095 4022 1421 4086 defunctum,
1446 4041 1601 4078 aceu-

540 4105 642 4152 sari
687 4117 865 4167 passus
907 4109 1006 4151 est.
1076 4101 1285 4157 Noster.
1327 4103 1498 4167 Epist.
1537 4119 1602 4156 ιι.

546 4181 625 4227 11.
644 4191 733 4227 ιιι.
752 4183 802 4229 4.
826 4186 880 4227 et
902 4183 951 4228 9.
974 4185 1030 4227 et
1053 4190 1129 4226 ιν.
1150 4181 1199 4227 9.
1232 4178 1454 4230 Putat-ol.

611 4266 936 4331 luteumque
974 4265 1192 4331 reddere]
1228 4267 1299 4318 Η.
1341 4281 1394 4319 e.
1440 4268 1601 4321 inter·

1207 347 1425 396 NoTAE
1472 346 1880 396 vammum
1926 346 2005 396 tu

1647 498 1797 555 prete
1828 489 2025 555 lipsio,
2060 488 2237 555 iniqua
2272 488 2489 541 decreta
2521 490 2711 544 faeere

1646 567 1794 617 irrita
1834 576 1890 617 et
1929 568 2088 621 nulla.
2131 581 2415 633 eoeumqne
2456 566 2708 619 effectum

1647 644 1849 694 tollere.
1913 643 2326 708 Hyperbolicnm
2365 646 2461 694 boe
2490 660 2625 706 ease,
2647 654 2711 696 et

1644 724 1795 774 nimis
1848 724 2152 779 oratorium,
2204 724 2337 774 dicit
2385 725 2714 789 Ber-egger-

1642 801 1730 851 Sic
1765 816 1889 851 vero
1910 800 2110 852 Plinius
2132 801 2291 850 etiam
2325 816 2502 864 supra,
2538 815 2632 852 ιι..
2658 807 2714 852 8.

1646 881 1661 907 ⁴
1686 878 1751 928 In
1788 879 2108 943 preteritum
2144 892 2211 928 ne
2243 878 2329 927 Dii
2350 879 2560 943 quidem
2585 880 2715 929 aab·

1646 954 1825 1004 venire
1850 965 2094 1018 possunt3
2132 961 2185 1004 tu
2211 963 2382 1005 tamen
2400 955 2716 1013 subvenisti.

1649 1031 1954 1096 cavistiqne,
1994 1038 2052 1081 nt
2085 1031 2346 1081 desineret
2368 1032 2584 1099 quisque
2620 1034 2714 1083 de·

1649 1107 1793 1169 bere,
1814 1108 1948 1171 qnod
1979 1122 2079 1157 non
2112 1115 2252 1156 esset
2284 1114 2470 1171 postea
2509 1109 2716 1158 debitu-

1650 1183 1775 1234 rus.’
1844 1184 2017 1235 Nolim
2053 1198 2176 1233 vero
2214 1199 2329 1233 eum
2354 1184 2595 1235 Gesnero
2634 1200 2715 1234 re-

1651 1262 1874 1327 quirere,
1894 1269 1953 1312 nt
1988 1276 2082 1325 pro
2113 1261 2354 1324 sequenti
2388 1262 2549 1310 verbo
2579 1277 2717 1324 apor-

1651 1337 1818 1393 taerit,
1864 1339 2069 1401 legatur
2113 1343 2382 1400 oportuerat
2401 1352 2422 1395 ‚-
2456 1345 2541 1387 est
2576 1337 2715 1389 enim

1653 1415 1740 1464 ille
1762 1415 1944 1465 modus
1983 1415 2306 1478 potentialis,
2334 1424 2392 1464 ut
2417 1416 2717 1477 gra-mati·

1655 1493 1702 1542 ei
1728 1479 2029 1557 loquuntur,
2059 1491 2180 1540 huie
2211 1492 2328 1541 loco
2362 1492 2717 1541 accommoda·

1657 1569 1902 1618 tissimus.
1937 1569 2184 1618 Selium-z.

1720 1645 1976 1709 Insertum]
2003 1644 2545 1709 Hyperbolieamboe,
2560 1653 2618 1693 et
2642 1645 2715 1693 ni-

1655 1724 1751 1773 mis
1772 1722 2070 1772 oratorium.
2138 1721 2269 1770 Nam
2305 1721 2359 1768 in
2389 1720 2718 1785 preteritum

1657 1813 1722 1848 ne
1747 1799 1830 1847 Dii
1850 1797 2059 1863 quidem
2082 1798 2359 1847 subvenire
2381 1805 2630 1861 Ροοδιιιιις
2662 1805 2723 1846 nt

1659 1879 1878 1941 ipsemet
1904 1888 1996 1924 ιι..
2014 1878 2065 1923 8.
2099 1873 2252 1923 Ber-u.

1731 1951 2022 2002 Velocissini
2056 1950 2226 2000 sideria
2253 1949 2408 2014 aare]
2442 1950 2617 2001 Soten
2647 1949 2723 2000 in·

1661 2029 1861 2091 tellige.
1891 2027 2024 2092 Lips-

1733 2105 2021 2157 velocissimi
2053 2104 2229 2156 sideris
2262 2103 2414 2168 nore]
2449 2104 2623 2155 Solem
2646 2104 2723 2153 in·

1658 2182 1846 2245 telligit
1862 2182 2142 2232 velocissimi
2158 2182 2331 2231 sideria
2346 2181 2723 2245 appellatione,

1660 2259 1749 2325 qui
1794 2268 1899 2309 tam
1943 2273 2222 2324 paucarum
2263 2259 2502 2307 horarum
2548 2261 2724 2323 spatio

1661 2345 1863 2388 tantum
1918 2337 2231 2387 curriculum
2296 2335 2532 2386 conficit.
2619 2335 2723 2387 Sed

1661 2416 1796 2482 quod
1822 2414 2084 2465 Livineius
2119 2428 2213 2480 pro
2232 2413 2419 2475 «adire,
2443 2414 2726 2465 restituen-

1659 2494 1781 2542 dum
1804 2500 1959 2558 putat
1991 2492 2145 2552 odire,
2174 2490 2450 2554 ignoscant
2471 2491 2596 2540 milii
2622 2506 2729 2542 aa.

1660 2586 1754 2620 nes
1790 2571 2075 2620 doctissimi
2104 2569 2332 2635 juvenis,
2363 2583 2468 2618 non
2505 2569 2604 2633 ipsi
2649 2584 2731 2618 aa·

1660 2648 1879 2698 sentior.
1944 2647 2153 2699 Allndit
2205 2648 2343 2697 enim
2399 2648 2465 2698 ad
2512 2656 2726 2697 versum

1661 2725 1998 2776 Homericum
2020 2740 2034 2772 ε
2060 2724 2247 2775 Ἠέλιός
2268 2726 2328 2782 θ’,
2344 2724 2401 2776 ts
2420 2725 2558 2774 'hv’
2578 2727 2731 2788 δφφιῑ

1664 2802 1742 2852 καὶ
1764 2801 1901 2854 rdn'
1935 2801 2168 2853 ἐπακούει.
2214 2804 2412 2856 ·Quare
2447 2803 2574 2854 nibil
2616 2818 2729 2853 nn·

1666 2880 1880 2931 tandum
1903 2894 2116 2929 censeo.
2154 2877 2396 2930 niun-s.

1739 2956 2035 3008 Velocissiau‘
2051 2956 2246 3019 cilinia]
2270 2956 2375 3007 Hie
2395 2957 2473 3006 sol
2490 2955 2731 3018 δεαφέπκ

1667 3036 1959 3099 appellatur
1992 3034 2165 3083 ‘aidus
2187 3032 2221 3093 ς’
2255 3034 2332 3083 nti
2355 3048 2536 3096 snpra,
2560 3046 2733 3083 xxtx.

1667 3119 1718 3164 4.
1749 3111 1935 3161 ‘Sidus
1973 3111 2065 3159 alit
2101 3108 2324 3173 frugesg'
2356 3109 2421 3157 ad
2465 3124 2626 3174 quen
2660 3111 2733 3159 lo·

1669 3204 1784 3239 cum
1809 3188 1929 3237 vide
1952 3194 2148 3237 notam.
2214 3184 2415 3235 Eodem
2444 3185 2601 3235 modo
2636 3186 2736 3236 eti·

1669 3280 1749 3315 am
1773 3267 1789 3294 ‘
1811 3263 2024 3326 sidera,’
2047 3263 2352 3325 simpliciter
2377 3263 2568 3325 posita,
2590 3262 2737 3312 iden·

1670 3341 1828 3391 tidem
1855 3348 2037 3391 notant
2070 3340 2226 3389 solem
2255 3346 2312 3388 et
2344 3339 2537 3389 lunam.
2613 3341 2735 3393 Quo

1670 3419 1998 3467 Burmannus
2023 3415 2186 3466 refert
2203 3414 2328 3465 illud
2344 3415 2602 3476 Petronii,
2617 3430 2738 3480 cap·

1670 3499 1784 3545 119.
1824 3496 1840 3524 ‘
1861 3496 1978 3546 Qua
2013 3507 2175 3553 mare,
2214 3506 2311 3558 qua
2346 3500 2529 3556 terrae,
2547 3508 2650 3559 qna
2671 3496 2739 3542 si-

1672 3572 1767 3621 dus
1792 3571 1957 3621 currit
1975 3570 2286 3634 utrumqne?
2327 3571 2595 3620 Tradente
2619 3571 2738 3622 Cic.

1673 3649 1799 3698 Nat.
1820 3649 1986 3697 Deor.
2016 3660 2058 3697 1.
2092 3649 2172 3694 11.
2216 3649 2232 3673 ‘
2252 3646 2590 3695 Crotoniates
2613 3645 2739 3697 Aie-

1672 3740 1803 3776 moeo
1827 3724 1925 3774 soli
1948 3731 2002 3774 et
2025 3724 2181 3779 luno,
2204 3723 2528 3787 reliquisque
2556 3723 2737 3774 sideri·

1671 3802 1784 3859 bns,
1831 3801 2154 3851 divinitatem
2200 3799 2364 3860 dedit,
2408 3814 2508 3849 nec
2552 3801 2736 3854 sensit.

1671 3894 1784 3929 sese
1810 3876 2109 3928 mortalibus
2128 3875 2281 3924 rebus
2296 3875 2733 3925 immortalitate-

1671 3955 1828 4005 dare.'
1893 3952 1995 4003 Sed
2038 3951 2229 4017 impius
2263 3950 2350 4000 iile
2387 3950 2567 4001 horum
2598 3950 2736 4000 side·

1673 4046 1783 4081 rum
1808 4030 1980 4080 cultus
2002 4029 2208 4078 omnino
2224 4034 2305 4075 est
2318 4027 2594 4091 antiquior.
2627 4027 2733 4075 Vo-

1672 4114 1760 4157 cat
1812 4106 2009 4156 Plinius
2063 4103 2080 4130 ⁴
2105 4101 2249 4152 sidua
2304 4103 2678 4151 velocissimam
2699 4101 2737 4146 ε·

1671 4198 1811 4245 nam,
1844 4179 2125 4231 secundum
2161 4178 2384 4227 eiindem
2422 4180 2535 4230 Cic.
2567 4177 2736 4227 Acad.

1675 4262 1875 4313 Quat.
1898 4272 1978 4309 ιν.
1997 4261 2079 4307 26.
2108 4265 2124 4288 ‘
2152 4257 2303 4307 Licet
2326 4256 2475 4306 nobis
2498 4258 2575 4308 sol
2596 4265 2737 4307 stare
