3060 4902
530 363 661 431 718

533 537 635 573 non
659 536 832 573 amore
866 521 983 586 ejus
1022 519 1181 584 magis
1210 519 1406 580 facere,
1444 532 1596 584 quam

531 599 843 659 reverentia,
889 595 1196 647 videbatur!
1244 597 1380 647 Plin.
1426 596 1597 660 Epist.

534 691 635 727 vn.
656 681 739 727 24.
763 677 916 725 Bern-

601 749 911 812 Reeerentt‘a]
945 748 1085 801 Quis
1122 763 1225 799 non
1270 753 1376 796 tam
1410 746 1597 798 oderat

532 835 690 886 artes,
712 843 866 893 qnam
881 825 1113 886 timebat,
1135 838 1200 873 ne
1219 824 1598 888 turpitudinem

531 908 631 958 sibi
653 905 1054 970 exprobrarent.
1076 902 1297 951 Patami.

597 986 658 1035 ln
677 982 943 1047 complexu]
970 979 1105 1029 Haec
1126 986 1281 1041 suget
1304 975 1469 1027 codex
1494 977 1598 1026 Ps-

530 1060 779 1115 risiensis.
796 1058 974 1108 addito
989 1056 1091 1105 slio
1107 1054 1376 1114 vocabulo,
1396 1054 1448 1102 s‘n
1471 1055 1598 1111 ςὶιιιι,

531 1138 794 1201 complexu,
816 1139 898 1198 ξε.
922 1141 976 1183 at
1008 1131 1313 1182 vocabulum
1337 1131 1447 1179 sinu
1467 1137 1601 1193 puto

532 1229 563 1262 e
619 1215 788 1277 glossa
849 1209 1118 1273 irrepsisse
1170 1206 1221 1257 in
1278 1213 1600 1259 contextum.

536 1289 777 1339 Scsmrz.

597 1365 817 1412 Proestss
830 1362 971 1424 eninr,
990 1375 1275 1424 quoeunque
1294 1356 1603 1422 precipiunt]

534 1443 652 1492 Hoc
673 1441 798 1490 illud
826 1446 926 1496 est,
944 1438 1081 1505 quod
1100 1438 1397 1501 xiphilinus
1416 1436 1600 1492 voluit,

534 1533 649 1568 cum
674 1518 741 1567 de
764 1518 987 1581 Trajano
1012 1516 1243 1578 scripsit,
1267 1513 1485 1564 Παιδείας
1510 1511 1602 1574 μὲν

533 1593 767 1658 ἀκριβοῦς,
792 1593 882 1650 ὅση
924 1594 975 1641 ἐν
996 1590 1176 1651 λόγοις,
1201 1590 1256 1638 οὗ
1276 1589 1509 1650 μετέσχε,
1537 1589 1599 1639 τό

532 1687 593 1731 ’γε
627 1670 722 1730 μὴν
768 1669 911 1732 ἔργον
952 1668 1100 1725 αὐτῆς
1140 1665 1219 1715 καὶ
1258 1665 1485 1716 ἐπίστατο
1519 1666 1600 1715 καὶ

534 1747 696 1796 ἐποίει.
764 1747 833 1794 Et
859 1744 1077 1792 observo
1110 1744 1176 1791 sis
1201 1744 1338 1806 aiibi,
1362 1742 1600 1807 ἀκριβοῦς·

534 1824 591 1872 οὔ
610 1823 705 1885 γὰρ
726 1820 785 1880 ἦν
809 1820 894 1883 ἔξω
930 1821 1019 1870 τοῦ
1057 1819 1279 1869 δύνασθαι
1315 1820 1598 1885 ῥητορεύειν,

535 1899 623 1947 ὑπὸ
644 1898 696 1947 δὲ
725 1899 813 1956 τῆς
837 1895 1128 1960 φιλοποσίας
1161 1896 1454 1961 ἀμβλύτερος
1492 1899 1598 1948 ἑαυ-

531 1975 619 2023 τοῦ
638 1973 873 2024 πολλάκις
907 1972 985 2033 ἦν,
1010 1975 1079 2022 ait
1100 1973 1341 2024 Julianus
1373 1975 1597 2038 impera·

533 2059 634 2110 tor,
657 2051 969 2102 Caesaribus.
984 2035 1160 2099 'Liviu-

610 2128 867 2191 Probart's]
921 2128 1057 2177 Nam
1114 2126 1455 2182 sermonibus.
1509 2133 1600 2176 sut

534 2205 760 2270 scriptis,
793 2204 1069 2253 honestent
1092 2209 1146 2251 et
1182 2203 1393 2252 laudant
1428 2211 1481 2254 te
1521 2213 1598 2254 to·

537 2289 644 2330 tum
670 2281 767 2329 boc
793 2294 976 2343 genus.
1000 2279 1141 2342 Lips.

598 2355 979 2419 Admissionum]
1016 2356 1260 2407 Officium
1298 2364 1412 2407 erat
1444 2356 1601 2405 Pala·

534 2436 717 2496 tinum,
757 2435 871 2485 ‘Ab
897 2432 1327 2489 admissionibus,'
1364 2441 1418 2483 et
1458 2441 1472 2464 ‘
1493 2433 1600 2484 Ad-

536 2511 890 2571 missionsles‚'
916 2524 1011 2573 per
1032 2525 1159 2574 quos
1182 2509 1353 2557 aditus
1376 2509 1441 2558 ad
1466 2510 1601 2573 prin·

533 2591 702 2651 cipem
750 2596 881 2636 erat.
963 2586 1008 2635 1i
1051 2600 1191 2647 saepe
1239 2586 1373 2641 duri,
1418 2587 1600 2635 molles

533 2666 789 2726 mitesque
816 2662 912 2711 sub
936 2663 1043 2710 miti
1071 2663 1167 2710 hoc
1186 2663 1431 2723 Trojano.
1457 2663 1534 2711 Id.

596 2738 952 2789 Admissionum
969 2737 1482 2799 tuarumsacilitaeem]
1501 2738 1602 2787 Pa-

532 2815 819 2876 negyristes
855 2815 986 2862 alius
1024 2813 1089 2861 de
1114 2813 1352 2865 Jntizmo:
1393 2816 1600 2865 ‘Nemo

534 2890 696 2955 gradu
726 2891 921 2952 pulsus,
946 2903 1096 2938 nemo
1120 2890 1261 2939 aditu
1289 2891 1598 2955 prohibitus,

534 2968 662 3017 nulli
683 2967 864 3030 palatii
882 2965 1021 3015 fores
1043 2965 1272 3017 clausae)
1309 2968 1393 3016 Sic
1412 2967 1600 3030 imper.

536 3045 733 3095 Honor.
768 3047 1028 3095 ‘clemens
1064 3044 1238 3093 sditu’
1277 3045 1411 3109 apud
1443 3045 1599 3094 Clau·

533 3121 672 3171 dian.
693 3122 1010 3171 Theodosius
1032 3122 1047 3149 ‘
1067 3120 1235 3169 facilis
1254 3123 1397 3171 aditu
1422 3121 1436 3143 '
1459 3123 1599 3185 apud

534 3199 806 3247 Pacatum.
829 3203 843 3226 ‘
863 3198 1184 3246 Constantini
1216 3198 1396 3247 faciles
1430 3199 1601 3249 aditus

534 3288 789 3335 auresque
816 3272 1221 3336 patientissimas
1241 3272 1255 3295 '
1280 3274 1459 3324 laudat
1486 3275 1600 3339 ejus

535 3350 914 3413 panegyristes.
981 3349 1265 3400 Laudabile
1289 3353 1603 3416 estimpen-

534 3427 633 3479 tori
672 3427 946 3484 Gratiano,
984 3428 1121 3492 apud
1159 3428 1349 3477 Auson.
1390 3428 1604 3479 ‘faciles

532 3503 989 3565 interpellantibus
1014 3503 1250 3565 praebere
1284 3504 1476 3566 aditus,
1504 3519 1604 3555 nec

532 3578 597 3628 de
633 3578 975 3639 occupatione
1009 3579 1283 3626 excusari-⁹
1346 3578 1498 3629 Adde
1524 3588 1604 3629 ts-

531 3666 649 3702 men
671 3654 840 3701 Tacit.
868 3653 1004 3701 Hist.
1030 3666 1104 3702 iv.
1124 3657 1206 3702 65.
1226 3655 1340 3702 Val.
1368 3655 1513 3705 Max.
1536 3670 1603 3708 n.

530 3735 579 3779 6.
619 3734 667 3778 7.
736 3729 976 3779 Prudens
1019 3744 1109 3778 rex
1148 3731 1385 3780 omnibus
1430 3735 1604 3796 potius

533 3813 700 3871 patet,
739 3820 893 3869 quam
933 3805 1160 3865 nemini;
1214 3821 1328 3856 cum
1370 3823 1601 3859 recessus

532 3885 602 3934 sit
629 3883 787 3932 index
814 3883 945 3932 vitii.
1015 3882 1152 3931 Vide
1177 3884 1335 3933 Grut.
1363 3886 1600 3937 Discurs.

534 3959 599 4009 Α.
628 3962 708 4009 18.
733 3968 788 4008 et
811 3964 893 4010 44.
919 3965 973 4008 et
1009 3960 1131 4009 Sen.
1165 3960 1330 4010 Clem.
1366 3977 1483 4027 cap.
1519 3968 1601 4013 ls.

535 4037 684 4086 Bm.

584 4113 940 4163 Admiseionum
957 4111 1466 4177 tuanmsacilitaeem]
1482 4115 1529 4164 1.
1546 4129 1598 4165 e.

532 4193 668 4255 quod
696 4200 799 4241 tarn
839 4190 1043 4241 facilem
1068 4190 1132 4240 ad
1159 4198 1211 4240 te
1248 4190 1445 4241 aditum
1482 4193 1596 4243 sliis

532 4268 829 4332 permittas.
894 4269 1050 4318 Hanc
1076 4268 1321 4320 virtutem
1351 4268 1401 4325 in
1428 4269 1595 4321 Milti-

1226 375 1447 425 nom
1494 348 1906 424 melonum
1957 373 2042 422 m

1676 519 1773 567 sde
1792 516 2178 568 commendavit
2206 515 2406 581 Nepos,
2430 529 2558 566 vin.
2575 517 2658 568 4.*
2677 517 2739 567 ln

1679 592 1961 656 Miltiade,'
1994 594 2179 658 inquit,
2213 595 2362 643 ‘erst
2385 608 2501 643 cnm
2541 609 2741 645 summa

1674 671 1985 725 hnmanitas,
2000 680 2107 719 tum
2125 671 2255 719 mirs
2271 672 2505 727 comites,
2521 679 2578 720 nt
2595 683 2742 723 nemo

1677 756 1781 798 tam
1819 750 2024 799 humilis
2067 756 2223 811 esset,
2259 749 2343 799 cui
2378 763 2482 799 non
2521 750 2586 799 ad
2624 764 2740 799 enm

1675 824 1850 876 aditus
1884 823 2123 888 pateret-⁹
2190 825 2275 875 Ab
2298 827 2397 874 boc
2424 840 2617 888 genere
2652 828 2742 876 hn-

1675 903 1941 951 manitatis
1957 903 2113 951 etiam
2131 903 2344 952 Latinus
2362 903 2611 964 Pacatus,
2629 902 2742 953 imi·

1675 986 1815 1028 tstor
1839 979 2017 1040 Plinii,
2045 991 2165 1028 xxt.
2202 982 2250 1028 2.
2287 979 2556 1028 collaudat
2574 979 2744 1031 Theo·

1672 1055 1875 1105 dosium
1908 1057 2237 1119 Augustum:
2273 1055 2290 1084 ⁴
2309 1055 2510 1106 Creber
2530 1070 2742 1120 egressu

1675 1133 2085 1196 expectantibus
2110 1133 2318 1197 populis
2343 1140 2397 1182 te
2419 1132 2625 1194 fateris,
2646 1147 2744 1184 nec

1676 1209 1839 1258 videri
1875 1210 2030 1259 modo
2077 1210 2299 1275 patiens,
2344 1210 2437 1259 sed
2484 1218 2541 1260 et
2572 1209 2741 1261 facilis

1674 1286 1828 1351 adiri,
1865 1301 1895 1335 e
1933 1287 2171 1350 proximo
2195 1287 2393 1350 accipis
2425 1293 2547 1335 vota
2580 1286 2746 1336 homi·

1676 1359 2059 1411 num‘tnorum.’
2126 1361 2273 1411 Idem
2296 1360 2362 1410 de
2380 1361 2592 1412 Jnlisno
2612 1375 2744 1424 prn-

1677 1438 1818 1487 dicst
1847 1438 2095 1487 Mamert.
2123 1450 2287 1487 xxvi.
2306 1442 2356 1486 4.
2389 1438 2405 1464 ⁸
2424 1437 2595 1487 Nemo
2628 1450 2742 1501 grs-

1676 1515 1746 1563 du
1792 1515 1988 1577 pulsus,
2034 1528 2186 1563 nemo
2239 1513 2381 1563 editu
2429 1512 2745 1577 prohibitus,

1675 1591 1801 1640 nulli
1840 1590 2018 1654 palatii
2041 1589 2178 1639 fores
2209 1591 2395 1639 clause
2419 1589 2580 1639 sunt-⁹
2650 1591 2746 1641 Est

1674 1668 1786 1716 liaec
1823 1682 1927 1717 uns
1954 1683 2016 1717 es
2047 1669 2108 1717 iis
2142 1667 2361 1724 ortibus,
2395 1667 2582 1731 quibus
2608 1682 2745 1718 sum-

1674 1759 1810 1794 mnm
1831 1745 1929 1794 sibi
1953 1745 2197 1808 princeps
2222 1742 2359 1808 spud
2380 1758 2500 1793 suos
2534 1757 2747 1808 comps-

1676 1827 1760 1870 rst
1795 1835 2041 1871 amorem.
2111 1821 2251 1871 Hinc
2287 1820 2488 1870 Seneca
2524 1819 2594 1870 de
2626 1820 2746 1871 Cle·

1675 1904 1833 1945 ment.
1854 1911 1892 1947 ι.
1936 1901 2013 1946 13.
2048 1897 2064 1925 ‘
2083 1897 2338 1961 Princeps
2361 1910 2597 1947 sermone
2619 1896 2747 1948 effa·

1673 1973 1809 2031 bilis,
1855 1988 2174 2039 accessuque
2217 1973 2402 2036 smilis,
2446 1976 2613 2032 vultu,
2657 1974 2747 2040 qni

1674 2051 1895 2099 maxime
1921 2051 2134 2113 populos
2156 2051 2475 2113 demeretur,
2494 2051 2748 2109 amsbills,

1677 2128 1840 2191 :equis
1865 2128 2138 2177 desideriis
2161 2141 2468 2193 propensus,
2483 2136 2536 2178 et
2555 2128 2748 2194 iniquis

1677 2204 1916 2260 acerbus,
1939 2218 1967 2251 a
2010 2211 2118 2252 tota
2157 2205 2377 2254 civitate
2411 2211 2634 2260 amatur.
2657 2206 2748 2257 de-

1676 2277 1930 2339 fenditur,
1965 2277 2192 2329 colitur.'
2261 2280 2415 2330 Unde
2446 2288 2502 2330 et
2525 2281 2746 2331 Octavi·

1678 2370 1806 2404 anus
1845 2355 2129 2419 Augustus,
2152 2362 2288 2405 teste
2324 2355 2542 2406 Sueton.
2580 2370 2628 2408 c.
2665 2360 2748 2407 58.

1677 2433 2019 2498 ‘promiscuis
2056 2435 2456 2485 salutationibus
2501 2436 2749 2488 sdmitte·

1676 2511 1769 2560 bat
1788 2519 1841 2560 et
1868 2511 2093 2575 plebem,
2116 2519 2265 2562 tsnta
2284 2513 2536 2563 comitate
2551 2512 2746 2564 sdenn·

1678 2587 1804 2636 tium
1829 2586 2093 2637 desideria
2108 2589 2394 2653 excipiens,
2409 2597 2467 2638 ut
2486 2589 2746 2653 quendem

1669 2664 1793 2725 joco
1819 2664 2152 2728 corripuerit,
2182 2665 2317 2729 qnod
2344 2667 2421 2716 sic
2457 2665 2562 2716 sibt
2599 2666 2748 2717 libel·
2779 2712 2782 2715 .

1677 2741 1782 2789 lum
1819 2742 2090 2805 porrigere
2130 2741 2419 2799 dubitaret,
2457 2744 2604 2807 qussi
2640 2744 2747 2794 ele-

1678 2817 1875 2880 phanto
1899 2819 2128 2882 stipem-⁹
2195 2818 2282 2869 Ab
2297 2819 2593 2883 hujusmodi
2618 2819 2746 2870 faci·

1676 2894 1824 2943 litate
1849 2895 2006 2943 etiam
2043 2895 2154 2945 Cic.
2183 2896 2566 2945 commendarit
2592 2896 2746 2946 Pom·

1677 2971 1872 3032 peium,
1906 2985 2000 3033 pro
2046 2973 2161 3035 lege
2185 2972 2366 3020 Menil.
2395 2986 2446 3021 c.
2473 2977 2554 3022 14.
2592 2971 2743 3023 ‘Jsm

1679 3045 1839 3101 verul
1880 3048 2065 3111 inquit,
2105 3048 2216 3097 ‘its
2256 3047 2440 3098 faciles
2478 3050 2655 3100 aditus
2680 3049 2742 3100 sd

1677 3136 1792 3172 eum
1820 3124 2158 3186 privatorum,
2179 3125 2253 3173 ita
2286 3125 2475 3188 libert!⁴
2492 3127 2745 3191 querimo-

1678 3199 1777 3248 niae
1815 3201 1881 3249 de
1920 3201 2134 3250 aliorum
2173 3201 2531 3265 injuriis,esse
2562 3205 2747 3253 dicun·

1678 3285 1776 3334 tur,
1821 3285 1879 3328 nt
1915 3279 1979 3342 is,
2013 3279 2103 3342 qui
2142 3279 2397 3343 dignltate
2425 3280 2745 3345 principibus

1679 3354 1911 3413 excellit,
1928 3353 2181 3403 facilitate
2209 3368 2304 3418 psr
2327 3354 2514 3403 infimis
2533 3368 2648 3406 esse
2670 3357 2763 3419 vif

1679 3428 1902 3477 deatur.’
1970 3429 2171 3479 Contra
2211 3443 2333 3479 vero
2363 3430 2572 3495 qnidam
2605 3431 2745 3494 prin·

1679 3506 1825 3568 cipes
1847 3506 2231 3555 constituerant
2263 3507 2410 3570 qussi
2433 3514 2609 3557 certos
2633 3521 2745 3572 grs-

1679 3584 1774 3632 dus
1815 3582 2098 3633 amicorum
2123 3589 2176 3633 et
2199 3584 2467 3640 clientum,
2490 3598 2620 3649 quos
2657 3585 2745 3635 ad·

1678 3660 1980 3721 mitterent3
2014 3660 2102 3725 qul
2125 3674 2191 3709 ex
2215 3660 2414 3716 ordine,
2435 3675 2539 3724 quo
2560 3662 2746 3712 admit·

1679 3735 1941 3793 tebsntnr,
1979 3736 2108 3785 dicti
2149 3743 2291 3796 sunt,
2332 3737 2513 3787 ‘amici
2548 3738 2747 3801 prime,

1677 3812 1939 3870 secundae,
1966 3814 2133 3863 tertias
2159 3812 2527 3864 adminicula·
2576 3815 2746 3867 Quem

1676 3890 1755 3938 sui
1783 3890 1880 3938 aevi
1907 3904 2102 3939 morem
2138 3890 2402 3953 vituperat
2441 3891 2645 3941 Seneca
2678 3891 2748 3940 de

1675 3964 1861 4015 Benef.
1889 3979 1967 4014 vr.
1989 3968 2072 4014 88.
2103 3966 2121 3995 ⁴
2144 3965 2268 4016 Non
2291 3972 2412 4015 sunt
2449 3966 2538 4015 isti
2561 3967 2751 4021 surich·

1675 4042 1861 4107 inquit,
1907 4042 2031 4106 ‘qul
2068 4042 2273 4104 agmine
2310 4055 2498 4104 magno
2528 4042 2747 4105 jsnnsm

1674 4118 1902 4181 pulsant,
1941 4118 2030 4182 qui
2070 4117 2121 4166 in
2159 4117 2353 4180 primas
2386 4125 2443 4167 et
2487 4118 2746 4168 secundas

1673 4194 2345 4256 admissionesdigeruntnr.
2412 4193 2747 4245 Consuetudo

1669 4270 1773 4321 ista
1796 4278 1945 4322 vetus
1970 4279 2048 4322 est
2065 4269 2291 4336 regibus,
2313 4283 2570 4337 regesque
2593 4273 2746 4324 simn-
