3060 4902
542 407 677 474 678

544 573 782 631 tempore
817 564 1035 630 quodvis
1068 565 1395 614 honorarium
1430 570 1487 614 et
1520 579 1611 615 ex-

450 642 455 646 *
546 643 943 695 traordinariutn
988 644 1249 707 pensionis
1285 644 1394 691 sive
1427 642 1612 692 tributi

546 736 706 784 genus
733 720 1018 770 vocabatur
1041 727 1054 749 ⁴
1073 719 1321 775 collatio‚’
1351 721 1431 769 vel
1451 720 1611 769 etiam

545 797 821 862 aliquando
854 797 869 823 ‘
891 796 1083 845 oblatio
1101 795 1134 856 ς’
1165 797 1367 860 quaudo
1390 812 1420 846 a
1447 811 1611 860 popu·

544 874 597 922 lo
632 875 861 922 Romano
898 873 1176 937 sociisque,
1218 874 1300 922 vel
1334 881 1521 936 sponte
1557 880 1613 923 et

542 951 703 1009 ultro,
717 965 814 999 uec
831 964 894 998 ex
912 950 1126 1010 indicto,
1139 964 1350 999 munera
1364 958 1507 999 certa
1520 949 1612 997 im-

543 1027 873 1090 peratoribus
908 1025 1282 1082 offerebantur,
1322 1027 1423 1082 vel,
1451 1040 1612 1091 quan·

544 1101 611 1152 do
646 1111 820 1153 certus
860 1104 1091 1167 pecuniae
1118 1103 1299 1153 modus
1322 1104 1474 1153 alicui
1499 1118 1613 1154 cor·

543 1181 656 1244 pori
684 1182 759 1231 ita
782 1181 1168 1244 imponebatur,
1197 1188 1251 1229 ut
1278 1181 1357 1242 iis,
1379 1182 1466 1245 qui
1491 1195 1613 1230 con·

546 1256 766 1318 ferrent,
783 1258 1001 1307 liberum
1028 1257 1435 1322 relinqueretur,
1454 1272 1614 1322 quau-

548 1341 654 1382 tum
696 1348 760 1382 ex
801 1334 1082 1396 partitione
1118 1335 1306 1398 cuique
1333 1344 1469 1383 esset
1493 1348 1614 1384 con-

545 1408 837 1459 ferendum.
873 1410 1180 1474 cujusmodi
1215 1413 1230 1439 ‘
1253 1410 1614 1460 collatiouum’

546 1487 704 1536 variae
728 1494 880 1536 erant
905 1488 1222 1548 occasiones,
1246 1504 1297 1537 v.
1331 1503 1380 1550 g.
1410 1488 1506 1536 sub
1526 1503 1614 1537 au-

544 1564 764 1625 spicium
794 1564 1014 1627 imperii,
1047 1572 1265 1627 propter
1291 1565 1537 1614 victorias
1564 1572 1617 1614 et

544 1640 845 1704 triumphos.
881 1641 999 1690 Huc
1016 1642 1247 1704 inprimis
1267 1640 1615 1690 refertur¹au0

544 1732 657 1766 rum
690 1716 1057 1779 coronarium,'
1081 1720 1145 1767 de
1170 1732 1272 1782 quo
1310 1734 1412 1768 nou
1450 1734 1616 1781 pauca

547 1795 755 1855 collegit
776 1795 977 1857 Lipsius
995 1795 1061 1841 de
1084 1794 1447 1856 Magnitudine
1465 1795 1619 1845 Rom.

544 1884 608 1920 rt.
631 1877 681 1920 9.
738 1871 991 1922 Suetonio
1022 1871 1304 1935 referente,
1329 1873 1377 1921 iu
1403 1876 1615 1924 Nerone

545 1964 664 2013 cap.
689 1954 770 1998 44.
832 1951 975 2000 Nero
1010 1951 1112 2005 hic,
1146 1958 1161 1981 ‘
1184 1952 1233 1999 in
1273 1953 1617 2016 praeparanda

546 2026 910 2089 expeditione,
952 2063 965 2077 .
991 2060 1002 2073 .
1030 2060 1044 2074 .
1071 2036 1271 2091 partem
1305 2029 1466 2077 etiam
1495 2043 1610 2077 ceu·

545 2118 633 2152 sus
658 2118 835 2152 omues
861 2103 1070 2154 ordines
1094 2105 1337 2154 conferre
1359 2107 1537 2169 jussit,
1561 2113 1617 2156 et

545 2178 756 2242 iusuper
781 2179 1056 2242 inquilinos
1081 2181 1399 2244 privatarum
1426 2183 1616 2232 aedium

546 2264 703 2319 atque
731 2256 1030 2318 insularum,
1054 2258 1353 2321 pensionem
1396 2273 1617 2308 annuam

548 2341 925 2395 repraesentate
948 2333 1100 2395 fisco;
1136 2335 1418 2399 exegitque
1439 2336 1615 2398 ingen·

548 2411 589 2459 ti
613 2408 821 2461 fastidio
845 2417 899 2459 et
933 2411 1224 2460 acerbitate
1249 2425 1509 2460 nummum
1537 2426 1616 2460 as·

545 2500 749 2550 perum,
769 2521 781 2534 .
800 2521 813 2535 .
832 2493 887 2535 ut
907 2488 1140 2549 plerique
1159 2503 1359 2536 omnem
1381 2490 1616 2539 collatio·

546 2576 663 2611 nem
690 2564 859 2625 palam
886 2564 1221 2611 recusarent!
1273 2564 1379 2612 Sub
1412 2565 1615 2626 Augus-

548 2646 621 2695 to,
665 2645 677 2664 ⁸
709 2639 758 2685 iu
808 2639 1189 2686 restitutionem
1232 2639 1490 2688 Palatinae
1524 2642 1617 2689 do-

546 2727 678 2774 mus,
701 2713 942 2761 incendio
963 2713 1235 2776 absumtae,
1258 2719 1508 2779 veterani,
1527 2718 1617 2766 de-

546 2792 724 2851 curiae,
750 2790 932 2846 tribus,
958 2800 1114 2855 atque
1139 2793 1296 2840 etiam
1322 2793 1618 2855 siugulatim

547 2882 577 2916 e
600 2875 778 2916 cetero
803 2882 993 2929 genere
1019 2866 1299 2925 hominurn,
1318 2869 1541 2919 libentes
1558 2886 1619 2920 ac

546 2958 641 3008 pro
687 2942 943 2994 facultate
986 2944 1204 3009 quisque
1252 2945 1622 3008 contulerunt,'

547 3029 789 3070 narrante
822 3023 1036 3071 Suetou.
1080 3023 1213 3085 Aug.
1253 3036 1369 3085 cap.
1406 3026 1488 3072 ⁵7.
1558 3023 1619 3072 C.

550 3098 728 3146 Caesar
762 3098 1015 3160 Caligula,
1039 3104 1052 3124 ‘
1078 3097 1182 3146 filia
1221 3106 1366 3157 nata,
1399 3113 1620 3161 pauper·

550 3182 731 3228 tatem,
748 3188 843 3221 nec
858 3176 969 3235 jam
991 3174 1321 3235 imperatoria
1341 3174 1508 3231 modo,
1525 3174 1618 3223 sed

549 3255 604 3297 et
638 3250 806 3310 patria
831 3263 1157 3312 conquerens
1192 3263 1369 3311 onera,
1391 3252 1616 3300 collatio-

551 3338 642 3371 nes
662 3327 712 3371 iu
737 3325 1026 3373 alimoniam
1047 3330 1203 3391 atque
1235 3326 1409 3376 dotem
1432 3329 1620 3391 puellae

551 3399 792 3464 recepit,’
820 3410 954 3451 teste
991 3402 1176 3451 eodem
1213 3403 1426 3453 Suetou.
1452 3404 1621 3468 Calig.

552 3483 770 3542 capam.
830 3479 1142 3542 Hujusmodi
1180 3488 1194 3508 ‘
1219 3482 1555 3531 collationes'
1592 3497 1623 3531 a

551 3555 785 3618 benignis
812 3555 1216 3617 imperatoribus
1235 3558 1624 3621 recipiebantur

551 3629 759 3695 quidem
796 3646 953 3694 saepe,
977 3632 1064 3679 sed
1103 3646 1202 3680 uon
1239 3635 1624 3698 extorqueban-

553 3715 672 3769 tur;
708 3708 860 3757 immo
884 3722 980 3757 nec
1006 3723 1120 3757 raro
1145 3715 1159 3736 ⁴
1187 3711 1624 3761 remittebantur-⁹

552 3785 821 3849 Angustus
845 3783 911 3832 de
934 3799 988 3832 se
1011 3785 1145 3847 ipso,
1168 3786 1218 3833 in
1250 3786 1425 3849 lapide
1451 3789 1623 3852 Ancy-

555 3878 703 3919 rano,
742 3875 1078 3911 uvutcu’tts.
1105 3876 1188 3912 ετ.
1217 3877 1487 3914 commis.
1511 3880 1627 3915 tra·

554 3950 1626 3992 ntae-conrnunnrtnvs.itu-Tutvtuenos

555 4030 717 4066 meos.
734 4027 1053 4069 Qvtuc‘rvtu.
1079 4029 1297 4065 consvr..
1324 4032 1538 4068 itemst.
1560 4033 1628 4069 τι·

556 4106 785 4143 Ροετεᾼ.
799 4104 1272 4146 Qvo'rtescvnovtz.
1291 4108 1628 4146 tMPERATOR

557 4207 568 4219 .
592 4204 607 4220 .
642 4185 776 4221 ava.
808 4183 1200 4221 conouautvas.
1234 4185 1365 4222 nott.
1405 4188 1630 4224 necem.

554 4249 649 4298 Sic
681 4249 832 4297 Titus
864 4248 1228 4311 Vespasianus,
1256 4258 1390 4300 teste
1412 4252 1629 4304 Suetou.

547 4338 676 4388 cap.
697 4327 748 4376 7.
781 4328 797 4354 ⁶
819 4335 884 4373 ne
907 4336 1177 4376 concessas
1216 4325 1425 4392 quidem
1462 4341 1524 4380 ac
1548 4342 1631 4380 so·

1245 422 1463 470 NOTAE
1515 419 1929 470 vAltlottUM
1980 420 2057 468 nt

1687 564 1808 615 litas
1831 564 2134 614 collationes
2157 563 2398 628 recepit.’
2443 565 2639 616 Contra
2659 566 2754 617 dn·

1688 641 1854 691 riores
1880 641 2140 704 principes
2176 638 2537 702 efflagitabant
2573 650 2628 692 et
2662 656 2753 691 ex·

1691 717 2017 780 torquebant.
2085 718 2250 779 Nero,
2293 725 2350 768 nt
2385 719 2602 768 Sueton.
2637 733 2754 782 cap.

1688 800 1770 846 38.
1806 803 2004 859 narrat,
2029 802 2043 824 ‘
2068 797 2427 846 collationibus
2449 811 2550 846 non
2574 811 2756 862 recep·

1690 873 1756 921 tis
1781 873 1954 931 modo,
1986 887 2163 922 verum
2199 883 2253 922 et
2288 872 2606 937 efflagitatis,
2636 889 2754 938 pro-

1689 948 1908 1010 vincias,
1952 950 2374 1014 privatorumque
2419 965 2624 1011 census,
2665 965 2756 1000 ex·

1688 1024 1895 1075 bausit.’
1961 1028 2089 1076 Cum
2110 1041 2233 1075 vero
2256 1027 2452 1076 Plinius
2469 1028 2535 1077 de
2559 1029 2754 1078 ceteris

1689 1101 2017 1151 liberalitatis
2073 1102 2510 1169 benignitatisque
2546 1104 2757 1168 Trajani

1690 1178 1964 1241 generibus
1990 1193 2145 1242 snpra
2169 1180 2359 1241 egerit,
2380 1195 2427 1229 v.
2452 1195 2501 1243 g.
2519 1182 2585 1230 de
2606 1190 2756 1232 ‘con-

1690 1256 1852 1320 giario
1871 1255 1883 1276 ’
1906 1263 1960 1305 et
1983 1258 1998 1285 ⁴
2026 1256 2311 1314 donativo‚’
2330 1272 2446 1319 cap.
2471 1262 2554 1307 2⁵.
2577 1263 2659 1308 26.
2675 1263 2757 1309 28.

1690 1333 1755 1381 de
1778 1340 1792 1361 ⁸
1818 1333 2016 1382 abactis
2039 1332 2398 1390 delatoribtts,'
2433 1347 2550 1397 cap.
2584 1339 2665 1384 84.
2702 1341 2756 1387 et

1690 1414 1772 1458 35.
1807 1411 1822 1436 ‘
1847 1409 1912 1458 de
1953 1408 2293 1471 vectigalibus
2335 1411 2672 1474 temperatis,'
2708 1426 2757 1461 c.

1688 1489 1901 1535 37—40.
1934 1485 2116 1534 mirum
2134 1492 2233 1540 est,
2255 1500 2348 1535 cnr
2371 1501 2472 1535 non
2502 1487 2663 1537 etiam
2687 1488 2758 1537 ibi

1692 1563 1993 1611 nominatim
2018 1562 2327 1612 mentionem
2352 1563 2589 1625 injecerit
2619 1566 2635 1593 ⁴
2656 1566 2758 1615 col·

1691 1638 1938 1686 lationum
1964 1638 2289 1686 remissarum
2306 1654 2321 1699 ς
2338 1636 2351 1658 ’
2385 1639 2482 1688 nisi
2500 1638 2639 1688 forte
2657 1641 2758 1691 huc

1692 1712 1902 1769 referas.
1925 1728 1989 1763 ex
2007 1728 2123 1777 cap.
2138 1718 2222 1763 1⁷.
2237 1729 2409 1764 aurum
2434 1719 2759 1767 coronarium

1691 1790 1844 1839 sociis
1885 1805 1987 1839 nou
2028 1799 2289 1840 extortum
2311 1807 2324 1841 z
2378 1792 2394 1822 ‘
2418 1792 2649 1856 Videor,'
2683 1794 2760 1844 in·

1691 1868 1822 1930 quit,
1859 1868 1997 1930 ‘jam
2041 1880 2257 1917 cernere
2297 1881 2397 1917 non
2429 1870 2604 1932 spoliis
2642 1884 2760 1934 pro·

1690 1943 1996 1999 vinciarum.
2027 1950 2081 1992 et
2101 1950 2309 1993 extorto
2332 1945 2485 1994 sociis
2510 1960 2659 2011 auro,
2679 1979 2694 1996 .
2715 1981 2729 1995 .
2749 1980 2764 1997 .

1691 2021 2003 2083 triumphum
2031 2021 2278 2083 gravem!
2311 2021 2551 2073 Schmun·

1756 2098 2048 2147 Donaticum
2070 2099 2354 2163 reddidisse]
2404 2100 2486 2149 De
2517 2102 2534 2130 ‘
2555 2100 2762 2151 donati·

1692 2187 1757 2222 vo
1778 2177 1791 2200 ³
1827 2174 1933 2222 dixi
1961 2189 2117 2236 supra
2143 2174 2209 2223 ad
2247 2190 2300 2239 p.
2321 2181 2436 2224 666.
2454 2182 2469 2204 ·
2493 2176 2734 2226 Reddere
2750 2177 2763 2197 ’

1690 2253 1773 2302 hic
1795 2254 2007 2315 ponitur
2027 2268 2120 2317 pro
2135 2254 2355 2317 simplici
2373 2254 2549 2315 verbo,
2570 2262 2584 2282 ‘
2603 2254 2762 2304 dare:

1694 2331 2012 2394 Praepositio
2036 2330 2171 2379 enim
2210 2331 2572 2395 inseparabilis
2598 2346 2651 2379 re
2672 2332 2764 2380 ali·

1693 2408 1901 2474 quaudo
1927 2408 1978 2458 in
2002 2407 2174 2457 verbis
2201 2406 2504 2470 compositis
2527 2421 2629 2458 non
2652 2422 2760 2458 run·

1693 2493 1770 2535 tat
1813 2484 2240 2549 significationem
2295 2484 2628 2547 simplicium,
2671 2492 2763 2535 aut

1693 2570 1837 2610 certe
1862 2576 1962 2610 non
1987 2560 2473 2624 reciprocationem,
2500 2562 2580 2609 vel
2608 2561 2762 2609 reite·

1694 2638 1841 2687 randi
1866 2645 2058 2700 actum,
2082 2643 2349 2699 connotat,
2388 2643 2446 2684 ut
2482 2636 2536 2684 in
2575 2635 2762 2691 verbis.

1693 2720 1707 2742 ⁴
1735 2713 2048 2775 resciscere,'
2092 2720 2105 2740 ⁴
2133 2711 2394 2768 revereri‚'
2437 2712 2455 2739 ⁴
2491 2711 2764 2776 recipere.'

1693 2788 1708 2816 ⁴
1729 2787 2146 2852 repraesentare-²
2210 2787 2487 2850 sigillatim
2513 2787 2580 2836 de
2602 2788 2763 2837 verbo

1692 2868 1707 2897 ‘
1729 2865 1982 2927 reddere,'
2006 2866 2100 2914 ltoc
2123 2865 2418 2914 observavit
2437 2872 2587 2914 vetus
2603 2865 2763 2928 juris-

1693 2945 1958 2993 consultus
1980 2944 2179 3003 Celsus,
2201 2943 2236 2991 l.
2269 2945 2352 2990 21.
2373 2959 2427 2989 a·-
2454 2943 2520 2991 de
2551 2942 2763 3005 Legatis

1692 3028 1746 3069 et
1768 3019 2052 3069 Fideicom.
2074 3020 2216 3079 item,
2241 3020 2274 3067 l.
2296 3024 2380 3068 94.
2402 3036 2456 3066 π.
2479 3019 2544 3067 de
2562 3020 2762 3068 Verbo·

1697 3114 1806 3147 rum
1841 3096 2031 3160 Signis.
2066 3095 2332 3146 ‘Verbum
2358 3096 2652 3156 reddendi,’
2692 3099 2766 3147 iu·

1695 3174 1827 3237 quit,
1845 3173 1861 3199 ‘
1884 3187 2194 3238 quamquam
2230 3171 2578 3237 significatum
2605 3173 2764 3223 babet

1696 3258 1838 3299 retro
1862 3248 2038 3308 dandi,
2062 3250 2251 3312 recipit
2286 3258 2457 3299 tamen
2492 3257 2547 3298 et
2581 3264 2676 3312 per
2709 3266 2765 3301 se

1695 3324 1851 3374 dandi
1874 3323 2340 3388 significationem?
2393 3325 2480 3374 Sic
2499 3326 2637 3388 apud
2658 3326 2768 3376 Cic.

1695 3403 1831 3453 idern
1852 3404 2025 3452 valent
2046 3402 2283 3452 fot-mule
2302 3401 2496 3466 obvie,
2518 3404 2533 3430 ‘
2552 3417 2770 3467 respon·

1694 3496 1806 3529 sum
1841 3479 2002 3538 dare,’
2040 3487 2094 3529 et
2117 3486 2132 3509 ‘
2160 3492 2464 3542 responsum
2506 3478 2770 3531 reddere-⁹

1697 3555 1854 3618 Item,
1876 3556 2012 3619 apud
2036 3555 2161 3604 alios
2179 3554 2337 3603 bonos
2353 3555 2644 3614 auctores,‘
2665 3565 2765 3604 tes·

1702 3633 1967 3682 timonium
1994 3630 2149 3680 alicui
2172 3629 2339 3691 dare,’
2362 3638 2418 3680 et
2440 3639 2455 3661 ‘
2482 3631 2771 3682 testimoni-

1700 3723 1781 3757 nm
1808 3706 2064 3763 retldere.'
2086 3709 2187 3755 ἅτε.
2223 3706 2377 3755 Ideni.

1768 3784 2086 3848 Temperosse]
2121 3782 2272 3833 Istud
2290 3783 2554 3847 vigoeinoe,
2574 3782 2640 3832 ad
2662 3799 2770 3834 ωο-

1703 3863 1820 3912 dum
1839 3864 1948 3926 jam
1968 3862 2183 3911 dictum.
2218 3860 2354 3923 Lips.

1768 3939 2240 4000 Hubeutsrngolitas
2263 3936 2519 4000 principis]
2556 3937 2663 3986 Pro
2683 3936 2768 3986 ka·

1701 4018 1824 4079 beat,
1859 4016 1910 4064 in
1944 4015 2209 4065 codicibus
2250 4014 2425 4062 vatic.
2465 4013 2771 4069 parisiensi,

1704 4097 1932 4151 Veneto,
1953 4099 2010 4143 et
2040 4107 2175 4155 tneo,
2205 4092 2455 4155 scriptum
2490 4099 2576 4141 est
2614 4092 2774 4149 babet.

1705 4173 1845 4237 quasi
1873 4179 1990 4235 post
2016 4170 2323 4221 vocabulum
2347 4170 2550 4231 reditas,
2574 4167 2773 4232 perfec-

1706 4258 1759 4300 ta
1800 4250 2150 4312 interpunctio
2183 4245 2505 4308 collocanda,
2548 4257 2602 4293 et
2649 4246 2769 4295 inde

1704 4340 1837 4377 nova
1861 4324 2103 4390 periodus
2125 4322 2367 4389 incipiat,
2398 4323 2480 4374 Aa
2516 4328 2680 4373 tentos
2701 4322 2773 4373 ei-
