3060 4902
769 401 833 451 c.
881 400 1121 451 amun
1172 399 1503 449 saeuum
1554 367 1828 448 uuae.
1902 399 1950 448 1.
1980 383 2090 448 54.

327 557 480 610 geras
512 543 569 594 iu
609 543 748 594 uotis
783 544 887 594 suis
913 544 979 594 ad
1001 542 1199 595 Justin.
1222 547 1399 594 nno.

325 635 480 686 quem
509 620 648 671 vide.
681 619 920 669 Friaclsm.
1161 669 1166 675 ,

394 694 841 756 cmissioaibas]
871 694 957 743 Sic
984 694 1188 755 reposui
1213 708 1307 757 pro
1323 708 1399 742 co·

326 772 711 832 assationibus,
732 786 847 835 quae
871 770 1131 833 vulgatior
1153 771 1272 819 olim
1297 770 1400 819 lec-

328 850 404 899 tio
428 847 555 898 fuit.
614 849 682 896 Et
702 846 719 874 ‘
735 845 1147 897 commissiones’
1168 847 1400 907 intelligo

329 925 644 985 certamina,
670 930 775 973 tum
801 923 1132 978 athletarum,
1152 930 1256 971 tum
1278 921 1400 985 poi}-

330 1010 523 1057 tarum,
558 1000 874 1062 aliorumque
914 998 1133 1061 hujusce
1172 999 1404 1061 generis,

331 1076 546 1126 scenica
581 1074 891 1138 presertim.
970 1072 1169 1123 Jubent
1210 1088 1292 1122 me
1329 1074 1403 1122 ita

331 1151 534 1213 legere,
579 1150 805 1213 Lipsius,
842 1148 1194 1207 Casaubonus,
1233 1149 1403 1198 Cella-

333 1228 460 1277 τίω.
496 1226 718 1275 Patarol.

403 1303 792 1366 celebrarentur,
801 1303 1117 1368 saltarentur]
1135 1304 1280 1354 Sicut
1295 1318 1403 1353 mu·

334 1393 465 1429 nera
500 1389 555 1428 et
590 1379 768 1428 laudes
804 1380 1050 1441 Deorum,
1077 1379 1213 1443 quod
1244 1394 1403 1443 supra

337 1457 473 1518 dixi,
495 1455 901 1505 celebrabantur
931 1457 979 1504 in
1014 1456 1295 1516 conviviis3
1329 1457 1406 1505 ita

337 1533 533 1583 ibidem
584 1534 741 1581 etiam
796 1532 1113 1596 principum,
1160 1539 1404 1595 tauquam

339 1609 593 1670 Deorum,
631 1607 812 1656 laudes
851 1608 1107 1656 celebrari
1149 1607 1406 1657 solebant.

337 1683 597 1747 Equidem
649 1683 702 1732 in
749 1681 896 1732 libris
941 1683 1200 1745 impressis
1246 1682 1407 1731 verbo

337 1760 636 1810 atterentur
674 1758 828 1820 vulgo
865 1758 1113 1821 adjicitur
1150 1758 1410 1821 particula

338 1833 613 1897 δγκλιτεκῆ,
629 1848 717 1897 que
731 1851 751 1893 ,·
770 1833 862 1883 sed
877 1847 989 1882 eam
1006 1848 1180 1882 omues
1199 1834 1408 1883 codices

344 1914 475 1963 Mas.
515 1914 778 1967 nesciunt,
810 1926 887 1968 ac,
924 1927 1037 1960 mea
1061 1910 1266 1974 quidem
1299 1909 1410 1973 opi·

343 1990 525 2050 nione,
551 1988 860 2051 tempestive
881 1993 1126 2050 recteque
1143 1987 1412 2048 omittunt,

343 2063 481 2113 baud
507 2078 678 2124 secus,
699 2078 760 2111 ac
786 2063 959 2126 paullo
990 2069 1123 2125 post,
1145 2062 1162 2087 ‘
1183 2062 1414 2124 vocibus,

347 2139 535 2196 modis,
595 2137 868 2202 gestibus,'
920 2136 1183 2186 ἀσυνδέτους
1236 2138 1414 2186 dicun-

347 2226 454 2266 tur.
525 2214 610 2264 Ad
647 2214 866 2265 fractam
898 2215 1034 2264 enim
1066 2214 1413 2263 adulationem

346 2294 764 2358 exprimendam,
789 2294 1021 2343 oratione
1052 2293 1209 2341 etiam
1246 2291 1417 2343 fracta

347 2371 642 2434 solutaque,
660 2384 790 2434 opus
808 2384 921 2419 esse
938 2369 1234 2418 videbatur.
1280 2368 1418 2420 Adu-

348 2450 478 2499 latio
506 2456 682 2499 autem
718 2464 812 2513 per
840 2449 1166 2498 saltationem
1190 2455 1417 2514 poterat,

352 2534 409 2577 et
431 2527 483 2575 in
511 2524 665 2586 ludia,
686 2525 1007 2589 publicisque
1033 2526 1173 2587 locis,
1188 2534 1244 2574 et
1268 2526 1315 2573 iu
1335 2539 1419 2575 co·

352 2602 768 2665 minationibus,
783 2616 844 2650 ac
862 2603 986 2651 locis
1002 2603 1234 2665 privatiS,
1250 2603 1416 2652 locum

351 2678 579 2738 babere3
603 2677 723 2727 dum
743 2678 917 2726 laudes
938 2679 1201 2741 principis.
1215 2681 1295 2728 vel
1314 2693 1421 2727 car-

352 2756 511 2810 mina,
537 2768 654 2818 quae
681 2754 934 2817 ejusmodi
961 2754 1138 2803 landes
1161 2757 1421 2818 complec-

356 2831 626 2886 tebantur,
662 2845 692 2878 a
728 2830 938 2879 musicis
974 2831 1266 2895 mimisque,
1302 2845 1422 2879 can-

357 2916 600 2960 tarentur
618 2914 670 2956 et
694 2909 1027 2957 saltarentur.
1097 2907 1252 2957 Ovid.
1268 2909 1427 2957 Trist.

358 2997 422 3035 ιι.
445 2987 564 3033 519.
601 2984 617 3010 ‘
641 2984 712 3033 Et
734 2997 850 3033 mea
871 2991 993 3033 sunt
1023 2985 1213 3047 populo
1235 2985 1426 3034 saltata

359 3059 607 3126 poemata
646 3059 823 3122 saepel
899 3059 1048 3108 Idem
1088 3060 1204 3109 Art.
1239 3059 1356 3111 Am.
1388 3075 1426 3109 1.

357 3141 476 3187 aot.
509 3139 526 3164 ⁸
552 3136 623 3185 Et
648 3135 881 3198 plaudas,
900 3137 1122 3201 aliquam
1149 3137 1298 3186 mimo
1326 3139 1425 3186 sal·

362 3220 511 3262 tante
544 3210 807 3275 puellam)
877 3213 944 3262 Et
980 3215 1093 3276 quis
1127 3214 1313 3276 nescit,
1336 3213 1428 3262 mi·

361 3303 473 3338 moa
495 3298 552 3338 et
577 3290 917 3352 pantomimos
936 3290 999 3338 ad
1020 3290 1256 3339 convivia
1272 3291 1429 3340 etiam

362 3366 648 3430 aliquando
668 3366 987 3416 introductos
1005 3366 1191 3428 fuisse;
1220 3374 1274 3416 et
1292 3368 1431 3430 ipsos

363 3457 571 3508 quoque
599 3442 843 3493 convivas
874 3442 1156 3492 identidem
1190 3445 1432 3504 saltasse3

364 3523 604 3586 quamvis
643 3520 694 3569 id
737 3522 787 3570 in
823 3521 1090 3584 republica
1125 3522 1290 3571 libera
1321 3520 1432 3571 fere

366 3596 680 3661 probrosum
703 3603 846 3645 esset
869 3598 989 3645 viris
1012 3595 1315 3662 feminisque
1343 3599 1433 3647 ho-

367 3673 563 3732 nestis3
596 3671 734 3736 quod
768 3686 835 3720 ex
867 3672 981 3721 Cic.
1005 3687 1097 3734 pro
1123 3672 1365 3731 Murena,
1388 3688 1434 3721 c.

367 3753 418 3799 6.
439 3756 494 3798 et
516 3762 585 3797 ex
609 3748 814 3796 Sallust.
836 3747 994 3796 Catil.
1023 3762 1069 3798 e.
1093 3753 1174 3798 25.
1195 3748 1434 3811 intelligi⁴

370 3824 524 3874 snus?
558 3822 698 3873 Veli.
718 3836 784 3874 n.
800 3826 880 3872 18.
900 3822 966 3872 de
990 3824 1213 3874 Planco:
1246 3827 1260 3851 ‘
1279 3826 1437 3873 Plan·
1467 3842 1477 3863 s

369 3915 482 3964 cua,
495 3914 611 3950 cum
628 3897 807 3948 fnisset
824 3899 1134 3949 humillimus
1151 3908 1440 3950 assentator

374 3981 592 4044 reginae,
638 3985 694 4027 et
733 3977 868 4027 iufra
910 3993 1086 4028 servos
1124 3982 1307 4041 cliens,
1342 4014 1356 4029 .
1381 4016 1395 4032 .
1422 4015 1437 4031 .

373 4056 594 4123 genibus
619 4055 841 4118 innixus,
863 4056 1120 4106 Glaucum
1149 4058 1362 4107 saltavit
1386 4060 1437 4108 iu

369 4131 645 4184 convivim'
680 4131 923 4183 Setinum.

448 4208 674 4264 Vocibus.
696 4207 867 4271 modis,
883 4207 1119 4268 gestibus,
1147 4206 1439 4272 frangeren-

375 4286 481 4353 tar]
522 4283 745 4344 Vocibus,
783 4284 819 4336 i.
843 4298 891 4336 e.
915 4282 1225 4337 clamoribus
1260 4293 1315 4336 et
1351 4301 1438 4339 ac·

2402 382 2534 449 7¹7⁷

1473 543 1892 593 clamationibus.
1946 544 1963 572 ‘
1982 540 2130 592 Medi
2145 539 2161 562 '
2178 540 2389 605 proprie
2413 546 2536 591 sunt

1475 621 1783 669 musicorum
1806 621 1858 668 in
1880 620 2094 669 canticis
2113 633 2129 678 ς
2150 618 2285 667 uude
2309 625 2363 667 et
2391 618 2536 680 Apu·

1474 696 1577 744 leio
1602 696 1651 744 in
1680 696 1816 744 Flor.
1845 709 1963 758 pag.
1984 699 2100 743 342.
2132 699 2148 723 ‘
2174 692 2535 743 modificator'

1475 772 1771 834 appellatur
1801 780 2007 832 cantor3
2041 772 2245 821 Graecis
2290 771 2536 820 dicuutur

1473 845 1624 907 νόμοι.
1693 847 1914 898 Quidam
1940 853 2144 896 veteres
2183 848 2345 910 ipsam
2383 847 2537 897 musi-

1476 937 1591 971 cam
1626 920 1939 972 definierunt
1973 929 1988 951 ⁸
2008 923 2246 985 peritiam
2273 922 2539 972 faciendo-

1478 1013 1590 1048 rum
1608 1007 1662 1048 et
1689 998 2039 1048 canendorum
2064 996 2367 1047 modorum.’
2414 1000 2538 1048 ‘Cu-

1470 1077 1562 1139 jus
1594 1076 1799 1138 generis
1836 1076 1963 1123 varii
1999 1077 2014 1102 ‘
2034 1073 2203 1123 modi'
2235 1089 2540 1123 enumeran·
2566 1071 2573 1078 “

1479 1154 1683 1214 tur,qui
1710 1164 1739 1199 a
1765 1149 2059 1211 provinciis,
2082 1148 2165 1197 ubi
2186 1149 2380 1211 reperti
2400 1157 2539 1204 aunt.

1474 1224 1797 1275 denominari
1820 1231 2232 1284 consueverunt;
2268 1239 2316 1272 v.
2341 1238 2388 1286 g.
2430 1226 2541 1273 Do·

1479 1307 1607 1368 rius,
1645 1306 1919 1368 Phrygius,
1950 1304 2164 1364 AEolius,
2188 1303 2412 1361 Tastina,
2438 1303 2540 1366 Ly.

1481 1381 1611 1431 dius.
1678 1382 1811 1430 Vide
1836 1380 2129 1443 Apuleium,
2169 1381 2203 1430 l.
2227 1394 2273 1429 e.
2297 1388 2350 1429 et
2375 1381 2543 1428 Cassi-

1483 1457 1630 1506 odor.
1652 1458 1823 1522 Epist.
1851 1470 1914 1504 ιι.
1942 1460 2023 1504 40.
2046 1455 2135 1504 ubi
2174 1454 2354 1509 tradit.
2378 1454 2540 1504 artifi-

1483 1534 1668 1584 cialem
1712 1533 1962 1582 musicam
1996 1538 2010 1559 ⁸
2036 1531 2199 1579 modis
2241 1531 2541 1595 quindecim

1486 1609 1773 1669 contineri,'
1820 1623 1946 1673 quos
1990 1614 2047 1657 et
2100 1609 2115 1635 ‘
2147 1613 2296 1656 tonos
2314 1605 2328 1628 '
2374 1614 2542 1657 vocat.

1489 1688 1867 1748 Franguntur,
1907 1685 1943 1732 i.
1977 1698 2026 1732 e.
2068 1684 2291 1733 molliter
2326 1697 2544 1732 enerva-

1487 1771 1685 1819 rentur,
1708 1771 1760 1812 et
1784 1767 2202 1811 attenuarentur.
2238 1760 2435 1809 Auctor
2454 1762 2544 1810 Di-

1489 1841 1624 1904 alogi
1649 1841 1712 1888 de
1731 1840 1937 1889 Caussis
1953 1840 2199 1900 corrupt.
2222 1838 2371 1901 Eloq.
2394 1853 2440 1886 c.
2463 1841 2547 1887 27.

1490 1923 1505 1945 ⁸
1521 1919 1638 1969 Quo
1659 1926 1931 1980 appareat,
1945 1914 2127 1980 quibus
2145 1913 2389 1978 gradibus
2408 1913 2545 1964 frac-

1491 2002 1547 2044 ta
1569 1997 1635 2043 sit
1658 2001 1713 2044 et
1734 1994 1997 2043 deminuta
2020 1990 2353 2057 eloquentia.’
2414 1993 2548 2041 Lau-

1490 2070 1754 2120 dationem
1810 2078 1983 2118 autem
2039 2067 2282 2123 fractam,
2325 2068 2546 2117 theatris

1489 2161 1692 2211 quoque
1716 2144 2031 2205 indecoram,
2064 2151 2118 2193 et
2155 2144 2294 2193 inter
2323 2144 2550 2206 privato·

1492 2240 1603 2273 rum
1630 2224 1970 2273 recitationes
1993 2222 2198 2287 (quidni
2225 2231 2279 2272 et
2306 2224 2441 2271 iuter
2463 2235 2549 2271 co-

1491 2300 1819 2348 missationes
1842 2300 1886 2363 ?)
1922 2306 2045 2346 tunc
2082 2299 2342 2355 usitatam,
2375 2311 2552 2359 repre·

1493 2375 1673 2424 hendit
1696 2375 1834 2424 Plin.
1860 2374 2031 2436 Epist.
2053 2387 2117 2421 ιι.
2143 2376 2219 2421 14.
2239 2375 2254 2400 ‘
2272 2372 2447 2420 Pudet
2468 2386 2552 2421 re-

1492 2451 1651 2509 ferre,
1686 2465 1804 2516 quae
1850 2465 2001 2515 quam
2049 2447 2217 2499 fracta
2250 2448 2553 2513 pronuntia-

1496 2529 1635 2578 tione
1661 2528 1925 2587 dicantur;
1962 2525 2146 2589 quibus
2171 2539 2323 2587 quam
2357 2524 2553 2574 teneris

1493 2603 1799 2654 clamoribus
1816 2601 2161 2664 excipiantur.
2196 2600 2416 2648 Plausus
2441 2606 2553 2649 tan-

1495 2688 1624 2736 tum,
1655 2694 1716 2729 ac
1744 2680 1917 2741 potius
1952 2679 2062 2726 sola
2087 2677 2319 2740 cymbala
2341 2682 2396 2726 et
2420 2681 2556 2739 tym-

1497 2771 1632 2819 pana
1655 2756 1755 2805 illis
1790 2754 2008 2805 canticis
2046 2753 2250 2802 desunt.
2318 2752 2558 2802 Ululatua

1498 2835 1731 2901 quidem,
1764 2834 1964 2898 (neque
1987 2832 2122 2881 euim
2165 2831 2268 2879 alio
2301 2829 2557 2879 vocabulo

1499 2918 1673 2976 potest
1699 2906 1918 2972 exprimi
1944 2906 2162 2956 theatris
2185 2920 2390 2969 quoque
2412 2904 2560 2954 inde·

1499 3004 1623 3039 cora
1644 2984 1921 3048 laudatio.)
1956 2987 2097 3046 large
2111 2982 2419 3045 supersunt-⁹
2450 2980 2559 3032 Sed

1500 3070 1558 3114 et
1597 3065 1647 3112 iu
1687 3061 2039 3112 effeminatam
2083 3059 2560 3121 pronuntiationem

1501 3149 1766 3192 oratorum
1832 3138 1911 3187 sui
1976 3135 2224 3197 temporis
2299 3133 2563 3182 invehitur

1503 3218 1759 3270 Quinctil.
1802 3215 1979 3263 Iustit.
2017 3213 2166 3262 Orat.
2213 3223 2293 3260 xl.
2328 3214 2377 3258 3.
2415 3210 2430 3237 ‘
2453 3208 2563 3260 Sed

1505 3293 1845 3358 quodcunque
1885 3304 1949 3338 ex
1985 3288 2063 3336 his
2089 3287 2270 3335 vitium
2295 3284 2455 3347 magis
2482 3292 2564 3334 tu-

1505 3371 1673 3422 lerim,
1695 3381 1870 3432 quam,
1893 3379 1994 3427 quo
2024 3377 2161 3410 nuuc
2181 3361 2402 3410 maxime
2424 3361 2568 3410 labo·

1506 3453 1652 3496 ratur
1671 3445 1723 3494 iu
1746 3441 1935 3492 caussis
1973 3437 2228 3498 omuibus,
2257 3438 2569 3499 scholisque,

1507 3520 1749 3572 cantandi
1766 3537 1779 3567 :
1795 3516 1931 3583 quod
1956 3515 2253 3564 inutiliusve
2276 3514 2363 3572 sit,
2383 3528 2447 3561 an
2471 3512 2567 3565 foe-

1506 3600 1644 3659 dius,
1668 3599 1863 3646 nescio.
1930 3591 2067 3644 Quid
2093 3592 2226 3638 enim
2260 3590 2428 3639 minus
2453 3604 2571 3639 ora·

1507 3676 1607 3725 tori
1631 3672 1894 3726 convenit,
1918 3684 2070 3734 quam
2095 3666 2375 3715 modulatio
2405 3666 2573 3714 sceui·

1509 3766 1593 3814 ca,
1626 3758 1679 3799 et
1724 3763 1827 3798 non
1864 3759 2126 3809 nunquam
2162 3743 2442 3803 ebriorum,
2477 3748 2569 3789 aut

1510 3828 1913 3883 comissantium,
1932 3826 2160 3874 licentias
2185 3822 2369 3871 similis
2385 3818 2419 3868 ?’
2440 3821 2572 3869 Per-

1512 3909 1682 3958 tiuent
1715 3909 1813 3955 huc
1849 3906 2025 3957 etiam.
2059 3916 2174 3966 quae
2205 3901 2336 3948 hauc
2372 3899 2421 3947 in
2463 3911 2571 3946 rem

1511 3983 1718 4033 disserit
1733 3987 1916 4029 auctor
1929 3977 2137 4038 Dialogi
2151 3975 2213 4023 de
2225 3973 2574 4024 CaussisCor-

1513 4067 1682 4121 ruptae
1704 4058 1855 4120 Eloq.
1882 4070 1928 4104 c.
1950 4059 2033 4103 26.
2057 4055 2072 4080 ‘
2094 4053 2280 4114 Neque
2298 4050 2434 4097 enim
2459 4062 2575 4096 ora-

1515 4135 1677 4185 torius
1709 4133 1829 4189 iste,
1867 4132 2023 4180 immo
2063 4127 2272 4176 hercule
2305 4140 2370 4173 ne
2411 4124 2572 4174 virilis

1513 4211 1723 4276 quidem
1747 4210 1915 4260 cultus
1934 4213 2036 4262 est,
2060 4217 2161 4268 quo
2184 4203 2417 4265 plerique
2444 4209 2574 4251 tem-

1514 4302 1701 4355 porum
1714 4292 2007 4336 nostrorum
2024 4287 2231 4332 actores
2245 4278 2319 4330 ita
2337 4284 2576 4346 utuntur,
