3060 4902
496 364 628 429 602

498 535 556 571 se
578 520 877 584 profitetur,
900 535 1017 570 eum
1042 519 1305 584 sapientes
1335 523 1413 571 sui
1459 521 1562 584 pri·

499 612 637 649 mum
675 598 862 660 capitis
896 598 1037 647 aiunt
1073 597 1339 648 custodem
1367 612 1481 646 esse
1508 613 1561 648 o-

499 673 747 739 portere.'
832 673 1097 738 Ejusmodi
1143 674 1303 737 igitur
1348 674 1563 736 vigilan·

500 753 645 812 tiam,
674 752 725 799 in
761 765 946 812 magna
980 765 1195 799 annonae
1233 748 1564 807 difficultate,

501 844 606 893 qua
648 836 770 878 tunc
815 827 1082 877 laborabat
1119 829 1389 890 AEgyptus‚
1435 828 1564 877 alias

498 903 835 966 fertilissima,
880 905 1035 952 etiam
1088 905 1332 966 Fortuna,
1377 912 1435 952 ut
1489 904 1563 953 ait

501 979 726 1044 Plinius,
748 994 773 1027 a
792 980 1012 1043 Trajano
1037 980 1348 1042 imperatore
1373 994 1564 1042 expec-

501 1057 651 1112 tavit,
674 1072 789 1104 cuin
814 1056 861 1104 ei
882 1056 1204 1111 occasionem
1228 1056 1375 1118 liujus
1402 1058 1563 1104 virtu·

501 1134 568 1183 tis
609 1134 916 1183 exerceudae
958 1134 1235 1197 praeberet.
1307 1133 1562 1196 Equidem

501 1211 664 1260 verbo
702 1217 970 1273 exspectare
1008 1210 1378 1274 possessionem
1415 1210 1565 1273 hujus

500 1286 603 1334 loci
662 1286 712 1334 in
771 1286 1179 1334 controversiam
1233 1292 1422 1333 vocant
1468 1285 1563 1333 viri

501 1361 710 1411 eruditi.
782 1362 885 1410 Pro
915 1376 994 1417 eo,
1030 1361 1373 1422 Cuspinianus
1397 1360 1566 1410 edidit

500 1444 759 1489 ostentare.
829 1440 1051 1501 Lipsius,
1077 1440 1246 1488 animo
1275 1440 1416 1503 quasi
1454 1454 1565 1487 sus-

503 1530 684 1579 penso,
730 1516 971 1579 scripsit:
1026 1516 1177 1577 Vide,
1225 1530 1288 1563 an
1332 1517 1570 1578 spectari?

507 1590 623 1641 Hoc
650 1598 820 1640 tamen
845 1584 1047 1655 redepit
1069 1591 1329 1648 Baunius;
1365 1592 1567 1652 recepit

503 1682 641 1718 nunc
676 1668 832 1717 etiam
870 1668 1150 1718 Gesnerus.
1220 1668 1282 1715 In
1321 1665 1480 1716 Gudii
1507 1667 1564 1715 li·

504 1744 599 1793 bro
625 1745 796 1806 priore
823 1752 1077 1791 annotatae
1102 1749 1221 1790 sunt
1254 1743 1371 1790 duae
1398 1743 1564 1790 varie-

505 1827 663 1882 tates,
705 1826 961 1879 ostentare,
1008 1825 1063 1867 et
1115 1824 1344 1880 spectare.
1412 1819 1566 1867 Prior

504 1896 615 1946 sine
650 1894 805 1943 dnbio
840 1909 904 1943 ex
941 1895 1257 1958 Cuspiniauo
1292 1894 1567 1956 depromta

505 1980 618 2031 est,
655 1970 790 2019 unde
817 1984 941 2018 vero
975 1971 1136 2019 altera
1161 1970 1249 2030 sit,
1286 1969 1402 2017 mihi
1428 1969 1562 2018 haud

502 2049 689 2112 liquet.
733 2049 852 2097 Non
878 2046 1083 2109 quidem
1110 2046 1407 2101 Ascensum,
1428 2047 1565 2111 qnod

505 2137 571 2174 ex
605 2137 780 2173 errore
818 2123 1158 2185 scripseram;
1195 2123 1307 2185 sed,
1340 2131 1396 2171 ut
1434 2124 1565 2173 bone

504 2207 683 2249 monet
729 2199 1059 2254 Arntzenius,
1103 2200 1297 2247 Paulus
1347 2200 1569 2262 Stepha-

504 2290 624 2340 nus,
665 2278 714 2326 in
754 2277 984 2325 editione
1018 2276 1272 2339 Catamei,
1305 2291 1388 2323 an.
1420 2280 1567 2325 1600.

505 2363 560 2404 et
578 2355 878 2414 Chovetius,
895 2369 976 2404 an.
995 2358 1138 2402 1625.
1153 2363 1310 2418 atque
1327 2369 1407 2402 an.
1425 2358 1573 2403 1643.

503 2431 810 2494 evulgarunt
831 2435 1053 2492 spectare.
1110 2430 1238 2481 Quae
1268 2430 1420 2479 lectio
1443 2430 1567 2495 quin

504 2522 574 2558 ex
596 2509 800 2570 ingenio
824 2508 1133 2557 correctoris
1162 2508 1456 2564 dimanarit,
1482 2508 1569 2556 vix

505 2583 706 2634 dubito.
775 2585 836 2632 ln
879 2584 1133 2646 prioribus
1168 2584 1302 2631 enim
1332 2584 1567 2633 Catanaei

505 2661 842 2724 editionibus.
860 2675 973 2723 qua·
997 2659 1112 2707 vivo
1131 2669 1344 2708 auctore
1365 2660 1568 2723 prodie-

505 2745 641 2794 rant.
654 2752 953 2800 expressum
966 2744 1046 2784 est
1060 2736 1268 2785 verbnm
1279 2742 1569 2797 exspectare.

505 2814 794 2879 Adoptavit
821 2812 958 2862 istud
990 2812 1202 2861 verbnm
1228 2812 1568 2874 Arntzenius3

506 2899 564 2944 et
585 2892 721 2941 idem
747 2891 866 2939 mibi
899 2890 994 2953 ipsi
1026 2889 1243 2939 antehac
1278 2889 1403 2938 mire
1439 2890 1566 2938 arri·

505 2967 699 3029 debat;
732 2967 868 3031 quod
901 2965 1195 3028 intelligere
1224 2965 1344 3015 licet
1369 2980 1431 3014 ex
1461 2966 1565 3015 Ex·

507 3059 647 3095 cnrs.
686 3058 868 3094 xxxs'.
933 3042 1175 3093 Concedo
1219 3043 1400 3105 etiam,
1433 3058 1566 3106 spec·

505 3126 611 3171 tore
647 3131 702 3171 et
736 3126 1010 3183 exspectare
1052 3121 1103 3167 in
1141 3119 1404 3168 codicibus
1437 3121 1572 3169 Μαι.

506 3211 756 3261 perquam
781 3195 1084 3259 frequenter
1108 3194 1373 3243 confundi.
1427 3197 1568 3245 Qua·

507 3278 741 3336 propter,
762 3272 806 3320 si
831 3271 911 3319 vel
939 3271 989 3318 in
1015 3284 1114 3318 uno
1144 3270 1324 3320 codice
1356 3273 1568 3336 antiquo

507 3349 838 3412 reperissem,
865 3350 1042 3397 volens
1066 3347 1347 3413 lubensque
1378 3349 1430 3398 id
1462 3365 1570 3399 am-

505 3426 754 3490 plexurus
785 3424 1013 3475 fuissem.
1088 3426 1300 3483 Verum,
1323 3440 1438 3475 cnm
1462 3441 1569 3476 om·

506 3516 619 3572 nes,
644 3518 770 3566 quos
794 3503 1048 3558 consului,
1078 3502 1284 3551 codices
1312 3503 1440 3552 Μαι.
1464 3517 1569 3552 om·

506 3592 705 3643 nesque
731 3579 846 3628 libri
871 3578 1126 3642 impressi,
1150 3587 1341 3640 praeter
1362 3593 1573 3642 paucos,

507 3669 636 3720 qnos
690 3657 843 3705 niodo
898 3654 1140 3714 indicavi,
1181 3668 1373 3718 eosque
1423 3663 1569 3704 certa

508 3731 821 3783 auctoritate
845 3730 1140 3786 destitutos,
1165 3729 1291 3778 mira
1325 3737 1568 3781 constan·

507 3808 582 3859 tia
606 3806 835 3859 referant
860 3807 1072 3856 verbum
1104 3815 1395 3871 exspectare,
1416 3809 1570 3872 idque

505 3894 876 3947 congruentem
909 3885 1396 3948 interpretationem
1432 3886 1567 3937 baud

507 3976 647 4028 βενε
685 3962 959 4021 admittat3
1008 3960 1106 4009 boc
1144 3961 1310 4024 ipsum
1354 3963 1569 4012 verbnm

506 4053 646 4090 nunc
689 4039 938 4088 tuendum
982 4039 1205 4103 suscepi.
1273 4040 1402 4092 Quis
1447 4055 1567 4090 usus

509 4119 578 4168 sit
611 4119 827 4168 nominis
863 4124 877 4147 ⁸
899 4116 1342 4179 exspectationis,’
1378 4126 1433 4168 et
1453 4133 1569 4182 quae

508 4192 578 4244 ab
616 4195 729 4244 aliis
772 4196 787 4223 ‘
814 4191 1143 4255 exspectari'
1179 4191 1439 4255 dicantur,
1475 4196 1572 4244 ali·

510 4267 649 4321 unde
692 4271 818 4321 satis
861 4274 1084 4322 constat.
1151 4269 1264 4322 Cic.
1304 4268 1371 4322 de
1415 4267 1570 4324 Offic.

1191 378 1410 427 NOTAE
1461 375 1863 425 VARIORUM
1915 377 1995 425 m

1640 535 1725 571 ιιι.
1750 525 1798 571 2.
1841 518 2150 581 ‘Sustines,'
2183 519 2370 585 iuquit,
2407 526 2422 549 ‘
2443 533 2544 570 non
2583 534 2702 584 par·

1638 612 1752 646 vam
1809 596 2252 660 exspectationem
2309 596 2577 645 imitanda
2622 597 2701 645 ia-

1638 675 1849 724 dustriae
1878 672 2108 723 nostre?
2178 672 2325 723 Idem
2352 673 2536 723 Famil.
2563 687 2632 725 ιι.
2655 679 2701 724 1.

1636 752 1651 779 ‘
1678 751 1854 801 Tanta
1895 758 1975 800 est
2020 751 2351 813 exspectatio
2395 752 2477 801 vel
2525 752 2705 812 animi,

1639 830 1720 876 vel
1746 830 1934 891 ingenii
1956 829 2051 887 tui,
2072 837 2124 876 ut
2148 835 2197 876 te
2220 828 2500 877 obsecrare
2527 828 2699 878 obtes-

1638 905 1841 968 tarique
1867 919 1968 953 non
1992 904 2255 965 dubitem,'
2275 906 2375 954 διο.
2431 903 2579 954 Idem
2605 904 2701 953 Ps-

1640 982 1745 1030 mil.
1764 994 1827 1030 ιι.
1843 986 1891 1031 8.
1916 982 1930 1007 ‘
1947 981 2157 1030 Summa
2180 981 2385 1030 scitote
2409 981 2459 1028 in
2483 993 2704 1042 exspec-

1641 1059 1838 1107 tatione
1872 1073 2004 1120 esse,
2030 1072 2197 1120 eaque
2230 1073 2261 1106 a
2298 1065 2350 1107 te
2386 1056 2705 1120 exspectari,

1638 1150 1751 1201 qum
1786 1151 1817 1184 a
1850 1150 2042 1185 summa
2068 1137 2280 1195 virtute,
2303 1149 2604 1198 summoque
2629 1135 2705 1184 in·

1641 1213 1809 1275 genio,
1829 1211 2180 1275 exspectanda
2203 1209 2361 1260 sunt!
2421 1210 2590 1273 Epist.
2617 1224 2704 1260 ιιι.

1643 1293 1722 1337 12.
1756 1288 1772 1315 ‘
1793 1287 1914 1336 Dixi
1944 1290 2120 1337 statim
2156 1287 2397 1342 Servilio,
2435 1293 2493 1335 ut
2530 1287 2705 1336 omnia

1640 1379 1670 1411 a
1695 1379 1777 1413 me
1801 1365 1998 1428 majora
2019 1363 2389 1426 exspectaret.'
2436 1364 2599 1426 Epist.
2625 1377 2703 1413 νι.

1640 1446 1688 1491 4.
1723 1446 1737 1469 ⁸
1759 1442 1846 1491 De
1883 1441 1998 1490 aliis
2036 1451 2210 1490 autem
2242 1454 2344 1489 non
2388 1442 2615 1490 arbitror
2650 1449 2702 1489 te

1641 1526 1949 1580 exspectare
1982 1517 2105 1581 quid
2130 1514 2384 1565 sentiam!
2442 1517 2703 1567 Luculen-

1644 1594 1893 1643 tissimnm
1948 1595 2243 1656 exemplum
2295 1593 2528 1655 suggerit
2576 1594 2705 1642 Aur.

1642 1670 1843 1731 Victor,
1881 1669 2109 1731 Epitom.
2143 1684 2260 1730 cap.
2283 1672 2363 1716 13.
2397 1668 2411 1695 ‘
2436 1668 2566 1717 Cum
2604 1669 2705 1717 duo

1641 1746 1765 1805 sint,
1786 1760 1900 1808 quoe
1926 1745 1990 1793 ab
2016 1745 2237 1806 egregiis
2271 1744 2592 1806 principibus
2613 1756 2706 1792 ex·

1642 1827 1964 1883 spectentur,
1987 1820 2241 1868 sanctitas
2276 1820 2431 1874 domi,
2461 1820 2515 1867 in
2548 1821 2704 1869 armis

1641 1896 1912 1953 fortitudo,
1950 1895 2224 1959 utrobique
2265 1894 2576 1959 prudentia,’
2603 1900 2706 1944 διο.

1642 1975 1775 2025 Quoe
1800 1988 1915 2022 cum
1938 1973 2010 2021 ita
2033 1972 2270 2033 sint,non
2298 1971 2465 2032 video,
2484 1986 2578 2021 cur
2602 1986 2704 2020 non

1642 2049 1881 2099 similiter
1897 2050 2094 2098 Plinius
2113 2050 2288 2097 dicere
2312 2050 2559 2111 potuerit.
2580 2049 2706 2099 For-

1645 2132 1840 2181 tunam,
1873 2141 1989 2189 quae
2031 2139 2124 2188 per
2161 2125 2314 2174 istum
2351 2125 2568 2188 AEgypti
2603 2132 2707 2175 sta·

1645 2209 1752 2252 tum
1810 2201 2092 2252 virtutibus
2134 2202 2345 2265 Trajani
2400 2201 2709 2251 exercendis

1642 2278 1909 2328 materiem
1934 2278 2248 2340 premineret,
2270 2276 2490 2326 voluisse
2513 2277 2710 2339 sigilla·

1646 2359 1737 2408 tim
1776 2362 2046 2419 exspectare
2079 2356 2182 2417 <ius
2218 2356 2553 2416 vigilastiam
2595 2355 2708 2403 siva

1641 2442 1930 2499 exspectare,
1970 2449 2124 2500 quam
2180 2435 2460 2497 vigilanter
2506 2433 2708 2498 prospi-

1642 2524 1807 2574 ceret,
1851 2514 2269 2575 consuleretque,
2305 2510 2707 2561 necessitatibus

1645 2591 2048 2655 provinciarum.
2082 2588 2326 2638 Schwart-

1715 2669 1890 2717 Ousia
1914 2667 2081 2730 ubique
2096 2666 2321 2729 sande]
2354 2664 2466 2714 Has
2485 2677 2640 2714 voces
2655 2664 2705 2713 in

1643 2743 1910 2794 codicibus
1926 2742 2213 2803 Vaticanis,
2232 2741 2639 2803 Salisburgensi‚
2652 2748 2709 2791 et

1643 2821 1956 2884 Gnelphico,
1983 2819 2057 2868 sic
2095 2819 2433 2882 transpositas
2467 2818 2708 2879 legimus,

1642 2910 1747 2944 cuns
1763 2896 1920 2944 omnia
1944 2895 2145 2945 secunde
2167 2893 2336 2957 ubique
2357 2893 2603 2943 maris.
2644 2891 2708 2942 le

1644 2972 1948 3029 Parisiensi,
1967 2985 2073 3018 cum
2100 2971 2257 3018 omia
2290 2968 2460 3031 abique
2483 2968 2710 3018 merearis

1640 3049 1859 3097 secunda.
1907 3045 2074 3096 Idem.

1710 3123 1771 3172 Si
1791 3123 1904 3185 quid
1931 3121 2119 3171 adversi
2140 3118 2305 3180 cedet]
2340 3118 2629 3169 Beroaldus
2653 3127 2712 3170 et

1645 3198 1923 3247 Catanaeus
1961 3197 2175 3246 edidere
2197 3195 2257 3245 Si
2278 3196 2399 3258 quod
2416 3212 2463 3244 α.
2482 3210 2528 3243 c.
2575 3195 2711 3245 Ver·

1646 3273 1765 3325 bum
1808 3276 1950 3323 cudat
1997 3274 2207 3337 ponitur
2248 3286 2344 3336 pro
2384 3270 2614 3334 accidet,
2649 3280 2706 3321 et

1645 3358 1750 3399 tam
1786 3349 1854 3400 de
1888 3349 2128 3399 secundis
2164 3362 2320 3412 quam
2361 3345 2596 3399 adversis
2628 3347 2709 3397 di·

1645 3427 1800 3476 citur.
1850 3426 1963 3477 Cic.
1986 3441 2078 3489 pro
2102 3426 2284 3479 Quint.
2314 3439 2433 3489 cap.
2459 3428 2538 3473 le.
2570 3427 2586 3454 ‘
2609 3425 2710 3475 Fa·

1645 3503 1808 3557 ciunt,
1833 3537 1847 3551 .
1868 3537 1882 3552 .
1909 3509 1965 3551 nt
1997 3501 2118 3550 nibil
2144 3502 2406 3566 ipsisjure
2427 3503 2714 3553 incommo-

1645 3577 1699 3627 di
1720 3577 1907 3628 cedere
1933 3578 2130 3642 possit.'
2200 3577 2349 3628 Idem
2378 3580 2443 3626 ad
2470 3579 2537 3631 Q.
2561 3579 2644 3630 Fr.
2672 3593 2711 3630 ι.

1645 3657 1695 3703 3.
1727 3653 1807 3704 ‘A
1833 3661 1885 3703 te
1909 3654 2033 3703 mibi
2061 3656 2232 3703 omnia
2255 3669 2463 3718 semper
2487 3656 2712 3707 honesta

1645 3738 1700 3780 et
1738 3730 1970 3794 jucunda
2013 3731 2353 3780 ceciderunt:
2409 3746 2440 3780 a
2482 3746 2565 3781 nse
2608 3732 2711 3785 tibi

1646 3807 1816 3857 luctus
1852 3821 1981 3857 meoe
2010 3808 2344 3868 calamitatis,
2377 3817 2548 3857 metus
2586 3818 2711 3872 tue,

1644 3883 1975 3943 desiderium,
2016 3897 2222 3945 rnaeror,
2268 3882 2529 3934 solitudo.'
2590 3883 2712 3936 Sal·

1644 3962 1767 4011 lust.
1798 3962 1951 4012 Catil.
1986 3975 2035 4011 c.
2057 3966 2142 4011 20.
2175 3964 2191 3991 ‘
2213 3961 2582 4027 Nequidquam
2611 3976 2709 4027 op·

1646 4048 1871 4102 portuna
1897 4052 1976 4086 res
1996 4036 2301 4088 cecidisset:
2369 4037 2548 4101 Nepos
2569 4039 2713 4092 Mitt.

1645 4130 1692 4167 c.
1714 4122 1763 4166 2.
1794 4123 1807 4144 ⁴
1827 4115 1942 4166 Etsi
1969 4124 2166 4178 prater
2192 4113 2486 4179 opinionem
2509 4128 2593 4167 res
2623 4130 2711 4170 eo·

1645 4188 1884 4243 cideratl
1935 4190 2086 4241 Idem.

1710 4268 1975 4322 Mauricas
1988 4282 2295 4334 “wa-squ
2313 4266 2576 4333 muni]
2606 4265 2711 4322 eo-
