3060 4902
481 348 612 413 732

481 507 638 555 virum
659 504 813 556 trahit
832 505 980 554 ensis.
1011 504 1157 569 Lips.

550 583 681 631 Num
701 579 882 643 autem]
931 581 1062 629 Nam
1083 583 1240 629 autem
1261 575 1392 628 edit.
1410 577 1546 628 Rbe-

361 714 381 730 ·
483 673 603 709 nan.
664 657 753 706 Sic
777 670 921 705 meus
946 656 1006 705 C.
1041 656 1215 704 Faber.

551 733 716 783 Serius
737 732 948 796 tantum]
984 730 1273 780 Matutinus
1309 735 1366 779 et
1399 729 1551 778 meri·

483 808 692 868 dianas;
728 822 844 856 nam
864 813 1046 871 postea
1063 805 1323 856 exercitiis
1339 811 1393 855 et
1410 819 1547 856 curae

482 885 714 947 corporis
737 898 792 932 se
818 883 1025 934 dabant.
1058 882 1193 947 Lips-

552 961 716 1010 Serias
754 966 917 1022 partes
957 957 1164 1020 dierum]
1233 958 1333 1008 Has
1378 964 1547 1023 erant,

484 1038 660 1101 Lipsio
683 1037 987 1099 interprete,
1009 1035 1273 1084 matutinae
1312 1040 1368 1083 et
1400 1034 1551 1083 meri.

485 1114 653 1163 diauae
667 1113 833 1171 horae3
854 1111 1084 1174 adeoque
1103 1110 1420 1173 potissimum
1433 1124 1551 1173 aep-

486 1198 590 1239 tem
617 1189 755 1238 borae
791 1188 970 1251 primae
998 1185 1118 1241 diei,
1151 1185 1238 1234 ubi
1274 1186 1550 1235 maximam

487 1274 692 1328 partem
737 1264 946 1328 publica
985 1272 1039 1312 et
1071 1261 1203 1310 seria
1254 1261 1552 1312 tractabant

489 1341 743 1401 Romani;
794 1340 1021 1403 reliquas
1057 1338 1206 1387 horas
1241 1337 1435 1387 dabant
1470 1352 1550 1387 re-

487 1416 832 1477 missionibus,
877 1413 1143 1465 exercitiis
1199 1422 1256 1464 et
1295 1414 1551 1464 curationi

488 1493 723 1556 corporis
743 1508 760 1552 ς
792 1507 1101 1556 quamquam
1124 1492 1354 1540 homines
1378 1491 1552 1540 iudus-

488 1570 600 1629 trii,
624 1569 863 1631 exemplo
883 1567 1043 1618 Plinii
1061 1568 1301 1629 Majoris,
1325 1567 1478 1615 etiam
1498 1568 1552 1615 in

490 1660 650 1695 coenas
678 1653 883 1707 tempus
922 1642 1216 1692 studerent.
1279 1642 1432 1691 Unde
1450 1643 1556 1691 iuae

489 1721 630 1770 horae
668 1719 1088 1769 antemeridianae
1112 1718 1303 1781 Virgii.
1328 1719 1443 1767 AEu.
1475 1732 1556 1767 rx.

490 1801 605 1845 156.
644 1803 659 1825 ⁸
695 1795 878 1843 melior
929 1809 1048 1858 pars
1099 1792 1201 1843 diei
1220 1793 1233 1815 ’
1277 1793 1553 1844 dicuntur:

488 1873 504 1898 ⁴
528 1872 685 1920 Nunc
703 1871 850 1930 adeo,
871 1870 1051 1918 melior
1074 1870 1310 1934 quoniam
1334 1883 1451 1933 pars
1468 1883 1554 1920 ac-

491 1954 545 1997 ta
567 1947 691 2004 diei,
716 1946 868 1997 Quod
892 1954 1148 2009 superest,
1168 1945 1272 1994 laeti
1292 1946 1421 1996 bene
1441 1962 1558 2010 ges·

490 2026 555 2077 tis
593 2039 811 2088 corpora
858 2024 1013 2073 rebus
1051 2023 1360 2080 Procurate‚
1395 2023 1557 2074 viri!'

489 2101 686 2150 Paulus
699 2101 734 2152 J
741 2100 1108 2150 urisconsultus
1123 2099 1188 2148 de
1202 2099 1423 2151 Verbor.
1439 2101 1556 2165 sig-

489 2176 582 2226 nif.
612 2177 703 2227 lib.
729 2192 791 2227 11.
817 2177 1052 2227 meminit
1089 2176 1237 2240 hujus
1274 2178 1558 2241 temporis:

490 2261 505 2283 ‘
531 2255 695 2318 Cujus
733 2254 836 2303 diei
872 2255 1035 2318 major
1059 2269 1179 2316 pars
1203 2262 1284 2304 est
1319 2254 1558 2304 horarum

488 2341 688 2395 septem
716 2334 996 2397 primarum
1022 2332 1146 2394 diei,
1169 2346 1270 2381 uon
1296 2346 1560 2396 suprema-

491 2407 640 2461 rum!
697 2410 881 2459 Horat.
902 2408 1008 2460 Od.
1035 2422 1072 2459 ι.
1097 2413 1143 2458 l.
1167 2412 1250 2458 20.
1281 2423 1369 2457 eas
1391 2408 1560 2465 horas,

491 2502 605 2551 quae
632 2487 781 2536 seriis
822 2487 978 2535 rebus
1016 2486 1434 2545 destinabantur,
1472 2498 1559 2532 vo·

492 2573 578 2613 cat
614 2564 630 2590 ‘
653 2563 873 2613 solidum
912 2560 1118 2610 diem:'
1151 2569 1167 2591 ‘
1190 2562 1287 2610 Est
1328 2561 1415 2623 qui
1461 2574 1559 2609 uec

493 2640 686 2688 veteris
720 2640 906 2701 pocula
941 2636 1176 2696 Massici,
1213 2636 1329 2684 Nec
1356 2645 1558 2698 partem

491 2715 654 2766 solido
679 2714 887 2763 demere
914 2712 979 2761 de
1003 2713 1087 2760 die
1117 2709 1366 2773 Spernit.'
1424 2711 1560 2760 Vide

490 2789 899 2842 Taubmaunum,
923 2788 987 2835 ad
1014 2787 1230 2836 citatum
1251 2785 1458 2848 Virgilii
1483 2788 1556 2834 lo·

492 2881 630 2929 cnm,
668 2875 723 2915 et
758 2864 822 2914 ad
850 2864 1026 2913 Plaut.
1057 2862 1264 2912 Asinar.
1302 2877 1377 2913 tv.
1401 2867 1433 2912 2
1480 2868 1560 2915 16.

492 2942 578 2992 Cf.
619 2951 673 2992 et
711 2941 945 2991 Martial.
985 2954 1066 2990 tv.
1099 2944 1147 2988 8.
1183 2938 1271 2988 ubi
1294 2939 1564 3012 describit,

479 3019 613 3084 ,quid
639 3018 851 3082 singulis
873 3018 974 3066 diei
996 3016 1130 3065 boris
1153 3016 1307 3078 vulgo
1325 3030 1357 3064 a
1372 3015 1561 3066 Roma-

493 3098 573 3148 nis
593 3097 677 3157 agi
702 3094 1049 3144 consueverit.
1084 3092 1328 3142 Schwarz.

540 3172 810 3233 >Ca-tuque]
864 3169 1095 3218 Baunius
1118 3166 1286 3216 edidit
1307 3171 1562 3230 omnaque,

494 3247 641 3311 quasi
667 3246 748 3293 hic
772 3260 918 3293 casus
943 3243 1188 3306 gignendi
1211 3242 1470 3293 referatur·
1493 3242 1558 3293 ad

496 3321 795 3371 vocabulum
817 3319 1134 3369 antecedens
1147 3320 1294 3370 oculis
1309 3334 1331 3377 ,⁶
1361 3322 1446 3370 cui
1474 3335 1559 3371 ve·

496 3412 553 3449 ro
579 3398 789 3447 lectioni
813 3398 977 3446 nullus
1002 3396 1131 3445 alius
1150 3396 1281 3446 liber
1300 3398 1558 3448 subvenit.

494 3476 650 3525 Idem.

562 3551 673 3601 Non
696 3548 1047 3597 remissionibus
1068 3547 1185 3611 tuis]
1209 3546 1397 3608 Recte,
1413 3554 1469 3599 et
1491 3561 1557 3598 ex

493 3639 744 3683 consensu
783 3625 1006 3672 omnium
1043 3623 1279 3673 codicum
1319 3625 1451 3673 Mn.
1481 3625 1558 3674 sic

495 3713 794 3764 expressum
833 3699 1078 3761 legimus3
1108 3712 1221 3747 cum
1249 3713 1315 3747 ex
1339 3698 1560 3749 adverso

496 3781 793 3839 Catanaeus,
837 3774 1020 3835 Aldus,
1068 3775 1438 3841 cuspinianus,
1481 3777 1560 3827 Si·

495 3855 735 3908 chardns‚
758 3862 812 3901 et
839 3852 922 3901 alii
946 3849 1154 3915 quidam
1187 3850 1435 3915 editores,
1459 3866 1560 3902 nou

493 3936 656 3987 solnm
680 3934 731 3982 in
756 3931 901 3994 liujus
924 3930 1217 3992 sententia»,
1240 3930 1330 3980 sed
1356 3939 1410 3980 et
1435 3946 1562 3994 qua·

495 4020 613 4065 tuor
655 4007 1001 4073 sequentium.
1051 4006 1220 4061 initio.
1267 4007 1562 4070 evulges-int

494 4104 625 4146 num,
641 4101 736 4151 pro
748 4100 839 4135 non
854 4099 873 4144 ς
908 4080 1043 4146 quod
1057 4097 1169 4131 nram
1184 4082 1350 4132 locum
1365 4083 1562 4134 babere

496 4178 597 4215 non
631 4168 823 4227 potest.
890 4158 1162 4209 Particula
1192 4172 1312 4209 vero
1344 4174 1440 4208 non
1473 4174 1565 4225 po·

494 4242 638 4301 nitur
656 4255 751 4305 pro
775 4253 941 4306 nonne.
987 4238 1075 4307 Sic
1096 4239 1311 4291 Terent.
1334 4236 1562 4305 Adelph.

1185 357 1398 409 ⁸0¹1·AE
1446 355 1856 407 vAnloRuM

1911 354 1992 405 IN

1621 513 1675 553 v.
1697 505 1748 552 2.
1766 505 1817 550 6.
1849 506 1865 532 ⁸
1892 500 2010 549 Non
2042 508 2247 547 manum
2286 493 2534 558 abstines,
2555 503 2693 544 masi

1623 578 1750 641 tigia
1772 576 1817 626 ?’
1869 575 2006 625 Ibid.
2048 588 2100 625 v.
2135 579 2184 623 8.
2222 575 2303 622 19.
2334 580 2349 603 ·
2377 573 2498 622 Non
2542 572 2695 621 omit·

1623 651 1942 716 tisi’fldem
1980 650 2193 700 Phorm.
2231 662 2285 699 v.
2318 652 2368 699 7.
2397 652 2481 697 94.
2524 646 2543 678 ‘
2571 648 2693 697 Nou

1623 728 1831 777 taces?'
1877 727 2062 776 Cicero
2102 740 2196 788 pro
2230 724 2414 775 Quint.
2453 737 2573 789 cap.
2612 728 2694 773 26.

1624 809 1641 835 ⁴
1665 805 1804 855 Quid
1829 805 1937 853 baec
1973 803 2217 862 amentia,
2242 802 2365 866 quid
2400 801 2514 850 haec
2548 799 2695 850 festi·

1624 880 1788 936 natio,
1810 877 2104 943 significat?
2140 879 2261 927 Non
2288 878 2426 927 vim?
2457 891 2559 926 nou
2583 891 2693 928 sce·

1627 956 1741 1004 lus?
1787 971 1886 1005 non
1923 955 2286 1004 latrocinium?
2326 967 2430 1003 nou
2465 954 2695 1017 deniqne

1625 1031 1796 1080 omnia
1837 1032 2024 1094 potius,
2045 1045 2196 1094 quam
2226 1032 2336 1093 jus,
2356 1044 2507 1094 quarn
2534 1029 2693 1079 offici·

1627 1121 1730 1163 um,
1747 1121 1897 1170 quam
1914 1106 2161 1169 pudorem
2176 1104 2219 1154 θ’
2239 1106 2387 1155 Idem
2405 1120 2496 1169 pro
2514 1106 2700 1154 Plane.

1628 1198 1739 1247 cap.
1763 1187 1844 1231 34.
1900 1186 1916 1211 ‘
1944 1185 2063 1232 Non
2091 1183 2237 1231 vobis
2263 1182 2443 1232 videor
2465 1196 2581 1234 curn
2606 1184 2698 1232 ali·

1628 1276 1726 1324 quo
1750 1261 2120 1316 declamatore,
2156 1275 2255 1309 uon
2293 1275 2474 1310 caussa
2503 1259 2697 1309 laboris

1630 1345 1684 1387 et
1708 1337 1827 1398 fori,
1849 1338 2119 1401 disputare
2138 1338 2157 1386 P
2177 1337 2191 1358 '
2227 1339 2351 1402 Ipse
2377 1339 2580 1388 Plinius
2605 1338 2698 1387 ali-

1629 1415 1679 1464 bi
1705 1416 1915 1478 saepius.
1954 1415 2101 1463 Idem.

1697 1492 1808 1540 Non
1830 1491 2206 1555 remissionibus]
2247 1491 2377 1540 Num
2402 1487 2699 1540 remissioni·

1631 1567 1714 1615 bus
1736 1567 1864 1615 edit.
1893 1567 2132 1616 Rhenan.
2192 1567 2305 1616 Non
2326 1566 2698 1616 remissionibus.

1632 1644 1820 1693 Faber.

1699 1719 2098 1782 Remissionibus]
2144 1721 2246 1769 Dio
2284 1719 2496 1769 Cassius
2541 1733 2702 1784 snper

1631 1796 1772 1845 istis:
1809 1795 2081 1857 Ἀγαπητδε
2113 1794 2201 1856 μὲν
2235 1797 2370 1851 πᾶσι,
2405 1795 2610 1858 φοβερὸς
2648 1795 2701 1846 83

1629 1871 1810 1933 μηδενὶ,
1832 1873 1964 1931 πλὴν
1983 1873 2244 1934 πολεμίοις.
2310 1872 2402 1921 Καὶ
2421 1872 2519 1937 ’γὰρ
2540 1872 2700 1936 θήρας,

1630 1949 1709 1998 καὶ
1731 1949 2024 2009 συμποσίων,
2048 1948 2200 2013 ἔργων
2232 1968 2286 1998 τε
2318 1949 2396 1999 καὶ
2428 1949 2702 2010 80⁰7«qu-

1630 2045 1740 2090 των,
1786 2025 2084 2087 σκωμμάτων
2125 2044 2182 2074 τε
2223 2028 2514 2087 συμμετεῖχε
2547 2026 2705 2092 σφίσι,

1631 2103 1708 2153 καὶ
1728 2104 1962 2153 πολλάκις
1985 2103 2062 2153 καὶ
2081 2103 2310 2167 τέταρτος
2326 2104 2517 2164 ὠχεῖτο.
2549 2103 2703 2153 ΔΜ-

1631 2182 1740 2230 bilis
1771 2181 2005 2241 omnibus,
2034 2181 2170 2240 nulli,
2203 2185 2521 2242 proeterqnum
2552 2179 2704 2228 hotti-

1632 2257 1731 2317 bus,
1764 2258 2121 2315 formidandus.
2194 2256 2553 2319 Venutionibus,
2591 2271 2702 2304 con-

1631 2333 1795 2393 viniis,
1856 2331 2288 2389 deliberationibus,
2350 2332 2702 2396 actionibusque

1629 2410 1908 2469 amicorum,
1942 2410 2190 2471 intererat,
2223 2415 2367 2473 utque
2409 2409 2555 2458 etiarn
2575 2410 2704 2471 jocio

1631 2492 1676 2535 et
1714 2487 1961 2536 dicteriis.-
1994 2491 2041 2536 et
2073 2501 2199 2549 ηερε
2230 2489 2306 2536 vel
2335 2493 2534 2549 quartus
2565 2489 2702 2538 cebe-

1633 2561 1789 2609 batur.
1825 2562 2102 2622 Eutropius
2119 2562 2271 2625 plane
2291 2563 2508 2612 eadem:
2543 2563 2703 2613 ‘Glo-

1632 2637 1759 2685 riam
1786 2638 2066 2686 militarem
2088 2639 2343 2689 civilitate
2376 2645 2433 2689 et
2464 2640 2703 2690 modera-

1634 2713 1775 2761 tione
1799 2714 2100 2777 superavit:
2137 2713 2340 2776 Rome,
2371 2722 2425 2765 et
2460 2730 2554 2779 per
2586 2732 2702 2780 pro-

1633 2788 1849 2847 vincias,
1885 2791 2139 2853 aequalem
2185 2805 2242 2840 se
2291 2791 2524 2842 omnibus
2557 2794 2703 2843 exhi-

1637 2863 1798 2925 bens3
1834 2867 2027 2916 amicos
2067 2868 2322 2917 salutandi
2369 2882 2554 2920 caussa
2596 2869 2703 2920 fre·

1632 2946 1904 3004 quomens,
1945 2943 2025 2990 vel
2072 2951 2405 3006 aegrotantea,
2451 2946 2535 2994 vel
2581 2960 2700 2996 cum

1630 3015 1792 3066 festos
1813 3017 1921 3066 dies
1941 3017 2271 3068 habuissent:
2321 3020 2561 3069 convivia
2583 3036 2703 3072 cnm

1632 3092 1816 3142 iisdem
1865 3093 2150 3144 indiscreta
2194 3095 2416 3145 vicissim
2472 3096 2702 3161 babensz

1631 3182 1771 3233 saepe
1806 3169 1858 3217 in
1891 3170 2137 3220 vehiculis
2158 3185 2339 3221 eorum
2362 3173 2568 3236 sedens,
2589 3177 2705 3225 nul·

1633 3246 1737 3294 lum
1770 3253 2068 3298 aenatorum
2106 3245 2335 3298 laedens.'
2403 3248 2578 3315 Atque
2598 3252 2703 3316 bic,

1634 3322 1770 3385 quod
1795 3321 1861 3370 de
1882 3322 2126 3372 vehiculis
2149 3325 2244 3379 ait.
2261 3333 2597 3387 consonat,et
2610 3342 2701 3378 exa

1633 3398 1793 3463 plicat
1811 3398 1936 3448 illud
1957 3399 2156 3460 Dionis,
2178 3401 2194 3427 ⁸
2210 3409 2453 3463 quartum
2478 3400 2704 3453 vectum'

1633 3489 1764 3538 esse,
1780 3474 1830 3523 id
1852 3480 1948 3529 est,
1964 3489 2078 3523 cum
2101 3475 2331 3537 pluribus
2350 3491 2365 3526 ε
2401 3477 2496 3527 etsi
2511 3478 2704 3541 princi·

1635 3566 1725 3616 pes
1736 3559 1789 3599 et
1803 3558 2075 3614 magnates
2089 3552 2183 3600 soli
2195 3549 2305 3601 fere
2316 3554 2708 3619 solerent.Lips.

1706 3626 2099 3689 Remissionibus]
2124 3628 2201 3676 De
2221 3626 2405 3678 eodem
2421 3629 2559 3678 idem
2580 3632 2708 3693 Dio,

1635 3704 1652 3733 ‘
1668 3704 2065 3759 venationibus.
2082 3703 2352 3760 conviviis,
2367 3705 2619 3770 seriisque
2642 3722 2705 3757 ac

1629 3781 1824 3843 jocosis
1847 3779 2036 3830 civium
2076 3779 2249 3837 rebus,
2281 3780 2571 3831 intererat.'
2602 3782 2707 3833 Pa·

1637 3858 1779 3908 torol.

1704 3933 1817 3981 Non
1860 3931 1951 3981 tibi
1991 3929 2194 3995 semper]
2228 3929 2364 3981 Num
2397 3933 2490 3983 tibi
2524 3946 2707 4000 temper*

1636 4007 1764 4059 edit.
1801 4008 2039 4058 Rhenan.
2102 4009 2217 4059 Non
2240 4008 2548 4076 tibiseurper.
2613 4013 2705 4065 Sic

1636 4100 1782 4136 meus
1805 4084 1866 4134 C.
1908 4083 2077 4134 Faber.

1705 4163 1768 4211 11·
1811 4161 1964 4211 medio
2008 4159 2165 4225 cibus]
2214 4160 2263 4210 1.
2303 4175 2353 4211 e.
2391 4174 2566 4214 noune
2607 4162 2709 4215 tibi

1637 4237 1776 4292 idem
1798 4238 2082 4306 apponitur
2098 4238 2269 4303 cibus,
2284 4238 2372 4304 qui
2393 4238 2448 4292 iu
2469 4254 2619 4293 coeua
2638 4242 2707 4294 ad
