3060 4902
492 353 666 422 1082

492 512 709 562 lebritas
734 518 787 563 et
813 511 974 562 decus
1000 510 1152 576 adjici
1180 519 1352 576 posset
1377 518 1555 563 nostro

494 589 801 640 consuistui.
868 591 1005 641 Quia
1039 605 1104 638 ex
1140 591 1394 640 Kalendis
1428 592 1557 654 Sep·

495 665 780 717 tembribus
815 666 1075 731 designati
1112 668 1164 716 in
1208 668 1557 718 Novembres.

494 744 686 866 pam
721 818 1019 881 potissimum
1050 817 1273 880 mensem]
1309 819 1377 868 Et
1400 818 1449 867 in
1479 819 1559 867 his

1184 369 1406 422 NOTAE
1456 367 1867 420 vAluoRtJM
1923 370 2004 419 m

1633 528 1766 576 rum,
1808 521 1949 564 esset
1985 513 2265 579 bimestris,
2313 520 2370 566 et
2418 525 2588 581 usqne
2632 518 2704 568 ad

1633 590 1899 641 Kalendas
1925 592 2419 643 Novembresistius
2438 597 2559 643 suni
2585 610 2706 657 pro-

1635 667 1959 717 tenderetur.
2036 670 2377 719 Successores
2431 671 2596 720 Plinii
2645 679 2709 721 et

1633 742 1853 792 Cornuti
1905 743 1956 792 in
2007 745 2275 793 consulatu
2328 743 2551 794 suffecto
2604 760 2705 810 per

1632 832 1861 868 mensem
1881 818 2227 869 Novembrem
2244 826 2300 869 et
2321 821 2713 884 Decembrem,

492 894 666 943 verbis
722 896 924 944 variant
977 895 1202 945 codices.
1260 897 1559 952 Vaticanus,
1623 893 1737 956 jam
1771 910 1965 958 snpra,
2014 896 2240 960 κάρος.
2272 899 2391 946 88⁷.
2449 895 2707 947 indicavi.

495 970 840 1034 Guelphicus,
888 978 940 1021 et
977 985 1118 1019 mens
1154 971 1363 1029 habent,
1398 972 1445 1021 ei
1475 987 1558 1035 po-

494 1047 730 1096 tissimum
752 1047 930 1095 mensi.-
966 1054 1019 1096 at
1054 1047 1380 1110 Parisiensis,
1416 1056 1560 1098 nter-

494 1136 593 1187 que
624 1123 872 1178 Venetus,
895 1122 1320 1185 Satiaburgensie
1348 1125 1560 1174 Patavi·

496 1212 613 1261 nus,
636 1204 692 1246 et
715 1197 844 1247 liber
880 1199 1071 1255 vossii,
1109 1198 1344 1250 referunt
1369 1215 1448 1250 eos
1476 1216 1560 1263 po-

493 1274 730 1323 tissimum
746 1275 911 1324 mensi.
948 1275 1116 1325 Quam
1133 1278 1446 1340 scripturam
1462 1278 1561 1327 eti·

489 1365 571 1399 sm
599 1351 861 1400 Livineius
878 1352 930 1400 in
952 1361 1126 1403 vetere
1149 1353 1328 1404 codice
1351 1355 1564 1404 invene·

494 1436 597 1479 rat.
665 1429 838 1493 Unde,
887 1431 903 1458 ‘
927 1431 1133 1493 Probe‚'
1178 1432 1367 1497 inquit,
1420 1434 1437 1461 ‘
1464 1447 1561 1489 eos,

492 1506 693 1555 scilicet
730 1508 960 1565 honores,
997 1509 1051 1558 id
1095 1518 1196 1566 est.
1237 1510 1561 1559 consulatum

495 1589 777 1644 nostrum3
834 1585 984 1633 mensi
1028 1599 1253 1650 quoque,
1295 1599 1397 1634 non
1436 1599 1563 1634 men·

498 1675 611 1715 sem,
654 1660 1024 1710 scribendum.'
1091 1662 1287 1711 Contra
1307 1676 1432 1711 vero
1455 1675 1563 1711 om-

493 1750 583 1785 nes
609 1737 835 1800 omnino,
862 1751 1021 1801 usque
1046 1738 1110 1787 ad
1132 1736 1564 1799 Arntzenium,in

496 1814 740 1873 mpressis
791 1812 934 1862 libris
971 1813 1185 1863 edidere
1219 1829 1325 1864 eum
1360 1815 1564 1878 potissi-

496 1906 623 1941 mum
658 1906 858 1940 mensem
894 1891 1198 1953 attribuisti,
1229 1892 1280 1940 h.
1316 1906 1364 1941 e.
1400 1892 1561 1955 assig-

496 1966 651 2021 nasti,
674 1967 785 2015 scii.
823 1967 990 2029 nobis,
1022 1969 1126 2028 vei,
1163 1967 1299 2032 quod
1324 1974 1561 2017 anteces-

497 2047 654 2102 serat,
679 2042 866 2090 nostris
901 2041 1198 2105 honoribus,
1230 2044 1281 2092 h.
1306 2058 1353 2093 e.
1377 2057 1564 2093 consu-

490 2119 616 2168 latui
636 2124 831 2166 nostro.
863 2117 967 2167 Soii
985 2118 1288 2176 Arutzenio,
1308 2120 1563 2168 inte-rom·

493 2208 585 2244 nes
609 2193 850 2249 editores,
887 2195 1082 2257 piacuit
1115 2195 1361 2257 evulgare
1398 2195 1564 2259 scrip-

495 2278 665 2321 turam
690 2271 883 2321 codicis
910 2272 1149 2321 Livineii.
1193 2273 1300 2334 Ego
1325 2272 1565 2334 suspice·

499 2355 580 2395 tus
605 2363 737 2410 sum,
774 2349 825 2397 in
854 2348 955 2397 ists
990 2349 1238 2404 lectione,
1273 2364 1352 2397 eos
1373 2349 1564 2410 potissi-

494 2439 621 2473 mum
644 2425 809 2481 mensi,
834 2425 1017 2474 saltem
1044 2426 1207 2474 latere
1236 2427 1457 2487 vestigia
1477 2439 1563 2475 ve-

499 2500 647 2549 rioris
670 2502 940 2561 lectionis;
979 2516 1095 2551 cum
1122 2502 1337 2551 fortasse
1362 2494 1561 2553 librarii

498 2577 837 2640 antiquiorem
879 2578 1168 2634 lectionem,
1208 2580 1252 2627 ei
1287 2593 1389 2640 nos,
1428 2579 1564 2628 inter

499 2652 824 2701 scribendum
879 2651 1230 2716 confuderint,
1289 2664 1563 2705 contraxe-

497 2729 701 2792 rintque
733 2730 783 2776 in
817 2744 912 2791 eos,
950 2731 1068 2778 dum
1105 2732 1331 2781 scribere
1363 2733 1564 2782 debuis-

498 2813 629 2858 sent,
653 2807 773 2867 quod
796 2806 839 2853 εἰ
875 2821 960 2852 nos
987 2807 1284 2867 potissimum
1310 2810 1457 2858 mensi
1486 2814 1563 2857 at·

497 2880 730 2929 tribuisti.
775 2882 942 2932 Quam
968 2882 1322 2943 conjecturam
1345 2884 1564 2933 aliorum

488 2947 688 3010 judicio
710 2955 963 3019 relinquo·
1001 2956 1215 3005 Interim
1243 2959 1433 3007 retinui
1453 2959 1565 3008 vul-

493 3041 668 3097 gatam
691 3033 988 3095 lectionem,
1028 3047 1179 3097 quem
1217 3035 1345 3082 satis
1369 3036 1564 3085 claram

498 3124 631 3166 esse,
653 3124 767 3160 cum
796 3108 972 3172 Lipsio
994 3109 1231 3160 arbitror.
1265 3112 1415 3161 Sicut
1440 3127 1566 3175 ergo

498 3187 620 3236 boni
645 3194 885 3236 auctores
922 3186 1181 3236 ordinarie
1214 3188 1413 3249 dicunt,
1436 3190 1451 3215 ‘
1472 3189 1564 3237 ali·

496 3263 582 3313 cni
626 3265 813 3320 iocum,
853 3270 943 3312 aut
984 3262 1181 3325 sedem,
1219 3266 1510 3315 attribuere
1533 3265 1568 3342 ἴ

495 3355 593 3390 nec
616 3339 789 3396 facile,
824 3341 838 3369 ‘
864 3341 1150 3390 attribuere
1177 3342 1402 3406 aliquem
1429 3342 1565 3399 loco.

496 3424 587 3466 sut
610 3416 722 3465 sedi
741 3415 774 3479 ς’
813 3416 888 3466 ita
913 3416 1312 3466 convenientius
1343 3416 1568 3482 videtur,

494 3508 721 3543 mensem
738 3502 935 3542 certum
956 3493 1112 3542 alicui
1131 3493 1439 3543 attribuere.
1466 3495 1568 3544 Ea-

495 3570 613 3620 dem
638 3568 848 3619 notione
876 3569 1137 3632 Vopiscus
1154 3570 1204 3618 in
1226 3571 1411 3619 Tacito
1433 3570 1569 3634 Imp.

496 3661 613 3710 esp.
655 3649 700 3693 1.
735 3659 857 3693 usus
902 3651 983 3693 est
1026 3645 1183 3694 verbo
1223 3646 1571 3709 ‘depntsrez’

493 3723 510 3751 ⁸
535 3724 697 3773 Totus
723 3721 808 3770 ilie
831 3733 1014 3782 annus,
1037 3734 1129 3784 per
1153 3722 1337 3785 quinos
1362 3731 1415 3770 et
1442 3736 1567 3786 que-

498 3808 673 3850 ternos
699 3798 829 3852 dies.
867 3796 979 3845 sive
1014 3803 1207 3860 ternos,
1248 3806 1463 3848 centum
1486 3812 1569 3846 se-

496 3875 760 3926 natoribus
795 3874 1079 3937 deputatus
1111 3882 1190 3922 est
1212 3873 1244 3934 ;’
1280 3876 1367 3924 nbi
1404 3876 1567 3926 etiam

500 3954 677 4003 dicere
721 3951 1002 4015 potuisset,
1046 3950 1307 4000 attributus
1341 3955 1430 4001 est.
1500 3952 1567 4000 E·

503 4035 587 4077 rat
622 4042 744 4077 vero
781 4025 949 4087 Plinii
972 4032 1028 4075 et
1066 4026 1284 4075 Cornuti
1333 4027 1568 4077 cousula-

498 4105 575 4153 tui
596 4102 877 4153 attributus
905 4102 1094 4151 mensis
1124 4102 1472 4165 Septembris,
1508 4111 1569 4153 ut

498 4192 564 4226 ex
619 4177 954 4241 sequentibus
1000 4178 1328 4240 intellig-itur,
1375 4179 1463 4228 its
1494 4187 1568 4227 ta-

498 4264 635 4309 men,
695 4259 771 4316 ut,
819 4266 912 4317 pro
952 4267 1097 4303 more
1136 4252 1338 4305 illorum
1371 4262 1570 4319 tempo-

1634 970 1881 1020 Schwartz.

1647 1073 1652 1078 ²
1698 1048 1939 1111 Mensem]
1992 1046 2356 1109 Septembrem
2394 1048 2706 1112 conjecture

1633 1122 1759 1171 licet
1795 1138 1825 1171 e
1861 1123 2076 1174 Sueton.
2118 1124 2315 1172 Domit.
2347 1137 2467 1187 cap.
2507 1129 2588 1174 17.
2642 1125 2704 1175 Si

1636 1198 1774 1247 enim
1798 1198 2046 1262 Trsjenns
2082 1207 2235 1248 natus
2270 1208 2374 1261 est,
2395 1216 2498 1265 quo
2525 1215 2706 1250 mense

1639 1276 1965 1325 Domitianus
1988 1277 2213 1342 occisus,
2237 1285 2392 1327 nstus
2421 1285 2504 1327 est
2524 1280 2711 1342 ntique

1635 1363 1811 1399 meuse
1849 1351 2176 1415 Septembri3
2219 1367 2338 1402 nam
2379 1355 2465 1404 ille
2500 1356 2708 1405 occisus

1638 1440 1760 1475 κη’.
1786 1427 1904 1476 Kal.
1927 1428 2193 1478 Octobris.
2227 1430 2449 1478 Pater-ol.

1705 1504 1831 1552 Tam
1864 1504 2063 1568 natatis]
2101 1506 2302 1555 Natalis
2335 1509 2545 1570 proprie
2576 1506 2711 1559 diei·-

1637 1584 1722 1628 tur
1747 1580 1790 1628 is
1826 1579 1957 1640 dies,
1990 1596 2092 1645 qno
2115 1583 2241 1647 quis
2277 1590 2431 1632 natus
2455 1590 2569 1644 est;
2608 1599 2710 1635 nec

1637 1665 1718 1704 est
1758 1663 1959 1706 tentum
1995 1658 2259 1708 hominum
2293 1658 2567 1723 diessquo
2603 1661 2712 1722 pri·

1637 1744 1771 1780 mum
1811 1732 1861 1782 in
1901 1734 2032 1784 hanc
2067 1735 2234 1784 iucem
2270 1743 2391 1785 sunt
2425 1736 2575 1797 editi,
2611 1737 2708 1786 sed

1637 1810 1795 1859 etiam
1830 1810 2079 1867 Deorum.
2115 1820 2169 1860 et
2204 1812 2429 1875 urbium,
2464 1813 2532 1862 sd
2567 1813 2708 1862 diem

1634 1893 1780 1934 ortus
1801 1887 1879 1934 sui
1897 1886 2308 1948 significandum.
2375 1889 2563 1953 Immo,
2587 1904 2710 1940 cum

1636 1968 1843 2010 veteres
1882 1976 1984 2010 nou
2020 1977 2076 2012 se
2114 1964 2279 2012 solum
2328 1965 2469 2013 nasci
2512 1979 2576 2013 eo
2622 1965 2712 2014 die

1636 2036 1935 2095 crederent,
1980 2052 2082 2103 qno
2128 2039 2179 2088 iu
2228 2039 2399 2089 lucem
2443 2042 2710 2102 exierant,

1636 2113 1900 2179 vitamque
1942 2115 2076 2165 hanc
2130 2116 2346 2179 ingressi
2392 2127 2568 2180 erant,
2611 2119 2711 2168 sed

1640 2191 1798 2240 etiam
1824 2200 2088 2255 putarent,
2125 2207 2182 2242 se
2217 2194 2359 2257 qussi
2392 2195 2610 2245 alterins
2635 2198 2715 2247 vi·

1640 2273 1705 2316 tae
1747 2268 1950 2318 initium
1985 2269 2164 2331 ordiri,
2203 2272 2244 2318 si
2280 2271 2502 2321 honores
2538 2274 2590 2324 in
2630 2288 2715 2323 re·

1639 2344 1848 2406 publica
1873 2346 2216 2408 amplissimos
2238 2355 2717 2411 consequerentur;

1640 2429 1727 2470 aut
1751 2422 1896 2485 gravi
1934 2422 2166 2486 periculo
2203 2421 2431 2488 liberati,
2454 2424 2580 2475 item
2604 2426 2717 2476 siin

1639 2499 1830 2561 insigni
1877 2497 2154 2564 felicitate,
2189 2506 2242 2548 et
2290 2502 2492 2559 letitia,
2533 2501 2718 2553 affecti

1639 2581 1815 2624 essent
1839 2590 1854 2636 ;
1879 2576 1968 2624 bos
1999 2591 2178 2626 omnes
2202 2591 2295 2639 pro
2318 2578 2500 2627 diebus
2526 2580 2714 2629 natali·

1642 2650 1737 2699 bns
1758 2649 1949 2700 habere
1972 2661 2385 2712 consueverant:
2436 2654 2582 2704 Hinc
2597 2656 2714 2717 Cic.

1641 2740 1737 2788 pro
1764 2726 1905 2776 Flac·
1928 2740 2047 2789 cap.
2067 2731 2153 2776 «to.
2175 2742 2293 2776 cnm
2310 2738 2569 2789 nsrraret‚
2587 2736 2711 2794 qna

1641 2802 1890 2850 salutaria
1911 2810 2120 2852 senatus
2135 2805 2390 2864 consulta,
2408 2818 2464 2854 se
2481 2807 2719 2869 consule,

1643 2877 1746 2926 sint
1788 2877 1948 2942 facte,
2001 2880 2015 2906 ‘
2036 2879 2084 2929 Ο
2110 2878 2316 2941 Nonoe,’
2350 2880 2537 2945 inquit,
2573 2883 2590 2910 ‘
2611 2883 2715 2932 itta

1645 2956 1987 3020 Decembres,
2026 2972 2158 3021 quae.
2197 2972 2279 3006 me
2321 2959 2551 3014 consule.
2585 2957 2721 3009 fuis-

1646 3033 1735 3081 tis!
1785 3048 1939 3098 quem
1986 3049 2086 3098 ego
2132 3035 2268 3084 diem
2314 3049 2438 3084 vere
2480 3037 2718 3087 natalem

1641 3109 1794 3172 hujus
1844 3111 2001 3173 urbis,
2048 3111 2233 3176 (verns
2290 3120 2475 3161 antem
2519 3114 2717 3162 natalis

1645 3185 1826 3236 Roman
1868 3187 2095 3237 conditus
2139 3187 2267 3237 aiiss
2308 3196 2423 3236 erat
2465 3201 2547 3237 ιι.
2589 3188 2717 3239 ΚιΙ.

1642 3260 1816 3326 Maii‚)
1841 3269 1931 3312 sut
1954 3270 2101 3312 certe
2125 3262 2425 3323 salutarem,
2444 3265 2721 3327 appellare

1642 3336 1885 3399 possum!
1941 3336 2088 3389 Sicut
2110 3352 2235 3387 vero
2260 3338 2370 3388 Cic.
2395 3338 2534 3388 diem
2560 3340 2715 3390 resti-

1642 3412 1856 3462 tutionis
1891 3427 1998 3462 snoe
2032 3428 2098 3462 ex
2132 3413 2288 3463 exilio
2323 3414 2513 3476 passim
2549 3417 2720 3465 nomi·

1644 3494 1734 3537 nst
1766 3490 1782 3517 ‘
1801 3489 2023 3539 natalem
2042 3488 2075 3550 ;‘
2106 3490 2182 3540 ita
2215 3497 2270 3540 et
2308 3492 2471 3554 ipsam
2505 3494 2722 3544 restitn-

1643 3565 1836 3614 tionem
1872 3580 2036 3627 susm,
2070 3565 2237 3616 Attic.
2272 3581 2346 3616 vr.
2369 3572 2419 3616 6.
2446 3578 2605 3618 vocnt
2624 3588 2720 3619 ve·

1641 3640 1968 3705 λιγγενεσίαν,
1995 3643 2135 3706 quod
2174 3643 2277 3693 luci
2309 3652 2367 3695 et
2391 3645 2513 3695 vite
2539 3646 2717 3696 reddi-

1646 3725 1728 3768 tus
1753 3718 2034 3768 videretur.
2059 3717 2066 3725 '
2087 3718 2150 3768 In
2174 3720 2394 3769 historia
2417 3722 2720 3785 principum

1644 3795 1995 3845 Romanorum
2015 3793 2126 3844 fere
2157 3796 2259 3843 tria
2281 3810 2476 3857 gener·
2497 3797 2604 3847 diei
2628 3813 2722 3848 ne·

1645 3872 1764 3940 talis
1790 3878 2087 3933 occurrunt,
2123 3886 2251 3936 qnos
2291 3880 2348 3922 et
2381 3874 2586 3923 solenni
2617 3876 2725 3925 ritu

1645 3948 1808 3998 festos
1858 3961 2139 4011 sacrosque
2190 3948 2437 3999 habuere.
2504 3949 2718 4001 Primus

1646 4034 1762 4074 erat
1803 4025 2025 4074 ‘natalis
2063 4025 2464 4088 imperatorum’
2509 4029 2724 4091 proprie

1646 4102 1837 4165 dictus,
1874 4114 1975 4165 quo
2009 4100 2225 4162 primum
2263 4099 2433 4150 lucem
2471 4101 2608 4151 hanc
2630 4104 2723 4153 sd-

1646 4184 1959 4242 spexerent3
1983 4176 2067 4239 cuj
2076 4175 2271 4225 usmodi
2290 4177 2482 4227 notulis
2498 4180 2725 4230 celebri-

1649 4265 1814 4308 tatem
1837 4256 2054 4307 Sueton.
2080 4254 2135 4305 in
2159 4254 2289 4306 vitis
2315 4256 2584 4310 Coessrum
2601 4272 2726 4325 pu.
