3060 4902
448 271 580 334 (548

452 434 518 480 cit
538 432 686 480 divus
708 433 905 496 Nerva,
923 432 1010 497 qni
1036 432 1169 480 inter
1188 430 1365 479 fiscum
1384 430 1525 492 [Cae-

1152 287 1365 334 No'rAE
1416 287 1824 336 VARIORUM
1882 288 1959 335 m

1604 430 1908 492 tigantibtu,
1933 431 1980 480 b.
2003 444 2050 479 ε.
2074 445 2191 480 cum
2228 431 2539 493 accantati,
2562 441 2672 482 tnr-

456 512 603 567 saris,
643 518 730 558 aut
770 518 1136 573 procuratores
1174 516 1226 556 et
1263 508 1525 555 ministros
1603 521 1711 566 reo,
1736 507 2137 570 licebatjudices
2155 509 2674 573 quosdam,quamvis

454 587 703 650 fiscales,]
756 599 813 637 et
868 588 1103 651 privatos
1152 586 1241 648 jus
1292 580 1532 632 diceret.'

459 664 600 713 Nihil
631 663 835 726 dubito,
874 665 996 727 quin
1029 663 1111 711 hic
1150 676 1242 724 pro
1287 670 1299 690 ⁸
1324 649 1527 710 Nerva'

462 741 620 789 scribi
669 740 912 788 debuerit
970 741 984 765 ‘
1022 740 1198 788 Nerva
1242 737 1363 785 Tr.'
1405 737 1437 785 i.
1484 752 1532 787 e.

461 825 476 850 ⁸
499 821 673 869 Nerva
695 821 968 883 Trajanus.
1045 821 1123 867 De
1152 818 1373 866 Cocceio
1397 817 1533 865 enim

468 897 644 945 Nerva
667 897 802 959 apud
822 897 1019 944 nullum
1042 896 1199 943 alium
1226 894 1534 957 scriptorem

464 974 941 1030 animadvertimus,
998 988 1114 1020 eum
1172 972 1414 1027 tribunal,
1454 971 1535 1019 vel

455 1048 715 1111 judicium
743 1049 918 1097 fiscale
958 1047 1318 1108 excogitasse:
1356 1046 1408 1093 id
1447 1061 1535 1093 au·

468 1133 572 1172 tem
597 1126 797 1173 Plinius
815 1125 910 1173 boc
937 1126 1047 1173 loco
1072 1123 1136 1171 ad
1164 1125 1389 1171 Nervam
1411 1123 1537 1170 Tra-

459 1203 636 1266 janum
665 1200 863 1250 referre
904 1202 1128 1260 videtur,
1164 1201 1227 1247 ad
1265 1215 1416 1263 quem
1442 1200 1540 1248 eti·

473 1293 552 1325 am
612 1280 726 1341 jam
778 1293 951 1340 supra,
994 1291 1179 1326 xxxv.
1225 1284 1274 1325 5.
1319 1276 1542 1336 dixerat,

470 1354 605 1404 ‘Qui
648 1363 750 1403 tam
798 1355 959 1405 multa
1014 1354 1340 1414 excogitasti,
1400 1362 1456 1402 ut
1500 1355 1541 1401 si

471 1440 591 1478 ante
619 1438 669 1479 te
686 1431 808 1480 nibil
836 1438 970 1480 esset
994 1430 1297 1480 inventum.'
1320 1431 1544 1479 Schwar-

469 1509 586 1556 zius.

540 1585 651 1632 Par
694 1582 892 1645 ceteris]
934 1584 995 1631 In
1037 1598 1136 1646 qno
1169 1584 1350 1632 eadem
1377 1584 1549 1632 omnia

478 1663 605 1710 aliis·
632 1662 866 1724 judiciis.
939 1661 1237 1709 Ammianus
1282 1662 1371 1711 lib.
1416 1675 1551 1711 xxv.

475 1740 739 1791 ,lulianum
768 1739 841 1786 sic
868 1739 1064 1797 laudat,
1083 1738 1218 1802 quod
1246 1739 1339 1786 sub
1364 1754 1426 1787 eo
1446 1743 1459 1766 ‘
1479 1755 1548 1787 σε·

478 1824 636 1879 quata
654 1814 763 1862 fisci
783 1815 964 1876 jurgia
990 1831 1106 1864 cum
1137 1816 1384 1877 privatis.'
1408 1818 1550 1880 Lips.

543 1891 852 1953 Litigacoris]
887 1894 1127 1951 Caesarie,
1173 1909 1288 1941 nam
1324 1895 1436 1956 ejus
1476 1894 1547 1942 ibi

482 1983 581 2023 res,
606 1970 696 2016 sed
722 1976 775 2016 et
800 1983 1002 2023 nomeu,
1032 1980 1290 2018 versatur.
1315 1972 1466 2020 Idem.

544 2046 661 2093 Sors
683 2052 729 2094 et
750 2045 893 2107 urna]
917 2045 1069 2096 Quod
1090 2048 1200 2109 jam
1229 2048 1348 2095 olim
1376 2049 1424 2095 in
1445 2062 1548 2095 om-

482 2122 633 2170 nibus
659 2120 1020 2186 ferejudiciis.
1063 2125 1242 2187 ltaque
1265 2125 1548 2174 nemosub·

483 2207 716 2258 ornatus,
747 2208 799 2247 et
837 2198 1010 2248 fautor
1041 2201 1282 2250 Caesaris.
1350 2201 1486 2252 Quid
1506 2202 1548 2250 si

483 2277 637 2325 talis?
673 2277 817 2338 licet,
839 2277 1025 2340 inquit.
1051 2278 1200 2326 Idem.

551 2352 669 2400 Sors
691 2359 737 2400 et
762 2354 903 2415 urna]
929 2356 997 2402 Ut
1025 2355 1165 2416 olim,
1182 2355 1328 2403 bonis
1345 2355 1548 2419 reipub·

488 2429 601 2477 licae
629 2431 960 2492 temporibus.
996 2432 1104 2479 Cic.
1134 2447 1225 2494 pro
1261 2433 1468 2483 Cluent.
1503 2449 1551 2483 c.

486 2511 568 2555 34.
587 2509 600 2533 ‘
619 2507 891 2555 Neminem
912 2508 1184 2556 voluerunt
1201 2511 1417 2573 majores
1439 2526 1552 2560 nos-

493 2582 579 2639 tri,
620 2595 719 2628 non
748 2582 901 2628 modo
942 2584 1006 2630 de
1038 2583 1424 2635 existimatione
1463 2603 1549 2637 cu·

485 2658 733 2720 jnspiam‚
753 2660 841 2705 sed
860 2673 922 2707 ue
947 2661 1240 2723 pecuniaria
1261 2664 1465 2725 quidem
1487 2663 1552 2712 de

495 2750 553 2784 re
579 2737 784 2784 minima
816 2752 927 2785 esse
953 2737 1208 2801 judicem,
1239 2741 1333 2787 nisi
1367 2741 1449 2804 qui
1479 2743 1555 2789 in·

501 2822 584 2861 ter
606 2815 928 2863 adversarios
951 2816 1311 2865 convenisset?
1338 2818 1557 2867 Palm-01.

561 2890 680 2939 Sors
702 2895 747 2938 et
767 2890 910 2952 urna]
937 2891 999 2939 In
1015 2892 1228 2955 judiciis
1248 2896 1437 2943 veteris
1461 2898 1559 2944 rei·

498 2968 716 3029 publicae
756 2967 993 3017 delectus
1021 2969 1257 3032 judicum
1296 2970 1406 3020 fieri
1439 2987 1561 3020 con·

497 3045 688 3106 suevit,
709 3058 805 3106 per
825 3044 1171 3104 sortitionem,
1189 3054 1241 3093 et
1262 3061 1353 3109 per
1376 3047 1563 3095 editio-

498 3134 634 3167 nem.
715 3120 969 3168 Nimirum
1007 3120 1336 3181 eligebantur
1359 3123 1565 3185 jndices

501 3210 531 3242 a
556 3196 881 3257 magistratu,
904 3197 1166 3258 sigillatim
1202 3214 1230 3247 a
1255 3200 1565 3262 praetoribus

499 3271 548 3319 iu
586 3270 728 3325 urbe,
753 3279 804 3320 et
844 3288 873 3321 a
919 3275 1143 3336 praeside
1176 3277 1225 3325 in
1266 3279 1569 3341 provinciis,

497 3347 586 3411 qni
626 3346 968 3409 dijudicandis
1001 3352 1195 3400 caussis
1236 3369 1443 3415 operam
1478 3354 1567 3402 da·

500 3434 636 3474 rent.
690 3427 845 3483 Hinc,
869 3429 954 3491 qui
978 3444 1041 3475 ex
1070 3429 1292 3478 decuriis
1312 3431 1362 3479 in
1394 3432 1566 3481 album

504 3503 671 3551 missis
710 3505 828 3552 lecti
867 3512 1017 3554 erant
1055 3507 1255 3568 Romae,
1290 3509 1566 3557 audierunt

498 3579 737 3647 {jndices
759 3580 977 3628 selecti)
1021 3583 1099 3629 Ex
1125 3583 1201 3631 his
1230 3597 1404 3632 rursus
1430 3584 1564 3634 idern

502 3655 851 3719 magistratus,
889 3664 980 3706 aut
1017 3662 1326 3721 praepositus
1354 3663 1566 3725 quaesti-

503 3733 607 3797 oni,
642 3748 736 3796 per
759 3735 1081 3783 sortitionem
1123 3737 1331 3800 legebat
1355 3740 1563 3802 judices

501 3810 566 3858 ad
616 3820 927 3873 praesentem
984 3827 1216 3862 caussam
1273 3814 1566 3878 dijudican-

500 3887 635 3936 dam.
705 3889 912 3950 Nempe
958 3890 1164 3938 nomina
1202 3893 1444 3948 omnium,
1477 3894 1566 3956 qui

501 3978 564 4013 eo
603 3978 735 4012 anno
775 3965 914 4013 inter
943 3965 1153 4027 judices
1192 3968 1363 4017 allecti
1402 3979 1569 4031 erant,

502 4042 553 4089 in
581 4056 759 4091 urnam
783 4043 1115 4107 conjiciebat,
1149 4059 1210 4094 ac
1241 4054 1382 4096 sorte
1420 4047 1565 4097 dein-

498 4116 564 4167 de
586 4132 701 4167 eum
722 4118 979 4170 educebat
1002 4136 1291 4184 numerum,
1306 4136 1457 4186 quem
1482 4124 1563 4171 lex

499 4195 894 4261 proescribebat.
963 4199 1081 4251 Quo
1106 4197 1264 4264 sacto,
1287 4200 1472 4251 deinde
1507 4202 1565 4250 li-

976 818 990 841 ²

1605 593 1747 632 sorte
1773 583 1942 646 datos,
1966 586 2208 648 rejicere,
2224 586 2412 649 siquos
2436 584 2569 635 forte
2583 588 2671 634 ba-

1610 662 1793 709 berent
1812 670 2098 723 suspectos,
2119 669 2211 710 aut
2234 661 2332 710 sibi
2358 664 2524 711 minus
2557 663 2670 712 ido·

1609 751 1732 785 neos
1777 745 2043 799 putarent.
2134 740 2366 789 Quorum
2405 741 2456 788 in
2504 741 2672 788 locum

1612 813 1800 863 deinde
1841 815 1968 863 alios
2005 814 2421 864 subsortiebatur
2462 824 2675 877 praetor,

1614 892 1876 955 veljudex
1903 893 2227 956 quaestioniS,
2260 893 2446 958 quibus
2472 893 2558 941 ille
2588 894 2674 956 ju·

1615 969 1785 1017 dicum
1812 984 2055 1018 numerus
2100 970 2364 1032 legitimus
2387 971 2676 1031 complere·

1618 1055 1718 1093 tur.
1779 1047 1928 1101 Quoe.
1955 1061 2061 1109 prae
2077 1048 2286 1102 ceteris,
2311 1046 2377 1095 de
2399 1047 2676 1095 sortitione

1619 1121 1779 1170 tradit
1830 1122 2083 1171 Asconius
2135 1122 2415 1179 Pedianus,
2458 1122 2522 1170 ad
2569 1124 2678 1171 Cic.

1617 1198 1770 1246 Verr.
1789 1211 1825 1247 1.
1843 1202 1892 1247 6.
1928 1199 2032 1247 Sed
2052 1199 2327 1261 aliquando
2343 1199 2426 1247 lex
2444 1213 2545 1247 non
2571 1213 2677 1247 sor·

1620 1274 1681 1333 ti,
1712 1273 1802 1321 sed
1834 1276 2148 1324 accusatoris
2188 1275 2422 1335 arbitrio,
2443 1275 2681 1338 judicum

1618 1353 2039 1401 constitutionem
2059 1353 2413 1414 permittebat,
2427 1359 2482 1402 et
2499 1354 2546 1400 hi
2564 1361 2683 1401 tuuc

1622 1428 1926 1476 dicebantur
1964 1428 2176 1485 ‘ferre,’
2222 1438 2277 1479 et
2317 1430 2508 1479 ‘edere
2548 1431 2683 1493 judi·

1623 1503 1750 1559 ces,’
1795 1504 1996 1568 ipsique
2031 1505 2234 1565 judices
2288 1506 2404 1554 binc
2456 1506 2683 1568 appella·

1624 1580 1814 1629 bantur
1846 1580 2100 1630 ‘edititii.’
2170 1581 2253 1630 Cf.
2290 1581 2601 1631 Heiucccius
2636 1584 2685 1631 in

1626 1657 1883 1720 Antiquit.
1909 1657 2023 1707 Jur.
2045 1658 2274 1707 Rom-ad
2297 1660 2536 1707 Institut.
2554 1661 2587 1708 l.
2612 1674 2688 1708 ιν.

1629 1734 1713 1782 tit.
1742 1739 1819 1783 18.
1844 1735 1870 1797 ξ
1896 1738 1978 1781 23.
2038 1734 2101 1782 Iu
2137 1735 2237 1783 isto
2274 1743 2448 1783 autern
2484 1736 2688 1798 judicio

1628 1812 1811 1873 fiscali,
1834 1828 1864 1861 a
1886 1813 2117 1875 Trajano
2142 1815 2463 1877 excogitato,
2483 1814 2547 1862 ad
2583 1814 2687 1865 sor·

1629 1904 1762 1937 mam
1789 1890 2375 1953 veterumjudiciorum‚
2395 1893 2553 1941 etiam
2579 1908 2688 1940 sor·

1629 1968 1760 2025 titio,
1794 1974 1847 2014 et
1889 1967 2123 2028 reiectio,
2159 1974 2214 2015 et
2248 1967 2570 2031 subsortitio,
2616 1970 2688 2018 lo·

1628 2057 1743 2091 cum
1773 2042 2017 2091 habuere.
2086 2043 2353 2109 Ceterum,
2389 2045 2555 2095 codex
2585 2048 2690 2096 Ms.

1629 2120 1952 2180 Par-islensis,
1989 2134 2080 2181 pro
2097 2119 2310 2180 judicem
2332 2122 2568 2185 assignat,
2605 2123 2691 2173 lra-

1630 2195 1720 2244 bet
1757 2197 1990 2245 vindicem
2018 2199 2271 2259 assignat,-
2326 2199 2693 2264 Guelpberby·

1626 2280 1775 2321 tanus
1828 2274 2057 2332 indicem,-

1626 2350 1867 2399 Schwarz.

1694 2427 1933 2492 Rejicere]
1962 2428 2098 2477 Nam
2123 2433 2180 2477 et
2196 2426 2247 2477 id
2270 2429 2426 2480 moris
2442 2428 2620 2494 prisci,
2636 2438 2694 2482 ut

1628 2505 1900 2553 sortitione
1942 2503 2096 2563 facta,
2133 2514 2184 2554 et
2211 2519 2325 2555 cum
2341 2506 2548 2570 judices
2580 2509 2693 2571 jam

1625 2579 1905 2641 sedissent,
1931 2590 2201 2632 accusator
2231 2590 2287 2633 et
2317 2598 2454 2644 reus,
2473 2586 2697 2650 quisque

1628 2658 1726 2705 sibi
1772 2667 2063 2720 suspectos,
2102 2668 2316 2722 possent
2355 2661 2598 2722 rejicere,
2639 2669 2699 2712 ct

1619 2734 1807 2797 jubere
1830 2750 2060 2797 surgere.
2094 2735 2156 2784 Iu
2180 2751 2357 2786 eorum
2376 2738 2546 2787 locum
2571 2739 2700 2789 alios

1635 2811 2105 2861 subsortiebantur.
2171 2814 2281 2862 Lex
2302 2814 2556 2878 Pompeia
2578 2816 2698 2868 huic

1636 2889 1710 2937 rei
1737 2888 1943 2937 modum
1962 2897 2015 2937 et
2041 2904 2308 2938 numerum
2334 2890 2497 2940 dedit.
2520 2893 2655 2956 Lips.

1704 2965 1945 3027 Rejicere]
1972 2966 2263 3029 Rejiciendi
2280 2966 2476 3030 judicis
2505 2967 2700 3018 sormu-

1640 3042 1689 3091 la
1715 3058 1729 3091 ε
1764 3044 1777 3068 ‘
1796 3044 1972 3104 ejero.'
2008 3045 2121 3094 Cic.
2146 3045 2300 3095 Verr.
2320 3036 2411 3099 lib.
2436 3058 2489 3094 v.
2513 3046 2705 3111 Philip.

1641 3133 1744 3168 ιιι.
1774 3121 1926 3169 Bern.

1707 3198 1921 3246 Timidus
1941 3199 2039 3262 est]
2075 3196 2251 3246 Proba
2282 3197 2456 3260 lectio,
2478 3207 2532 3249 et
2555 3200 2705 3250 addi·

1642 3283 1786 3330 cunt,
1812 3290 1924 3339 quae
1951 3286 2256 3339 sequuntur,
2279 3283 2291 3304 ⁴
2309 3275 2520 3326 fortiter
2542 3288 2706 3341 amat,

1644 3361 1696 3401 et
1722 3352 1853 3400 bona
1885 3352 2098 3412 soeculi,'
2119 3353 2322 3401 scilicet
2344 3353 2398 3400 in
2425 3368 2527 3416 quo
2563 3356 2707 3418 prin-

1644 3444 1766 3492 ceps
1789 3446 1853 3478 ex
1883 3431 2005 3493 jure
2030 3437 2085 3478 et
2110 3444 2258 3493 aequo
2280 3443 2397 3478 cum
2427 3431 2627 3480 civibus
2651 3447 2707 3481 a·

1641 3515 1750 3568 gat.
1820 3507 2036 3555 Frustra
2070 3515 2149 3555 est
2185 3521 2332 3570 ergo,
2372 3508 2460 3571 qni
2496 3509 2710 3559 tumidus

1641 3584 1886 3633 malebat.
1908 3585 2073 3634 Licin.

1708 3662 1848 3710 Bona
1878 3660 2063 3723 soeculi]
2104 3658 2290 3708 AEtati·
2326 3660 2562 3721 bostrm
2609 3677 2710 3714 nec

1642 3739 1804 3795 novit,
1839 3745 2037 3801 quanta
2073 3736 2218 3786 nobis
2249 3737 2346 3786 sub
2387 3738 2613 3802 Trojano
2648 3740 2708 3790 li·

1641 3815 1815 3865 bertas
1836 3815 1923 3870 sit,
1945 3814 2102 3864 etiam
2117 3813 2361 3864 adversus
2384 3815 2552 3880 ipsum
2567 3818 2710 3880 prin-

1641 3893 1828 3955 cipem.
1856 3892 2075 3941 Potor-ol.

1709 3969 1849 4017 Bona
1859 3967 2047 4030 saculi]
2065 3967 2275 4018 Quanta
2292 3965 2508 4018 liberta·
2524 3968 2595 4019 ait
2613 3971 2713 4022 snb

1642 4046 1839 4108 optimo
1865 4046 2125 4109 principe.
2149 4044 2289 4107 Lips.

1710 4121 1854 4170 Illum
1876 4121 2002 4183 tolo]
2039 4121 2101 4170 Iu
2126 4118 2566 4172 antecedentibus
2597 4136 2714 4173 ver-

1641 4203 1719 4253 bis
1742 4217 1919 4252 omnes
1939 4202 2055 4251 libri
2079 4201 2265 4266 scripti
2284 4207 2342 4250 at
2365 4201 2567 4266 excusi,
2586 4219 2716 4270 qnos

2129 2277 2223 2324 sed
2296 2284 2483 2327 neuter
2537 2278 2692 2328 bene.
