3060 4902
519 370 649 436 578

521 528 666 596 quasi
694 514 961 589 fatigatus,
998 527 1055 571 ut
1089 518 1330 570 molestia
1362 526 1591 581 careret,

522 604 763 663 dederit;
810 598 902 649 sed
952 600 1129 647 valens
1176 597 1489 652 volentibus,
1533 601 1591 645 et

520 680 695 732 hilaris
712 677 977 728 hilaribus.
1042 678 1057 703 ‘
1086 676 1207 726 Non
1230 682 1313 723 est
1336 674 1472 722 enim
1497 673 1587 722 bc·

519 756 781 813 neficium,
805 752 925 809 nisi,
947 750 1083 815 qnod
1101 767 1129 800 a
1156 751 1288 801 bona
1314 751 1587 801 voluntate

520 834 890 903 proficiscitur,
925 840 979 880 et
1016 840 1166 894 grate
1195 828 1490 893 accipitur,'
1513 829 1587 879 ait

521 917 724 966 Seneca
747 912 812 960 de
848 907 1034 960 Benef.
1065 922 1146 958 vt.
1166 912 1217 958 9.
1255 912 1413 971 atqua
1447 905 1586 956 idem

522 1006 562 1041 ι.
588 996 638 1040 6.
678 991 694 1019 ⁸
721 987 859 1040 Quid
886 992 964 1035 est
990 989 1148 1046 ergo,'
1171 985 1360 1048 inquit,
1387 984 1402 1011 ‘
1427 982 1586 1032 bene-

517 1068 725 1120 ficium?
744 1066 1011 1117 Benevola
1027 1063 1183 1123 actio,
1207 1062 1438 1111 tribuens
1463 1075 1584 1124 gau-

518 1146 682 1209 dium,
699 1145 1014 1208 capiensque
1035 1139 1329 1203 [gaudium]
1354 1138 1585 1186 tribuen-

520 1221 606 1281 do,
628 1223 681 1270 in
716 1220 768 1268 id
794 1217 930 1284 quod
954 1214 1080 1265 facit
1110 1229 1292 1280 prona,
1314 1222 1370 1264 et
1394 1220 1583 1277 sponte

520 1313 613 1347 sua
639 1293 858 1362 parata-⁹
895 1293 1046 1342 Idem.

589 1368 917 1432 remensibus]
972 1369 987 1395 ‘
1024 1367 1251 1416 Tumere
1279 1363 1292 1385 ’
1348 1363 1582 1427 eleganti

518 1449 826 1513 metaphora
860 1446 942 1494 liic
987 1443 1233 1493 dicuntur
1276 1440 1448 1496 animi,
1493 1440 1584 1505 qui

520 1524 757 1589 erupturi
815 1520 1092 1579 videntur-5
1140 1517 1292 1566 sicuti
1338 1523 1352 1544 ⁸
1387 1516 1583 1566 Gallim

521 1610 720 1651 tumere
741 1599 754 1621 ’
778 1599 1026 1647 dicuntur
1068 1593 1205 1657 apud
1238 1593 1406 1642 Tacit.
1440 1593 1582 1644 Hist-

520 1693 583 1736 tt.
606 1682 688 1727 32.
727 1677 879 1725 Rern.

588 1752 892 1802 Tumentibus
912 1750 1059 1815 plebis
1077 1747 1273 1810 animis]
1309 1747 1371 1795 In
1395 1745 1581 1797 codice

519 1828 900 1891 Salisburgensi
948 1827 1166 1890 primum
1205 1821 1377 1872 fuerat
1417 1822 1580 1884 scrip-

523 1916 628 1955 tum
654 1903 961 1960 timentibus,·
997 1902 1088 1950 sed
1111 1903 1224 1963 ipse
1246 1899 1500 1959 librarius,
1523 1905 1582 1947 ut

481 1990 484 1993 ’
519 1981 804 2044 corrigeret
831 1982 924 2028 boc
949 1976 1330 2039 mendnm,jam
1356 1989 1449 2023 sua
1475 1989 1582 2023 ma-

520 2073 588 2107 nu
616 2055 883 2117 rescripsit
909 2053 1209 2103 tumentibus.
1279 2051 1481 2099 Plinius
1506 2051 1582 2099 in-

517 2131 618 2195 fra,
643 2143 818 2181 Lxxx.
838 2135 886 2179 3.
917 2129 1063 2185 dicit,
1088 2130 1103 2156 ‘
1132 2136 1394 2176 tumentes
1421 2140 1583 2190 popu·

517 2209 614 2270 los,
634 2224 734 2258 non
754 2207 972 2271 imperio
989 2207 1175 2270 magis,
1194 2218 1344 2270 quam
1365 2204 1586 2264 ratione,

520 2283 897 2349 compescere!
965 2283 1184 2332 Notavit
1209 2281 1319 2344 jam
1359 2279 1585 2343 Lipsius,

520 2364 535 2390 ‘
559 2371 759 2412 tumere
773 2360 788 2383 ’
808 2361 1032 2424 eleganti
1054 2359 1354 2420 metaphora
1377 2357 1460 2406 hic
1480 2356 1585 2425 dici

520 2442 717 2489 animos
736 2437 1009 2502 iratos,qui
1028 2435 1261 2499 erupturi
1278 2433 1554 2484 videantur
1571 2451 1586 2497 ;

517 2515 755 2578 erupturi
775 2514 968 2578 quippe
993 2514 1043 2561 in
1065 2510 1372 2572 vindictam,
1392 2510 1440 2558 in
1461 2524 1584 2560 con·

509 2594 806 2658 jurationes
822 2600 876 2641 et
894 2591 1120 2653 insidias,
1135 2603 1249 2653 quae
1268 2595 1464 2637 tantum
1481 2587 1585 2636 ani-

518 2670 613 2718 mis
624 2675 891 2732 conceptae
908 2666 1077 2716 adbuc
1091 2665 1343 2725 latebant,
1360 2672 1516 2728 atque
1533 2664 1585 2713 in

517 2747 810 2805 tumultus;
845 2752 904 2794 ut
939 2744 1121 2806 Virgil.
1154 2743 1352 2805 Georg.
1399 2755 1438 2792 t.
1467 2747 1585 2793 ⁴65.

518 2824 679 2887 canit,
711 2822 727 2850 ‘
750 2823 850 2872 Ille
881 2821 1039 2871 etiam
1075 2835 1240 2870 caecos
1279 2820 1472 2868 instare
1503 2824 1585 2868 tu-

518 2901 712 2949 multus
742 2898 897 2962 Saepe
930 2905 1126 2951 monet,
1148 2894 1506 2958 fraudemque,
1528 2901 1586 2945 et

517 2983 704 3039 operta
728 2982 1019 3024 tumescere
1043 2971 1214 3022 bella.'
1268 2971 1354 3020 Ita
1378 2979 1433 3020 et
1457 2965 1591 3020 Ovi:

519 3054 605 3102 dio
631 3050 854 3101 Heroid.
879 3050 1052 3113 Epist.
1078 3062 1181 3098 vu.
1209 3051 1316 3096 141.
1341 3047 1586 3097 dicuntur

516 3133 530 3157 ‘
575 3130 708 3179 bella
754 3125 988 3177 tumere.'
1058 3125 1192 3174 Item
1239 3130 1295 3171 et
1340 3122 1585 3172 Ciceroni

520 3203 584 3252 ad
622 3203 790 3252 Attic.
827 3215 944 3251 xiv.
971 3203 1022 3249 4.
1058 3206 1072 3227 ‘
1097 3198 1308 3261 negotia
1346 3206 1545 3247 tumere
1571 3196 1584 3218 ’

520 3281 781 3339 dicuntur,
803 3293 919 3342 quae
954 3274 1156 3325 scilicet
1190 3275 1265 3322 ita
1297 3273 1586 3335 agitantur,

520 3364 577 3405 nt
602 3356 652 3404 in
677 3350 1102 3416 malum.aliquod
1139 3356 1429 3413 erumpant.
1495 3349 1586 3397 vi-

519 3432 672 3481 detur
697 3436 869 3479 autem
894 3427 1164 3478 translatio
1179 3427 1335 3477 ducta
1357 3440 1468 3474 esse
1492 3433 1586 3475 aut

521 3525 552 3557 a
588 3508 770 3557 bestiis
806 3508 878 3555 ita
913 3503 1398 3564 intumescentibus,
1431 3509 1520 3551 aut
1555 3516 1586 3551 a

519 3583 725 3634 feminis
759 3581 1007 3645 gravidis,
1048 3587 1099 3628 et
1133 3580 1368 3642 proxime
1406 3586 1584 3641 partu-

520 3657 805 3726 rientibus3
849 3663 907 3705 ut
944 3655 1103 3706 Ovid.
1148 3653 1368 3705 Heroid.
1409 3655 1583 3718 Epist.

523 3749 605 3786 xr.
651 3739 732 3784 37.
769 3735 863 3795 ait,
910 3733 1170 3795 ‘Jamque
1224 3730 1587 3781 tumescebant

521 3814 694 3864 vitiati
732 3810 965 3876 pondera
1002 3807 1237 3859 ventris.'
1305 3808 1468 3857 Immo
1499 3827 1585 3870 με·

518 3890 824 3948 rcant-rm&
868 3887 1027 3936 etiam
1076 3885 1279 3935 traduci
1325 3892 1502 3949 potest
1556 3902 1587 3936 a

520 3966 744 4016 nubibus
778 3962 1003 4025 tumidis,
1026 3976 1139 4027 qnae
1169 3962 1470 4025 grandines,
1492 3962 1587 4012 im-

519 4043 657 4099 bres,
684 4041 927 4097 tonitrua,
954 4045 1009 4087 et
1025 4039 1227 4103 quasvis
1247 4050 1430 4101 graves
1456 4045 1586 4087 tem-

520 4126 774 4183 pestates,
807 4132 925 4166 mox
950 4122 1228 4179 erupturas
1261 4116 1587 4166 minitantur.

524 4195 821 4259 cujusmodi
888 4191 1178 4257 ἀλληγορία
1253 4192 1585 4258 persequitur

523 4272 741 4323 Petron.
775 4285 894 4336 cap.
932 4276 1042 4320 123.
1075 4273 1090 4301 ⁴
1119 4270 1301 4322 Nubes
1337 4282 1585 4320 exonera·

1218 378 1438 428 NOTAE
1490 374 1895 424 vsfltoRtJM
1949 372 2029 421 m

1665 516 1874 575 bantur,
1897 527 1993 564 nec
2018 519 2169 576 rupto
2190 509 2394 562 turbine
2420 508 2560 558 venti
2588 511 2736 560 Dee·'

1663 600 1800 654 rant,
1825 607 1883 641 ac
1909 589 2159 640 tumidum
2185 585 2453 637 confracta
2470 586 2729 650 grandine

1662 672 1866 726 coelum,
1905 669 2041 732 Ipsae
2054 668 2163 731 jam
2187 665 2350 715 nubes
2373 674 2542 728 ruptae
2565 678 2728 727 super

1663 761 1801 797 arma
1825 743 2120 801 cadebant?
2143 746 2244 793 dre.
2313 741 2427 791 Hoc
2453 748 2629 791 autem
2653 741 2730 789 lo-.

1663 839 1725 873 co
1746 821 2018 885 μεταφορὰν
2041 821 2211 870 malini
2235 832 2503 870 arcessere
2526 831 2554 865 a
2584 817 2728 867 cani-

1663 899 1776 957 bus,
1834 900 2050 962 aliisqne
2108 895 2309 956 bestiis,
2367 896 2442 943 ira
2489 893 2727 958 tumidis,

1666 983 1888 1040 propter
1923 987 2149 1040 sequens
2180 971 2413 1030 verbnm,
2448 970 2464 997 ‘
2489 969 2727 1033 objecta-

1662 1053 1787 1102 bant
1807 1051 1840 1113 ;'
1876 1067 1992 1117 quae
2020 1050 2218 1100 locutio
2241 1048 2352 1097 sine
2370 1046 2531 1096 dubio
2557 1047 2729 1110 petita

1662 1139 1743 1179 est
1767 1145 1795 1178 a
1821 1129 2073 1188 Cerbero,
2095 1133 2186 1176 aut
2210 1126 2395 1192 quovis
2416 1139 2544 1175 cane
2571 1115 2731 1189 irato,''

1662 1214 1719 1255 et
1763 1220 1962 1255 morsus
2009 1204 2302 1259 minitante,
2346 1201 2429 1252 cui
2472 1198 2593 1265 offa,
2634 1208 2729 1251 aut

1665 1280 1794 1330 alius
1820 1280 1969 1329 cibus
1990 1280 2005 1306 ‘
2031 1276 2315 1341 objicitur:
2339 1291 2403 1326 ne
2430 1276 2614 1338 latret,
2635 1282 2731 1325 aut

1662 1357 1885 1420 aliquem
1926 1355 2104 1404 laedat.
2168 1355 2256 1403 Sic
2285 1352 2468 1415 virgil.
2496 1352 2615 1403 AEn.
2648 1364 2728 1402 vs.

1663 1436 1777 1483 417.
1799 1447 1946 1496 seqq.
1983 1432 2143 1492 canit,
2177 1429 2471 1481 ‘Cerberus
2506 1429 2616 1478 baec
2649 1428 2730 1477 in·

1664 1522 1791 1572 gens
1815 1510 2006 1556 latratu
2033 1521 2193 1570 regna
2214 1503 2424 1556 trifauci
2445 1504 2730 1554 Personat.

1667 1617 1681 1634 .
1709 1618 1723 1634 .
1740 1615 1755 1633 .
1776 1585 1870 1633 Cui
1893 1591 2036 1633 vates
2062 1614 2077 1630 .
2096 1614 2138 1631 ..
2164 1580 2325 1630 Melle
2351 1584 2646 1641 soporatam
2670 1584 2729 1628 et

1666 1660 1935 1710 medicatis
1992 1657 2229 1721 frugibus
2285 1654 2439 1706 offam
2496 1653 2735 1719 objicit:

1666 1736 1839 1786 Etiam
1889 1734 2138 1785 Phaedrus
2178 1747 2216 1783 1.
2249 1736 2333 1782 28.
2370 1733 2386 1760 ‘
2424 1732 2729 1782 Nocturnus

1663 1827 1818 1877 quum
1855 1809 1976 1871 fur,’
2012 1810 2197 1875 inquit,
2228 1812 2244 1839 ‘
2272 1824 2455 1873 panem
2500 1808 2731 1859 misisset

1663 1889 1803 1951 cani,
1834 1888 2063 1952 objecto,
2098 1895 2325 1949 tentans,
2360 1900 2423 1934 an
2453 1885 2574 1935 cibo
2612 1898 2731 1948 pos·

1661 1975 1744 2014 set
1774 1965 1929 2031 capi)
1980 1964 2134 2013 Haud
2172 1978 2322 2013 secus
2346 1964 2522 2012 Livius
2545 1976 2622 2013 ιν.
2646 1968 2731 2013 16.

1660 2051 1674 2073 ⁴
1702 2042 1835 2094 Cibo
1859 2041 2181 2106 objiciendo,
2214 2040 2306 2105 Sp.
2335 2040 2537 2089 Maelius
2561 2048 2730 2103 ratus,

1662 2122 1909 2171 victorem
1934 2117 2262 2168 finitimorum
2299 2116 2524 2165 omnium
2560 2129 2731 2179 popu-

1660 2200 1762 2247 lum
1783 2200 1834 2247 in
1849 2197 2153 2246 servitutem
2174 2192 2352 2258 perlici
2372 2206 2522 2257 posse
2537 2190 2573 2253 3⁹
2610 2193 2733 2257 quia

1658 2274 1899 2325 nimirum
1938 2273 2030 2336 Sp.
2054 2271 2278 2333 Maelius,
2319 2269 2464 2318 dives
2495 2267 2728 2319 frumen-

1658 2351 1840 2411 tarius,
1857 2354 2162 2414 speraverat
2181 2346 2379 2396 bilibris
2391 2343 2547 2394 farris
2573 2346 2730 2397 liber·

1662 2433 1824 2476 tatem
1838 2439 1895 2474 se
1911 2423 2100 2475 civium
2122 2437 2326 2473 suorum
2344 2422 2554 2485 emisse,
2573 2420 2730 2472 adeo-

1660 2516 1763 2567 que
1797 2516 1886 2551 eos
1922 2512 2154 2564 pacasse,
2191 2506 2278 2548 aut
2323 2498 2733 2561 compescuisse,

1661 2595 1726 2629 ne
1751 2579 1912 2643 ipsius
1936 2576 2210 2627 conatibus
2229 2575 2373 2638 quasi
2398 2576 2730 2625 oblatrarent

1660 2665 1819 2720 atque
1842 2655 2170 2705 resisterent.
2205 2652 2450 2701 Scitum-z.

1732 2732 1804 2781 Tu
1827 2737 1926 2780 tam
1947 2728 2190 2791 innocens]
2225 2729 2301 2779 Ut
2322 2729 2622 2779 occasiones
2647 2743 2732 2778 er-

1663 2819 1891 2860 ratorum
1922 2810 2269 2870 librariorum,
2302 2815 2355 2858 et
2386 2808 2539 2857 bodie
2576 2817 2729 2872 typo·

1661 2888 1999 2951 graphorum,
2051 2903 2113 2936 eo
2159 2885 2320 2950 magis
2364 2886 2733 2947 observentur,

1662 2963 1836 3013 obiter
1858 2963 2140 3013 notandum
2165 2962 2312 3018 duxi,
2337 2975 2429 3024 pro
2454 2965 2505 3008 ta
2528 2966 2647 3017 tom,
2673 2961 2730 3009 in

1663 3040 1895 3089 editione
1923 3039 2217 3102 Puteolani,
2238 3052 2340 3102 qua
2373 3050 2470 3100 ego
2495 3045 2632 3098 utor,
2652 3043 2731 3086 tu-

1663 3123 1779 3178 tam,
1815 3124 1869 3165 et
1903 3116 1957 3165 in
1991 3115 2233 3165 Beroaldi
2267 3119 2401 3162 tuam
2448 3126 2731 3177 perperam

1663 3208 1774 3242 esse
1800 3208 2063 3243 excusum.
2116 3190 2220 3242 Sed
2245 3199 2299 3240 et
2321 3188 2486 3239 codex
2511 3191 2733 3240 Vatica-

1663 3285 1756 3320 nus
1792 3274 1940 3319 3461.
1975 3271 2099 3318 item
2137 3275 2193 3317 et
2226 3265 2731 3330 Guelpberbytanus
2817 3319 2827 3328 ,

1664 3362 1758 3411 pro
1783 3352 1882 3396 tam
1913 3348 2138 3395 innocens
2171 3343 2421 3394 exhibent
2444 3340 2552 3403 jam
2581 3343 2733 3392 inno..

1663 3423 1862 3474 centias.
1932 3422 2086 3472 Unde
2141 3422 2314 3485 aliqua
2357 3419 2585 3483 quidem,
2630 3419 2733 3469 sed

1665 3514 1766 3548 non
1791 3498 1912 3548 satis
1931 3496 2219 3559 commoda,
2240 3501 2297 3545 et
2314 3509 2428 3558 quse
2447 3509 2563 3544 cum
2582 3503 2732 3545 eete-
2806 3539 2815 3545 ,

1665 3577 1733 3626 ris
1757 3577 1919 3625 Plinii
1958 3573 2126 3623 verbis
2160 3572 2439 3631 cobaereat,
2475 3570 2586 3619 erui
2611 3584 2733 3633 pos·

1663 3653 1731 3700 sit
1766 3650 2040 3701 sententia.
2081 3648 2308 3697 'Plinius
2349 3660 2453 3696 non
2499 3646 2733 3712 dixerat,

1660 3727 1941 3791 Trajanum
1977 3726 2229 3776 laetiorem
2252 3723 2388 3774 latia
2411 3729 2467 3773 et
2499 3723 2737 3773 secnrio·

1661 3819 1770 3854 rem
1785 3805 1979 3855 securis
1998 3820 2014 3865 ;
2047 3803 2139 3853 sed
2149 3804 2435 3866 gaudentem
2448 3815 2595 3865 atque
2605 3815 2733 3863 gua·

1660 3883 1901 3946 dentibus,
1923 3890 1977 3931 et
2013 3896 2230 3930 securum
2258 3878 2457 3941 securis,
2486 3878 2732 3929 benefici-

1664 3974 1747 4008 um
1772 3958 2007 4007 dedisse:
2045 3957 2206 4021 igitur
2237 3969 2411 4020 neque
2438 3969 2572 4005 nunc
2593 3969 2735 4005 com·

1663 4038 1817 4084 mode
1853 4034 2028 4084 dicere
2064 4031 2555 4097 potuit,'1'rajannm
2580 4032 2732 4083 inno·

1662 4114 1952 4163 centiorem
1972 4111 2211 4161 tribuisse
2224 4109 2560 4173 congiarium,
2575 4126 2733 4175 qnam

1662 4190 1714 4239 id
1738 4190 2007 4253 acceperit
2025 4188 2264 4252 populus.
2332 4186 2386 4235 Si
2410 4186 2655 4250 princeps
2680 4191 2733 4237 in

1662 4270 1757 4318 bac
1770 4283 1825 4318 re
1844 4266 2046 4318 dicatur
2063 4262 2222 4316 fuisse
2237 4263 2563 4316 innocentior
2578 4278 2734 4330 quarn
