3060 4902
556 367 691 434 932

563 525 647 574 hic
671 523 847 586 igitur,
881 518 1157 584 dispositio
1188 524 1245 568 et
1278 515 1480 568 creatio
1516 530 1623 564 ma·

565 601 877 664 gistratnum
903 597 954 645 in
980 595 1114 644 hunc
1137 607 1346 642 annum.
1380 592 1518 655 Lips.

632 674 890 724 Ordinatio
907 671 1231 734 comitiorum]
1257 669 1301 719 1.
1318 684 1366 718 e.
1389 670 1625 717 celebra·

565 751 638 801 tio
662 749 991 799 comitiorum
1018 749 1070 796 in
1100 747 1364 796 meliorem
1389 744 1622 794 ordinem

560 824 793 875 redacta.
830 823 1070 886 Respicit
1103 823 1299 872 Plinius
1321 820 1542 871 fortasse
1569 822 1625 869 il·

564 903 666 950 lam
689 901 1060 949 ordinationem
1078 898 1500 953 comitiorum,de
1523 912 1625 962 qua

565 978 676 1040 agit
701 978 869 1040 Epist.
888 990 974 1028 ιιι.
998 980 1081 1025 20.
1102 975 1190 1024 ubi
1214 982 1390 1024 monet
1406 975 1625 1023 amicum

566 1054 834 1117 Messium,
871 1053 1192 1103 comitiorum
1225 1050 1478 1111 ordinem,
1498 1064 1627 1099 cura

565 1130 795 1193 Trajani,
820 1142 933 1178 esse
965 1128 1303 1185 immutatum,
1336 1140 1507 1189 neque
1535 1140 1627 1188 per

567 1213 752 1270 aperta
787 1203 1047 1266 suffragia,
1083 1201 1175 1252 sed
1216 1202 1424 1250 tacitam
1463 1200 1628 1249 tabel-

563 1281 686 1343 lam,
706 1281 876 1330 creari
914 1279 1281 1341 magistratum
1318 1291 1433 1326 cum
1472 1284 1628 1325 antea

566 1365 837 1407 senatores
870 1354 1191 1403 excesserint
1216 1351 1503 1401 manifestis
1527 1352 1626 1400 illis

567 1432 868 1496 apertisque
893 1428 1150 1500 suffragiis
1175 1428 1436 1478 licentiam
1453 1427 1628 1477 conci-

568 1522 757 1570 onum;
791 1523 890 1557 nec
915 1516 1120 1570 teinpus
1142 1505 1408 1568 loquendi,
1433 1518 1528 1554 nec
1554 1512 1627 1554 ta·

565 1583 719 1632 cendi
744 1583 1072 1644 modestiam,
1091 1596 1184 1630 nec
1202 1582 1424 1646 denique
1441 1583 1630 1631 seden-

567 1658 619 1706 di
644 1658 971 1721 dignitatem,
1005 1657 1365 1707 custodierint.
1432 1664 1447 1687 ⁸
1473 1656 1630 1707 Ordi-

562 1733 731 1794 nare,’
751 1742 832 1783 est
852 1734 1198 1795 constituere,
1222 1732 1494 1795 disponere
1514 1748 1529 1793 ς
1555 1733 1629 1795 id,

567 1809 705 1871 quod
731 1808 993 1858 turbatum
1018 1816 1116 1863 est,
1141 1808 1190 1855 in
1212 1809 1444 1857 ordinem
1468 1808 1628 1858 addu-

566 1897 713 1939 cere,
736 1885 863 1946 sive,
898 1892 954 1933 nt
980 1883 1090 1933 Cic.
1116 1884 1165 1930 in
1194 1885 1402 1945 Fragm.
1427 1884 1631 1944 Timaei,

566 1973 614 2007 c.
635 1962 685 2007 3.
710 1960 957 2023 loquitur,
989 1960 1005 1986 ⁴
1028 1973 1090 2007 ex
1116 1958 1409 2007 inordinato
1434 1958 1630 2022 aliquid

568 2036 621 2085 in
642 2034 874 2084 ordinem
900 2029 1200 2085 adducere.⁹
1268 2036 1406 2083 Veli·
1428 2049 1491 2086 ιι.
1516 2039 1630 2085 124.

566 2111 582 2139 ⁸
610 2111 842 2162 Primum
881 2111 1241 2175 principalium
1272 2111 1471 2160 Tiberii
1505 2127 1630 2176 ope·

569 2202 682 2238 rum
707 2188 809 2239 fuit
832 2188 1093 2237 ordinatio
1112 2187 1469 2236 comitiorum.’
1493 2188 1632 2238 Ptin.

570 2265 743 2329 Epist.
767 2278 892 2315 vm.
912 2268 995 2315 24.
1030 2270 1045 2293 ⁴
1064 2263 1442 2313 ordinationem
1462 2272 1632 2315 status

570 2341 830 2393 civitatis’
883 2341 1101 2406 opponit
1145 2341 1257 2404 ejus
1288 2341 1631 2392 ‘eversioni.'

570 2424 583 2445 ⁴
605 2418 774 2470 Quam
818 2417 1011 2484 turpe‚'
1043 2419 1226 2482 inquit,
1257 2416 1333 2467 ‘si
1372 2417 1632 2468 ordinatio

574 2496 865 2556 eversione,
901 2494 1115 2543 libertas
1152 2494 1429 2555 servitute,
1466 2502 1633 2543 mute·

573 2576 661 2618 tur
678 2569 712 2617 Γ
777 2572 1025 2619 Ceterum
1047 2570 1266 2617 Thomas
1291 2570 1503 2618 Hearne
1528 2583 1632 2619 mo-

569 2643 700 2700 nuit,
724 2644 789 2693 ab
814 2644 961 2692 initio
980 2642 1128 2707 hujus
1148 2644 1351 2706 capitis,
1374 2658 1468 2706 pro
1489 2646 1634 2711 Nam,

571 2720 726 2769 aliter
766 2720 865 2781 legi
890 2721 1022 2768 dam.
1093 2719 1260 2770 Quain
1298 2721 1634 2773 variationem

570 2796 670 2844 etsi
696 2796 750 2844 in
774 2795 1040 2844 codicibus
1064 2795 1192 2844 Μαι.
1218 2809 1318 2844 non
1343 2795 1634 2859 deprehen-

570 2870 757 2932 derim,
803 2885 868 2919 ea
910 2875 1081 2920 tamen
1138 2870 1262 2920 mihi
1318 2886 1635 2935 magnopere

572 2947 787 3011 placet3
821 2959 991 3011 neque
1033 2947 1293 2996 insolitum
1329 2961 1465 3011 esse,
1509 2949 1633 2998 istas

574 3025 861 3089 particulas
896 3024 1037 3073 inter
1077 3038 1132 3074 se
1186 3026 1491 3088 permutari,
1519 3026 1634 3089 jam

577 3116 736 3164 supra
771 3102 835 3150 ad
875 3115 927 3164 p.
951 3103 1065 3149 586.
1099 3102 1317 3151 ostendi.
1384 3103 1634 3154 Ceterum

574 3179 753 3228 nescio
778 3192 872 3227 cur
911 3179 963 3226 in
988 3186 1212 3242 utraque
1241 3176 1467 3227 editione
1500 3179 1634 3229 Ges·

572 3256 805 3317 neriam,
824 3270 918 3319 pro
939 3256 1167 3318 eveniret,
1182 3269 1425 3306 excusum
1448 3256 1515 3306 sit
1528 3271 1634 3306 eve·

574 3336 719 3384 nerit-
749 3335 1007 3384 Schwarz.

638 3410 774 3458 Bene
795 3426 850 3459 ac
859 3410 1102 3474 feliciter]
1124 3411 1360 3461 Solennis
1387 3411 1635 3475 precandi

572 3482 811 3541 formula,
852 3495 959 3536 tum
1009 3488 1060 3536 in
1101 3490 1327 3538 comitiis
1365 3489 1636 3552 habendis,

574 3566 683 3607 tum
708 3560 1045 3612 deliberando
1069 3563 1120 3612 in
1142 3575 1344 3616 senatu.
1382 3566 1602 3616 Pater-ol.

577 3675 582 3680 .
643 3634 785 3683 Tibi.-
819 3634 996 3698 nonne]
1033 3637 1095 3686 In
1119 3640 1356 3689 omnihus
1383 3642 1529 3690 libris
1547 3656 1636 3690 ex·

573 3711 710 3761 cusis
734 3711 990 3775 quondam
1025 3712 1138 3761 haec
1171 3717 1329 3763 verba
1362 3730 1636 3779 perperam

574 3788 883 3850 transposita
918 3795 1090 3850 erant,
1126 3788 1200 3835 ita
1255 3797 1314 3838 ut
1352 3804 1637 3853 pronomen

572 3865 679 3923 tibi,
699 3863 904 3914 demum
929 3872 1046 3928 post
1071 3863 1379 3927 particulam
1413 3867 1635 3919 interro-

575 3941 734 4004 gandi
783 3955 953 3997 noane,
1006 3940 1285 4002 legeretur.
1366 3943 1637 4006 Equidem,

567 4016 678 4078 jam
708 4016 932 4080 Lipsius,
971 4023 1044 4070 et,
1086 4022 1316 4065 testante
1355 4020 1635 4082 probante·

573 4105 673 4152 que
713 4091 967 4152 Grutero,
1007 4092 1343 4157 Bougarsius,
1379 4094 1637 4158 viderant,

576 4176 1005 4231 monuerantque,
1050 4168 1176 4216 illud
1221 4183 1500 4232 pronomen
1544 4174 1638 4223 tibi

579 4239 629 4287 in
666 4255 812 4291 sumn
858 4246 1030 4295 locum
1074 4247 1431 4308 reponendum
1485 4262 1635 4311 esse;

1251 374 1471 425 NOTAE
1521 370 1864 421 vAluonu
1880 370 1927 417 M
1983 370 2063 418 m

1700 514 1840 578 quia,
1863 513 2003 578 quod
2028 527 2093 562 ex
2125 510 2466 575 sequentibus
2489 510 2668 561 verbis
2703 512 2765 561 li·

1697 602 1844 656 quet,
1878 593 2135 655 Trajanus
2176 598 2303 639 tnnc
2369 590 2468 639 hac
2515 589 2765 652 precandi

1700 668 1920 717 formula
1957 682 2076 717 usus
2109 673 2257 716 erat:
2292 667 2308 693 ‘
2329 666 2475 713 Bene
2510 679 2573 713 ac
2596 663 2764 713 felici-

1701 752 1784 793 ter
1816 744 2023 793 eveniat
2062 742 2287 797 senatui,
2311 741 2634 803 reipublice,
2669 741 2764 790 mi-

1697 820 1749 868 hi
1770 820 1798 869 !’
1845 820 1924 868 Ex
1945 818 2190 882 singulari
2208 820 2342 866 enim
2367 816 2620 865 modestia
2646 830 2764 878 pos·

1701 907 1866 948 tremo
1909 899 2025 948 loeo
2070 896 2386 946 mentionem
2424 894 2506 943 sui
2543 892 2762 956 fecerat,

1701 975 1933 1038 adeoque
1984 973 2243 1037 publicam
2278 971 2495 1020 salutem
2537 970 2765 1034 proprie

1700 1050 1903 1100 caritati
1944 1056 2346 1112 anteposuerat;
2379 1047 2540 1096 nihilo
2581 1048 2767 1108 minos,

1701 1136 1947 1192 quantum
1993 1126 2221 1181 memini,
2262 1124 2518 1174 Cellarins
2556 1122 2765 1173 demum

1702 1203 1898 1266 primus
1923 1216 1989 1251 ex
2021 1201 2184 1264 Lipsii
2206 1199 2525 1262 Gruteriqne
2542 1200 2767 1260 monitu,

1703 1277 1754 1325 in
1779 1277 1936 1327 editis
1957 1278 2107 1326 libris
2133 1290 2312 1325 verum
2341 1275 2577 1325 ordinem
2613 1276 2764 1325 resti·

1706 1354 1833 1414 tuit;
1869 1356 1954 1418 qui
1980 1369 2115 1403 nunc
2138 1353 2294 1402 etiam
2316 1352 2545 1401 omnium
2586 1366 2764 1416 super·

1703 1430 1880 1479 stitum
1906 1430 2143 1478 codicum
2173 1429 2303 1478 Mas.
2343 1426 2686 1489 auctoritate,
2721 1426 2767 1477 si

1704 1505 1769 1554 ab
1794 1520 1894 1554 uno
1931 1504 2117 1554 codice
2153 1503 2413 1554 Patavino
2446 1501 2767 1563 discesseris,

1700 1581 2089 1642 comprobatur.
2122 1580 2365 1629 Schwart-

1772 1657 1908 1708 Tibi.-
1936 1671 2090 1706 aomse
2112 1656 2208 1705 tole
2227 1654 2325 1718 est]
2363 1654 2538 1703 Nonne
2560 1654 2655 1703 riba·
2675 1656 2770 1704 tale

1703 1737 1791 1783 est.
1857 1734 2164 1783 Plenissime
2204 1732 2519 1796 transposita
2544 1746 2677 1782 voce
2698 1733 2771 1782 le·

1705 1810 1951 1873 gendum,
1976 1809 2085 1871 tibi,
2119 1822 2274 1858 rsonae
2294 1809 2408 1856 tole.
2477 1808 2617 1857 Nam
2658 1808 2769 1857 hac

1703 1881 1928 1934 formula
1962 1892 2099 1946 erat,
2130 1887 2145 1914 ‘
2167 1883 2406 1943 Senatui,
2443 1883 2771 1947 reipublice,

1705 1960 1858 2010 mibi-¹
1927 1962 1992 2010 Se
2016 1962 2157 2024 ipsos
2180 1961 2232 2008 in
2258 1973 2324 2009 ea
2346 1959 2768 2023 comprecatione

1703 2050 1910 2101 semper
1933 2036 2283 2096 includebant,
2316 2042 2377 2084 ut
2410 2036 2465 2082 in
2502 2034 2768 2085 Ciceronis

1703 2112 1806 2161 illis
1851 2112 2040 2169 verbis,
2081 2120 2137 2163 et
2175 2111 2321 2161 alibi.
2388 2109 2637 2161 Occurrit
2673 2113 2771 2163 hoc

1704 2189 1887 2239 Ennii:
1924 2189 2022 2238 ‘ea
2057 2197 2116 2238 ut
2155 2189 2241 2251 mi,
2288 2188 2488 2251 Reique
2531 2195 2601 2242 et,
2629 2186 2771 2251 fidei,

1704 2280 1881 2328 regno,
1906 2264 2153 2330 vobisque
2179 2264 2410 2315 Quirites
2438 2266 2512 2314 Se
2534 2262 2766 2315 fortuna·

1706 2343 1819 2398 tim,
1839 2341 2086 2406 feliciter,
2123 2356 2185 2392 ac
2215 2341 2349 2393 bene
2372 2340 2622 2392 vortant-⁹
2654 2342 2772 2407 Lip-

1703 2432 1823 2468 sius.
2636 2451 2650 2463 .

1775 2494 1914 2546 Tibi.-
1947 2509 2099 2545 nonne
2124 2496 2220 2547 tale
2241 2495 2337 2559 est]
2369 2496 2539 2546 Nonne
2563 2497 2655 2546 tibi
2676 2497 2772 2546 tete

1705 2575 1796 2620 est.
1864 2571 2005 2620 Edit.
2029 2571 2194 2621 Rhen.
2236 2572 2372 2621 Tibi.-
2393 2586 2550 2622 ame
2568 2574 2771 2623 talem.

1708 2646 1826 2696 Hoc
1850 2655 1907 2696 et
1930 2648 1980 2695 in
2006 2654 2235 2698 tractatu
2261 2647 2326 2696 ad
2368 2647 2402 2695 1.
2426 2661 2492 2697 ιι.
2525 2648 2594 2698 de
2618 2649 2769 2713 Orig-

1706 2723 1742 2774 J
1747 2738 1822 2773 ur.
1835 2723 1902 2772 de
1920 2723 2336 2786 Magistratibus,
2352 2724 2440 2789 qui
2455 2733 2769 2784 commento·

1708 2800 1786 2848 rio
1805 2798 1872 2849 de
1898 2800 2086 2862 regulis
2111 2798 2353 2862 adjectus
2375 2807 2476 2856 est,
2497 2799 2611 2861 jam
2646 2800 2767 2851 otiu

1708 2875 2019 2925 notavimus.
2054 2876 2232 2925 Faber.

1776 2954 1916 3003 Tibi.-
1948 2969 2099 3003 nonne
2120 2955 2217 3003 tale
2246 2954 2345 3018 est]
2382 2954 2529 3004 Nihil
2555 2961 2639 3004 est
2658 2968 2770 3003 cer-

1710 3029 1812 3079 tius
1846 3029 2205 3094 conjectaneo,
2228 3029 2365 3093 quod
2403 3030 2598 3079 dudum
2638 3029 2771 3082 libro

1709 3120 1803 3155 suo
1855 3105 2049 3155 adierit
2104 3106 2447 3170 Bongarsius,
2497 3106 2770 3171 tegendum

1709 3180 1911 3230 scilieet
1936 3194 2066 3229 voce
2093 3181 2426 3244 transposita,
2445 3182 2661 3232 ene-M
2692 3197 2787 3232 aot

1708 3257 1799 3312 bis,
1820 3256 2115 3319 reipublice,
2135 3257 2257 3314 tib1',·
2289 3271 2445 3307 nonae
2468 3259 2565 3306 tale
2581 3264 2676 3313 eat,
2694 3261 2773 3321 ξε.

1705 3331 1893 3395 Sicqne
1919 3347 2089 3396 nuper
2123 3334 2283 3384 etiam
2316 3334 2620 3399 legendum,
2653 3348 2773 3385 con·

1698 3409 1831 3472 jecit
1878 3411 2111 3473 Lipsius:
2174 3412 2303 3462 adeo
2347 3411 2474 3461 nulli
2516 3415 2774 3477 preclusa

1709 3494 1788 3535 est
1812 3485 1877 3534 ad
1904 3488 2181 3537 veritatem
2208 3489 2308 3538 via.
2344 3489 2496 3538 Grut-

1773 3561 1907 3611 Deos
1941 3562 2163 3626 denique]
2205 3564 2552 3627 Negtigsntis
2596 3573 2679 3616 est
2719 3566 2777 3616 li·

1709 3633 2018 3698 brariorum,
2034 3638 2121 3700 qui
2143 3638 2196 3686 in
2216 3638 2487 3690 codicibus
2510 3642 2777 3693 Vaticanis

1712 3717 1858 3763 1776.
1879 3720 1933 3762 et
1963 3719 2105 3766 1476.
2137 3715 2262 3765 item
2298 3717 2351 3766 in
2390 3718 2683 3771 Parisieasi
2721 3728 2775 3771 et

1711 3801 1929 3856 utroque
1953 3794 2180 3856 Veneto,
2224 3810 2507 3860 reposuere
2538 3815 2617 3849 eos
2647 3800 2776 3851 dni·

1710 3883 1799 3930 qae
1838 3870 2109 3928 obsecrare,-
2142 3872 2487 3938 similiterque
2526 3876 2582 3925 in
2627 3877 2774 3926 Salis·

1713 3944 1975 4009 burgensi,
1999 3946 2281 4012 Patavino,
2313 3958 2370 3999 et
2410 3965 2550 4007 meo,
2573 3956 2775 4002 ossam·

1709 4035 1799 4084 que
1843 4023 2116 4079 obsecrare:
2153 4023 2251 4072 nisi
2299 4024 2419 4088 quis
2461 4028 2777 4091 suspicetur,

1710 4097 1969 4146 excidisse
1992 4096 2219 4147 fortasse
2240 4100 2482 4161 quedam
2504 4105 2668 4154 verba
2690 4118 2776 4152 an·

1712 4173 2032 4235 tecedentia,
2056 4189 2172 4239 qum
2204 4174 2270 4223 ad
2302 4175 2436 4226 Deos
2465 4180 2779 4242 spectarint.

1712 4249 1887 4307 Certe,
1913 4264 2029 4301 raro
2053 4250 2170 4301 fieri
2190 4252 2381 4315 solere,
2413 4262 2472 4305 ut
2497 4255 2553 4306 in
2576 4254 2776 4308 duabus
