3060 4902
805 372 870 419 C·
920 371 1166 420 PmNtl
1215 369 1547 422 securint
1599 372 1878 421 PANEG.

369 519 466 564 tos.
517 511 709 562 Nonne
729 512 866 562 enim
888 514 1088 562 Plinius
1111 528 1287 578 snpra,
1308 527 1437 565 ην.

369 593 419 638 3.
454 590 505 638 in
526 589 789 653 proecipus
812 590 968 640 laude
990 590 1205 653 Trajani
1231 591 1436 654 posuit?

362 669 378 694 ⁸
399 666 478 715 'I'u
503 666 699 714 amicos
722 680 788 714 ex
815 666 1021 729 optimis
1045 668 1191 728 legis.
1216 702 1229 716 .
1252 697 1267 713 .
1291 700 1306 714 .
1323 666 1436 715 Hos

370 754 501 803 ergo
532 742 792 804 provehis,
832 752 885 791 et
910 750 1162 802 ostentas,
1198 756 1314 807 quae
1339 742 1438 791 tibi

365 824 518 866 secta
560 816 700 873 vitm,
750 819 888 880 quod
939 817 1203 867 hominum
1255 832 1440 881 genus,

366 890 614 956 placent?
655 893 994 957 Cur,quaeso‚
1018 909 1155 943 nunc
1179 894 1230 943 in
1256 894 1441 943 Nerva

368 967 572 1031 laudet,
589 968 724 1031 quod
740 969 823 1017 bie
841 970 998 1019 minus
1015 970 1151 1018 bonos
1168 984 1437 1032 promove·

370 1044 439 1092 rit
476 1046 919 1110 provexeritque?
986 1047 1101 1106 Ego
1136 1047 1311 1111 itaque
1356 1062 1437 1096 re-

368 1120 514 1169 tineo
544 1121 754 1184 quidem
782 1123 938 1171 etiam
963 1123 1245 1186 vulgatam,
1278 1130 1333 1173 et
1370 1124 1438 1173 ab

371 1194 610 1245 omnibus
630 1197 900 1247 codicibus
934 1198 1064 1247 Mos.
1083 1197 1436 1249 confirmatam

369 1271 647 1321 lectionem
668 1289 684 1335 ς
707 1273 798 1322 sed
815 1275 968 1322 sliam
987 1276 1096 1338 ejus
1111 1275 1440 1339 stipplendae‚

374 1348 825 1411 velexplicandae,
866 1350 1119 1398 rationem
1158 1350 1311 1413 irre03
1349 1366 1438 1400 ne-

370 1437 475 1487 que
523 1439 640 1473 cum
677 1425 964 1475 Arntzenio
1014 1427 1227 1491 aliisque
1275 1428 1435 1490 parti-

368 1502 540 1549 culam
563 1502 735 1557 minus,
757 1499 822 1549 ed
840 1499 1056 1550 ἐπίθετον
1071 1501 1229 1566 bonos,
1252 1502 1344 1551 sed
1371 1501 1435 1551 ad

371 1574 589 1624 verbum
623 1591 893 1639 promovere
923 1577 1114 1633 refero,
1149 1579 1326 1641 sicque
1362 1580 1435 1628 lo·

369 1665 490 1700 cnm
509 1651 647 1700 hune
662 1652 1073 1702 concinnendum
1097 1653 1251 1715 duco,
1274 1655 1437 1704 Habit-

369 1731 478 1776 erat
497 1727 622 1775 lianc
637 1728 859 1778 honorem
888 1730 1112 1792 periculis
1133 1731 1309 1779 nostris
1340 1731 1437 1780 Di·

372 1817 461 1853 ου
484 1804 668 1867 Nerva,
684 1810 739 1853 nt
754 1820 857 1860 nos,
877 1807 970 1854 etsi
991 1806 1146 1855 minas
1168 1821 1433 1869 promove·

373 1886 478 1942 ret,
515 1886 572 1929 ut
614 1881 753 1930 bonos
788 1886 942 1930 tamen
973 1897 1245 1945 promovere
1279 1885 1435 1933 veltet.

376 1956 600 2020 Nempe,
626 1972 740 2006 eum
765 1957 1093 2006 Domitianus
1131 1959 1291 2008 bonos
1327 1959 1438 2007 otio

373 2039 431 2082 et
454 2032 559 2081 situ
583 2032 872 2089 abstrusos,
909 2041 966 2083 et
1002 2036 1149 2099 quasi
1186 2036 1438 2099 sepultos,

374 2122 475 2157 non
500 2108 597 2156 nisi
629 2108 977 2158 delationibus
1009 2118 1065 2160 et
1103 2112 1345 2173 periculis
1386 2114 1436 2160 in

374 2184 543 2234 lucem
568 2199 629 2234 ac
652 2184 788 2233 diem
823 2184 1106 2248 proferret,
1142 2193 1201 2235 ut
1237 2187 1440 2235 Plinius

373 2275 552 2323 snpra,
573 2274 706 2310 xm.
726 2266 778 2311 2.
799 2261 1004 2312 dixerat
1025 2277 1040 2322 ς
1064 2263 1175 2325 jam
1209 2264 1384 2313 Nerva
1410 2277 1440 2312 e

374 2341 659 2396 contrario,
679 2347 796 2402 post
818 2339 903 2388 ills
919 2340 1167 2389 bonorum
1189 2342 1442 2404 pericula,

373 2416 738 2478 constituerat,
758 2421 952 2479 praeter
975 2417 1118 2472 alios,
1134 2417 1359 2467 Plinium
1386 2426 1443 2469 et

375 2494 686 2555 Cornutum,
703 2501 757 2541 ut
776 2492 933 2541 bonos
950 2492 1102 2551 viros,
1122 2507 1443 2558 promovere,

375 2584 568 2634 eosque
596 2568 926 2633 praefeetnrae
946 2569 1114 2618 aerarii
1151 2569 1442 2619 destinatos

374 2645 440 2694 ml
464 2645 684 2694 honores
710 2646 965 2706 evehere3
998 2645 1232 2710 quamvis
1274 2652 1443 2695 morte

378 2730 701 2787 praeventus,
743 2722 837 2772 hos
882 2724 1045 2787 ipsos,
1083 2737 1198 2772 cum
1236 2730 1442 2786 tempus

376 2798 798 2848 antecedentium
847 2798 1214 2861 praet'ectorum
1274 2800 1443 2849 aerarii

378 2872 609 2924 nondum
630 2875 861 2937 elapsum
878 2882 1035 2930 esset,
1059 2890 1155 2924 nec
1177 2875 1299 2924 dum
1325 2891 1444 2939 pro-

378 2951 639 3010 moverit3
677 2949 811 2999 nude
843 2951 1048 3000 Plinius
1082 2952 1444 3012 significanter

377 3024 535 3085 dixit,
582 3040 856 3088 promovere
911 3026 1081 3076 vellet.-
1128 3042 1278 3089 quam
1322 3041 1444 3077 vero

380 3102 781 3152 destinationem
827 3102 1034 3152 demum
1079 3111 1199 3165 post
1241 3103 1443 3153 obitum

379 3177 573 3227 Nervae
608 3186 859 3227 executus
894 3185 973 3227 est
1003 3179 1278 3240 Trajanns.
1346 3179 1445 3228 Lo·

379 3253 558 3316 quitur
581 3268 705 3302 vero
732 3253 931 3302 Plinius
958 3253 1166 3302 omnino
1208 3254 1274 3302 de
1312 3269 1445 3316 prae·

379 3326 588 3378 fecturn
611 3329 799 3383 aerarii,
826 3343 979 3392 quam
1004 3343 1121 3377 mox
1144 3336 1298 3378 vocnt
1332 3334 1347 3358 ⁸
1366 3327 1444 3378 of·

378 3402 550 3454 ficium
576 3403 1031 3453 laboriosissimum
1050 3411 1106 3453 et
1132 3405 1447 3457 maximnm!

382 3480 513 3531 Qnae
553 3493 656 3535 res,
691 3486 747 3527 nt
793 3480 955 3541 magis
994 3487 1194 3542 patent,
1235 3495 1301 3529 ex
1341 3482 1447 3530 vita

382 3555 560 3611 Plinii,
594 3556 877 3605 secundum
904 3555 1118 3606 ductum
1163 3559 1446 3621 Massonis,

381 3647 517 3681 nnnc
539 3632 765 3694 breviter
782 3640 863 3683 est
880 3633 1210 3696 explicanda.
1242 3635 1445 3699 Nempe

381 3708 600 3768 Plinius,
623 3718 679 3757 ut
714 3709 826 3770 ipse
852 3709 1020 3758 innuit
1059 3711 1110 3756 in
1150 3709 1254 3759 fine
1295 3711 1446 3774 hujus

382 3783 709 3847 panegyrici,
721 3785 829 3846 jam
854 3784 949 3834 snb
974 3784 1293 3847 Domitiano,
1324 3785 1442 3834 insi-

382 3858 673 3908 diosissimo
711 3860 969 3924 principe,
1027 3867 1307 3922 antequam
1362 3861 1447 3910 iiic

381 3934 721 3998 profiteretur
742 3936 917 3985 odium
938 3937 1208 3998 bonorum,
1232 3951 1446 3999 provee·

385 4020 470 4061 tus
502 4020 586 4062 est
621 4012 685 4061 sd
728 4012 977 4076 quosdam
1002 4013 1240 4063 bonores.
1308 4013 1447 4063 Nam

381 4088 595 4138 circiter
650 4102 839 4137 aunum
878 4089 1072 4140 Christi
1127 4102 1350 4139 uxxu.
1392 4088 1445 4138 in

382 4166 540 4229 Syrie
590 4165 851 4221 militavit,
908 4166 1173 4216 tribunum
1228 4166 1445 4216 militum

384 4256 562 4307 agens.
585 4242 650 4294 A.
666 4243 729 4296 C.
751 4256 1020 4296 mxxxvii.
1044 4243 1099 4295 in
1121 4256 1246 4298 xm.
1267 4257 1449 4296 consu·

1955 375 2001 421 ι.
2045 357 2153 422 90.
2402 356 2573 425 1071

1512 515 1623 565 latu
1657 515 1959 572 Domitiani,
1981 524 2296 581 qnaestursm
2331 516 2577 574 obtinuit.

1516 600 1755 655 tanquam
1784 593 2001 655 primum
2028 594 2079 641 in
2117 603 2300 641 senatu
2343 594 2578 656 gradum.

1513 665 1579 714 Α.
1603 667 1663 714 C.
1688 680 1805 715 xcr.
1841 682 2023 715 munus
2061 667 2253 716 tribuni
2282 669 2446 732 plebis
2469 684 2581 719 sus·

1514 744 1678 806 cepit.
1743 744 1810 792 A.
1837 744 1898 793 C.
1939 758 2105 792 xcttr.
2143 754 2427 809 praetursm
2465 762 2580 810 ges·

1513 819 1601 877 sit,
1628 833 1744 867 cum
1771 820 2059 882 philosophi
2089 834 2155 868 ex
2191 820 2323 870 urbe
2346 823 2580 886 expelle-

1514 903 1712 944 rentur.
1774 896 1904 944 Post
1949 905 2232 959 pra-turam
2275 912 2401 946 vero
2440 899 2580 949 inter

1514 980 1725 1020 moestos
1755 980 2110 1035 paventesque
2134 972 2382 1034 latuerat,
2413 976 2576 1026 nullos

1515 1048 1748 1098 ambiens
1784 1048 2090 1110 dignitates.
2154 1048 2362 1098 Quanto
2403 1059 2577 1100 autem

1514 1122 1566 1170 in
1627 1123 1859 1186 periculo
1912 1122 2008 1171 sub
2061 1124 2364 1172 Domitiano
2420 1123 2582 1178 fuerit

1515 1198 1737 1258 Plinius,
1761 1199 1838 1246 vel
1864 1213 1929 1247 ex
1954 1213 2016 1247 eo
2041 1198 2397 1262 intelligimus,
2420 1202 2581 1266 quod,

1513 1276 1558 1322 si
1593 1274 1921 1324 Domitianus
1958 1274 2154 1324 diutius
2202 1275 2436 1332 vixisset.
2473 1278 2582 1326 Pli-

1515 1351 1630 1398 nius
1654 1366 1710 1399 se
1735 1365 1876 1400 reum
1905 1351 2138 1400 vidisset.
2205 1353 2340 1401 Nem
2365 1355 2415 1401 in
2451 1355 2578 1404 scri-

1514 1427 1602 1475 nio
1636 1427 1919 1476 Domitiani
1956 1427 2109 1476 datus
2144 1443 2174 1475 a
2206 1427 2343 1477 Caro
2366 1429 2433 1478 de
2471 1430 2581 1480 Pli-

1514 1504 1604 1552 nio
1640 1505 1848 1554 libellus
1884 1507 2125 1554 inventus
2159 1511 2269 1566 est3
2304 1507 2440 1569 quod
2467 1508 2581 1570 ipse

1514 1590 1694 1630 narret
1713 1582 1882 1645 Epist.
1901 1585 2068 1631 vit-⁷.
2092 1580 2188 1629 sub
2205 1579 2380 1630 finem.
2423 1584 2581 1634 Post·

1516 1670 1667 1719 quam
1699 1658 2019 1719 Domitiano,
2062 1656 2130 1705 A.
2157 1657 2219 1707 C.
2251 1670 2428 1708 xcvu.
2459 1673 2581 1709 xxv.

1515 1732 1738 1782 Kalend.
1767 1733 1986 1783 Octobr.
2023 1733 2212 1793 occiso,
2253 1734 2430 1782 Nerva
2463 1749 2580 1785 snc-

1517 1808 1775 1870 cessisset,
1809 1808 1910 1870 liic,
1946 1816 2175 1857 exeunte
2198 1808 2412 1858 circiter
2431 1809 2498 1860 A.
2520 1811 2583 1861 C.

1518 1896 1700 1934 xcvrr.
1730 1885 1747 1912 ‘
1772 1885 2006 1933 voluerat
2030 1883 2256 1934 Plinium
2294 1893 2348 1933 et
2385 1886 2582 1935 Cornu·

1519 1970 1627 2011 tum
1668 1976 1971 2025 promovere
2004 1960 2069 2008 ad
2107 1960 2477 2024 praefecturam
2512 1977 2583 2012 ω·

1519 2038 1661 2093 rarii,
1687 2037 1702 2059 '
1758 2037 2132 2102 quamprimum
2184 2036 2298 2086 haec
2344 2045 2589 2101 vacarem

1518 2115 1610 2163 sed
1630 2115 1912 2179 imperator
1937 2116 2179 2178 optimus,
2195 2116 2246 2165 d.
2266 2120 2348 2165 27.
2369 2117 2493 2167 Jan.
2516 2117 2585 2170 A.

1519 2193 1579 2242 C.
1606 2204 1806 2241 xcviii.
1828 2199 1995 2239 morte
2018 2199 2338 2253 praeventus,
2354 2193 2581 2242 nondum

1519 2284 1611 2318 eos
1638 2270 1827 2330 reipsa
1849 2268 2135 2331 promovit3
2171 2267 2261 2316 sed
2287 2283 2398 2318 eam
2418 2269 2582 2321 desti·

1519 2344 1782 2392 nationem
1817 2342 2053 2405 explevit
2083 2344 2360 2405 'l'rajanus‚
2387 2345 2580 2395 Nervae

1519 2430 1807 2468 successor.
1849 2417 2027 2468 Nihilo
2050 2417 2216 2467 minus
2242 2419 2466 2481 Plinius,
2485 2436 2582 2485 pro

1519 2494 1654 2558 grati
1677 2494 1830 2542 animi
1868 2494 1947 2543 sui
1992 2494 2209 2556 pietate,
2247 2497 2451 2558 utrique
2489 2498 2584 2546 im·

1521 2569 1750 2630 peratori
1771 2568 1905 2617 hune
1934 2569 2177 2618 honorem
2202 2579 2477 2633 acceptum
2499 2587 2585 2621 re-

1521 2643 1705 2692 tulisse
1751 2645 1973 2701 videtur,
2018 2646 2185 2708 Epist.
2228 2659 2283 2695 x.
2317 2651 2400 2695 2⁰.
2438 2651 2484 2695 l.
2526 2654 2583 2698 et

1524 2732 1689 2769 xxiv.
1711 2724 1760 2768 8.
1829 2722 1995 2772 Quam
2019 2722 2459 2771 circumstantiam
2479 2735 2581 2771 non

1521 2797 1652 2845 satis
1678 2796 2046 2846 animadvertit
2072 2799 2149 2846 vir
2172 2799 2395 2861 alioquin
2431 2814 2585 2850 eccu-

1523 2874 1826 2935 ratissimus,
1847 2874 1932 2925 Jo.
1957 2873 2191 2937 Messon,
2213 2876 2331 2924 dum
2359 2878 2584 2938 putavit,

1521 2948 1747 2998 Plinium
1774 2950 1914 2997 nullo
1950 2949 2101 2998 modo
2127 2950 2315 2999 Nervae
2340 2950 2583 3003 debuisse

1521 3022 1887 3086 praefecturam
1924 3023 2108 3071 urai-ii.
2176 3025 2307 3075 Qnae
2350 3039 2465 3074 cnm
2506 3026 2585 3076 ita

1521 3098 1641 3153 sint,
1657 3098 1767 3160 jam
1801 3104 2040 3146 constare
2067 3104 2212 3160 puto,
2234 3112 2326 3147 cur
2348 3098 2484 3149 hunc
2507 3101 2583 3150 lo-

1520 3188 1637 3223 cum
1663 3174 1820 3222 Plinii
1846 3174 1917 3221 ita
1938 3173 2317 3223 restituendum
2343 3181 2396 3222 et
2420 3176 2586 3238 expli·

1519 3250 1742 3299 cundum
1767 3250 2129 3309 existimarim,
2162 3255 2216 3298 stt
2237 3264 2338 3307 nos,
2370 3252 2464 3300 etsi
2493 3252 2585 3300 mi·

1522 3342 1611 3375 nus
1629 3326 1932 3388 promoverit,
1967 3331 2021 3374 ut
2055 3325 2195 3374 bonos
2224 3331 2380 3374 tamen
2398 3341 2586 3389 promo·

1522 3416 1631 3450 nere
1651 3403 1805 3450 vellet.
1869 3402 2090 3451 Scilicet
2115 3401 2326 3451 verbum
2343 3415 2586 3465 promove·

1520 3478 1606 3531 rit,
1631 3477 1739 3525 sive
1758 3483 2068 3539 promoveret,
2105 3477 2184 3526 vri
2221 3476 2413 3545 dudum
2444 3479 2585 3528 exci-

1522 3551 1623 3607 dit,
1668 3566 1729 3599 ae
1766 3566 1902 3600 nunc
1940 3552 2146 3601 restitui
2186 3551 2374 3612 (leben
2419 3553 2586 3602 lenius

1523 3636 1698 3676 autem
1737 3626 1805 3687 id,
1843 3628 1988 3691 cnjus
2015 3627 2228 3690 vestigia
2259 3628 2369 3691 jam
2395 3633 2586 3690 praesto

1522 3712 1646 3752 sunt
1671 3704 1722 3751 in
1750 3710 1917 3765 textu,
1944 3719 2096 3769 quam
2122 3718 2333 3767 prorsus
2360 3706 2586 3755 alienum

1524 3780 1759 3841 verbnm,
1777 3780 2072 3830 restituitur
2092 3796 2110 3841 ς
2144 3782 2223 3827 vel
2250 3781 2436 3829 saltem
2459 3778 2587 3829 κατὰ

1520 3854 1766 3918 σύλληψιν
1789 3857 1958 3905 animo
1980 3865 2060 3906 est
2082 3857 2459 3920 supplendum:
2495 3871 2587 3906 cn·

1510 3932 1740 3995 jusmodi
1775 3931 2055 3992 σνλλήψεως
2086 3932 2325 3993 exempla
2348 3931 2583 3993 quaedem

1512 4009 1621 4073 jam
1646 4023 1805 4071 supra
1835 4008 2003 4055 notavi
2041 4007 2105 4055 ad
2145 4019 2389 4056 mxxxix.
2411 4010 2459 4056 8.
2494 4007 2583 4057 uhi

1520 4085 1761 4134 similiter
1791 4084 1994 4132 Plinius
2030 4083 2258 4144 dixerat,
2291 4086 2305 4110 ⁸
2333 4082 2453 4131 Non
2489 4083 2584 4132 mi·

1522 4177 1619 4214 nor
1652 4168 1824 4210 tamen
1851 4167 2027 4208 vestra
2047 4160 2174 4221 laus,
2207 4159 2342 4224 quod
2369 4159 2466 4208 ist·
2489 4174 2585 4223 per

1523 4238 1709 4303 fillum,
1728 4235 2065 4303 (meruistis.)
2097 4249 2252 4300 qnam
2273 4235 2321 4286 si
2353 4235 2455 4301 ipsi
2476 4250 2584 4287 me·
