3060 4902
548 357 680 422 690

549 520 563 543 ⁸
585 515 866 580 scriberis‚'
905 514 1107 565 scilicet
1142 514 1312 564 heres.
1374 515 1612 579 Utroque

550 593 709 641 verbo
734 592 926 641 dicitur
947 592 1131 655 aliquis
1167 592 1345 640 ‘heres
1372 590 1614 652 institui‚'

547 670 653 717 sive
688 669 949 732 designari
977 669 1225 717 bonorum
1259 676 1373 731 post
1398 678 1613 717 mortem

548 746 760 809 alicujus
779 745 1014 794 domiuus
1034 743 1238 794 futurus
1256 761 1270 806 ς
1303 744 1402 793 ista
1420 752 1615 805 tamen,

544 822 746 871 ratione
769 821 926 883 modi,
949 821 1617 885 distinguuntjureconsul-

547 898 584 949 ti
605 914 621 960 ;
658 913 705 946 v.
731 914 780 961 g.
804 899 1058 962 Ulpianus
1082 899 1194 961 lege
1218 902 1299 949 21.
1319 914 1399 962 pr.
1422 917 1475 948 π.
1511 898 1615 949 Qui

547 982 863 1025 testamenta
888 975 1063 1026 facere
1090 976 1308 1039 possint,
1334 979 1435 1024 διο.
1470 977 1484 1004 ‘
1507 977 1614 1025 He·

546 1052 697 1100 redes
720 1051 911 1114 palam,
941 1053 1032 1108 ita,
1062 1060 1121 1101 ut
1138 1051 1371 1100 exaudiri
1400 1052 1613 1114 possint,

546 1128 882 1192 nuncupandi
919 1138 1057 1178 sunt.
1128 1129 1333 1178 Licebit
1358 1142 1481 1190 ergo
1510 1140 1613 1178 tes·

548 1207 706 1261 tanti,
756 1207 840 1255 vel
888 1220 1190 1269 nuncupare
1235 1205 1474 1262 heredes,
1534 1205 1613 1255 vel

541 1282 812 1343 scribere;
866 1283 976 1342 sed,
1010 1284 1054 1332 si
1109 1291 1398 1346 nuncupat,
1444 1285 1614 1347 palam

543 1358 722 1409 debet.
752 1359 888 1410 Quid
917 1367 997 1409 est
1021 1361 1035 1388 ‘
1057 1361 1227 1423 palam
1241 1359 1277 1408 ?’
1301 1374 1401 1408 non
1430 1360 1614 1422 utique

541 1436 593 1485 in
641 1435 942 1499 publicnm3
999 1435 1087 1484 sed
1128 1442 1185 1485 ut
1229 1435 1463 1484 exaudiri
1503 1450 1615 1497 pos-

541 1513 642 1562 sit:
680 1513 911 1561 exaudiri
937 1520 1110 1562 autem
1137 1526 1235 1560 non
1261 1512 1326 1560 ab
1362 1511 1618 1568 omnibns,

541 1589 635 1639 sed
660 1605 686 1637 a
714 1589 971 1640 testibus!
1008 1590 1124 1638 Non
1144 1590 1299 1651 igitur
1320 1587 1461 1636 nefas
1483 1597 1615 1644 erat,

544 1668 834 1730 principem
855 1665 1009 1714 scribi
1028 1665 1266 1712 heredem
1290 1681 1303 1725 ;
1339 1664 1614 1713 dummodo

541 1742 593 1791 id
619 1742 773 1791 fieret
795 1744 906 1790 sine
932 1740 1133 1796 fraude,
1157 1749 1210 1788 et
1229 1742 1337 1787 sine
1362 1740 1613 1802 legitimo·

545 1835 655 1868 rum
682 1819 929 1868 heredum
956 1818 1161 1866 damno.
1194 1817 1358 1865 Immo
1381 1831 1444 1864 ex
1476 1831 1615 1866 more

540 1896 690 1945 istius
717 1897 833 1959 aevi,
854 1910 949 1960 pro
969 1895 1161 1942 indicio
1177 1894 1448 1955 singularis
1475 1908 1612 1940 anio·

544 1972 615 2021 ris
639 1971 948 2026 habebatur,
966 1971 1005 2018 si
1028 1969 1436 2033 princepsjusto
1461 1970 1613 2018 modo

541 2047 861 2097 scriberetur
878 2048 1040 2096 lieres.
1074 2046 1226 2095 Unde
1241 2047 1456 2094 Sueton.
1475 2046 1612 2109 Aug.

542 2138 588 2173 c.
615 2128 697 2173 66.
734 2124 846 2173 ltaec
884 2128 1094 2171 narrat:
1132 2124 1147 2150 ‘
1170 2122 1361 2183 Exegit
1402 2132 1455 2171 et
1498 2122 1611 2185 ipse

542 2199 769 2249 invicem
788 2199 853 2248 ab
871 2198 1048 2247 amicis
1070 2199 1482 2247 benevolentiam
1500 2215 1611 2248 mu·

543 2283 703 2332 tuam,
732 2261 838 2326 ta'm
866 2291 895 2323 a
920 2275 1203 2336 defunctis,
1234 2289 1384 2337 quam
1411 2291 1440 2323 a
1463 2276 1614 2323 vivis».

543 2354 698 2410 Nam,
723 2354 955 2417 quamvis
982 2352 1190 2400 minime
1214 2360 1492 2414 appeteret
1524 2354 1610 2401 he·

541 2431 815 2494 reditates‚
849 2439 907 2481 ut
934 2432 1019 2495 qui
1045 2445 1303 2494 nunquam
1347 2444 1410 2479 ex
1445 2431 1606 2494 ignoti

541 2514 857 2559 testamento
874 2523 1065 2570 capere
1087 2508 1364 2572 quidquam
1385 2511 1607 2557 sustinu-

541 2586 643 2634 erit
666 2602 680 2646 ;
716 2586 997 2634 amicorum
1019 2577 1188 2633 tamen
1210 2599 1449 2647 suprema
1467 2587 1610 2648 judi·

540 2661 622 2710 cia
661 2661 1002 2710 morosissime
1063 2661 1342 2722 pensitavit
1370 2678 1385 2722 ;
1443 2677 1612 2726 neque

541 2738 722 2787 dolore
748 2737 1092 2796 dissimulato,
1117 2737 1157 2783 si
1176 2737 1397 2798 parcius,
1423 2747 1511 2787 ant
1539 2741 1612 2787 ci-

540 2821 623 2863 tra
661 2815 902 2863 honorem
941 2813 1249 2873 verborum3
1284 2828 1450 2878 neque
1484 2830 1609 2877 gau·

537 2892 641 2947 dio,
668 2893 706 2942 si
739 2899 889 2955 grate
917 2891 1108 2955 pieque
1132 2891 1245 2954 quis
1270 2906 1326 2940 se
1366 2907 1610 2954 prosecu-

539 2978 622 3019 tus
639 2968 816 3019 esset.’
839 2969 971 3018 Vide
989 2968 1407 3019 dissertationem
1426 2971 1608 3020 Gund-

538 3047 819 3110 lingianam
869 3045 934 3094 de
988 3046 1238 3108 Principe
1286 3045 1501 3096 Herede
1545 3064 1609 3097 ex

535 3126 873 3175 Testamento
899 3124 1121 3174 Civium.
1143 3120 1292 3174 Idem.

600 3203 836 3252 Scriberis
879 3203 938 3251 ab
978 3204 1167 3266 amicis]
1228 3204 1335 3252 Pro
1370 3219 1514 3253 more
1554 3213 1608 3255 et

528 3279 663 3340 jure.
732 3279 909 3342 Atque
935 3280 1009 3327 ita
1035 3278 1298 3343 Augustus
1326 3279 1608 3345 professus,

529 3357 544 3380 ‘
567 3353 745 3416 viginti
774 3355 1020 3417 proximis
1042 3357 1212 3420 annis,
1239 3357 1605 3420 quaterdecies

532 3431 720 3479 millies
749 3431 858 3481 HS.
878 3448 940 3480 ex
968 3434 1289 3482 testamentis
1321 3435 1602 3483 amicorum

532 3506 868 3569 percepisse,'
887 3509 1102 3557 Sueton.
1129 3510 1265 3571 Lips.

595 3583 672 3632 Ab
697 3585 876 3644 ignotis
904 3586 1198 3649 prateriris]
1239 3586 1286 3634 1.
1327 3601 1377 3635 e.
1402 3601 1500 3635 uon
1530 3587 1605 3635 in·

531 3659 764 3707 stitueris
787 3658 955 3708 heres.
1022 3661 1113 3709 Uti
1138 3661 1349 3710 Romani
1371 3662 1605 3726 velutig-

532 3738 873 3787 nomiuiosum
911 3737 1385 3800 existimarunt‚ab
1424 3742 1607 3791 amicis

536 3816 796 3878 praeteriri
833 3817 883 3865 in
930 3818 1292 3878 testamentis3
1346 3818 1480 3883 quod
1517 3820 1607 3869 ha·

533 3893 761 3942 buerunt
799 3908 894 3956 pro
942 3893 1154 3950 indicio,
1191 3895 1488 3957 prseteritos
1514 3912 1606 3959 pa·

529 3984 641 4018 rum
677 3970 837 4018 amari
861 3986 875 4030 ;
929 3984 1030 4034 qna
1072 3969 1139 4021 de
1175 3985 1230 4020 re
1279 3972 1394 4022 vide
1439 3973 1606 4023 Abra·

529 4063 665 4098 mutu
712 4048 774 4098 ad
817 4049 930 4099 Cic.
979 4049 1209 4114 Philipp.
1250 4065 1312 4100 ιι.
1356 4066 1477 4115 cap.
1524 4057 1604 4104 16.

531 4133 586 4175 et
612 4143 762 4192 quam
788 4129 854 4177 ob
879 4142 1110 4177 caussam
1137 4130 1290 4179 etism
1317 4132 1605 4194 Augustus,

532 4203 597 4251 de
618 4219 719 4268 quo
760 4205 914 4254 modo
939 4205 1067 4264 dixi,
1091 4206 1141 4255 id
1169 4207 1369 4270 signum
1410 4215 1603 4257 mutua!

530 4281 909 4332 benevolentiae
949 4284 1014 4334 ab
1057 4284 1235 4335 amicis
1270 4285 1605 4349 requirebat:

523 4359 602 4408 ita
636 4365 806 4410 tamen
847 4373 913 4410 ex
942 4362 1268 4413 testamentis
1307 4361 1601 4427 ignotorum

1244 369 1462 417 NOTAE
1514 368 1922 418 VARtORUM
1978 370 2058 417 IN

1687 507 1814 562 uiliil
1838 513 2110 576 capiebat3
2149 510 2574 577 quemadmodum
2599 517 2651 561 et
2667 509 2758 560 Ti·

1691 594 1883 652 berius,
1908 593 1957 639 in
1985 591 2163 654 primis
2202 591 2402 654 imperii
2430 591 2595 650 annis,
2622 595 2754 638 teste

1688 670 1871 718 Tacito
1898 669 2085 717 Annal.
2107 683 2167 717 ιι.
2188 672 2271 718 48.
2293 675 2306 695 ·
2327 668 2551 730 ignotos,
2568 674 2623 716 et
2647 666 2758 716 aliis

1691 745 1938 801 infensos,
1964 760 2129 810 eoque
2151 744 2438 808 principem
2458 757 2759 806 ntrncupan·

1694 830 1791 883 tes,
1833 824 2013 886 procul
2053 821 2302 871 arcebat.'
2365 820 2620 870 Similiter
2651 821 2759 869 Ha·

1691 902 1917 956 drianus‚
1943 909 2185 949 narrante
2209 899 2511 960 spartiano,
2533 911 2653 960 cap.
2680 901 2759 952 18.

1690 979 2018 1042 ‘ignotorum
2068 976 2387 1025 hereditates
2445 973 2762 1038 repudiavit,

1693 1071 1791 1106 nec
1832 1065 2069 1105 notorum
2096 1054 2320 1116 accepit,
2351 1052 2394 1101 si
2432 1052 2565 1101 filios
2606 1052 2754 1101 habe·

1692 1134 1846 1183 rent.'
1910 1136 2078 1184 Immo
2104 1142 2158 1182 et
2179 1134 2284 1196 jam
2321 1133 2371 1180 in
2407 1130 2677 1194 republica
2701 1132 2759 1180 ti-

1696 1210 1821 1258 bera
1846 1210 1953 1259 Cic.
1982 1209 2213 1273 Philipp.
2251 1222 2315 1256 11.
2354 1210 2432 1257 16.
2473 1207 2760 1270 exprobrat

1694 1287 1941 1347 Antonio,
1954 1286 2086 1351 quod
2101 1287 2164 1334 ab
2179 1287 2356 1346 ignoto
2371 1285 2592 1340 homine,
2609 1300 2639 1333 a
2656 1298 2758 1349 quo

1692 1369 1836 1412 certe
1856 1377 2111 1425 nunquam
2130 1370 2283 1410 antea
2297 1362 2554 1409 salutatus
2567 1358 2761 1425 fuerat,

1694 1438 1862 1488 factus
1899 1439 2055 1487 fuerit
2090 1438 2275 1487 lieres:
2323 1438 2339 1464 ⁴
2362 1437 2441 1485 Te
2471 1435 2552 1497 is,'
2576 1437 2759 1501 inquit,

1693 1517 1708 1542 ‘
1730 1532 1880 1580 quem
1910 1525 1963 1564 tu
1991 1516 2161 1565 vidisti
2186 1529 2464 1578 nunquam,
2488 1515 2547 1563 L.
2572 1515 2758 1564 Rubri·

1694 1608 1747 1640 us
1792 1593 2046 1648 cassinas,
2087 1591 2217 1642 fecit
2250 1591 2513 1639 heredem.
2537 1621 2553 1638 .
2577 1622 2590 1637 .
2634 1625 2649 1641 .
2689 1592 2758 1640 Et

1693 1669 1897 1731 quidem
1931 1669 2068 1730 vide,
2109 1682 2259 1733 quam
2288 1676 2338 1716 te
2363 1668 2551 1716 amarit
2586 1668 2647 1723 is.
2669 1668 2758 1731 qui

1693 1744 1837 1793 albus
1864 1754 2045 1794 aterne
2084 1743 2257 1804 fueris,
2297 1744 2560 1806 ignorans,
2581 1741 2757 1793 fratris

1692 1821 1851 1870 filium
1879 1821 2131 1883 praeteriit
2150 1821 2180 1869 !’
2203 1821 2445 1871 Schmun.

1753 1899 1797 1947 A
1823 1898 2061 1961 pluribus]
2085 1899 2224 1962 Ergo
2245 1905 2300 1947 et
2325 1913 2352 1946 a
2374 1897 2608 1962 pluribus
2630 1899 2757 1947 scri-

1694 1976 1850 2025 beris.
1885 1977 2033 2025 Bern.

1758 2054 1933 2102 Plures
1951 2052 2101 2115 umas]
2126 2053 2180 2103 Si
2200 2053 2272 2102 vis
2297 2053 2473 2107 amari.
2498 2066 2629 2101 ama.
2649 2051 2666 2079 ‘
2683 2052 2757 2101 Ut

1691 2131 1898 2191 auxeris,
1922 2131 2156 2179 amabilis
2181 2129 2330 2180 esto!
2378 2129 2533 2179 ovid.
2562 2136 2576 2157 ‘
2594 2128 2756 2179 Amor

1690 2221 1861 2255 autore
1889 2206 2239 2270 provocatur!
2262 2209 2415 2257 Bern.

1758 2286 1900 2345 Tene,
1929 2285 2118 2348 Coesar]
2146 2286 2289 2335 Tenes
2323 2286 2489 2334 Coesar
2513 2284 2678 2334 Livin.
2701 2284 2755 2334 in

1690 2369 1868 2422 textu3
1905 2364 1995 2411 sed
2033 2363 2081 2410 in
2107 2377 2264 2424 marg.
2294 2363 2417 2412 Tene
2443 2363 2606 2412 Coesnr
2629 2363 2689 2413 C.

1758 2439 1898 2502 Tene,
1927 2438 2114 2502 Casur]
2139 2439 2185 2488 Ι.
2202 2455 2246 2489 e.
2268 2439 2591 2503 Prosequere
2609 2437 2756 2489 insti·

1690 2524 1854 2566 tutum
1895 2524 2056 2566 tuum.
2128 2517 2211 2565 Ita
2252 2516 2560 2579 exprimitur
2596 2516 2756 2580 impe·

1693 2593 1888 2641 rativus
1915 2592 2095 2641 modus
2117 2606 2218 2641 nou
2244 2593 2405 2641 solum
2428 2593 2477 2639 in
2496 2591 2756 2655 impressis

1692 2670 1836 2718 libris
1855 2669 2181 2731 Cuspiuiani,
2196 2668 2379 2729 Lipsii,
2395 2667 2632 2723 Gruteri,
2653 2668 2757 2716 Pu·

1691 2746 1853 2801 teani‚
1893 2745 2236 2808 Berneggeri,
2262 2743 2478 2799 Graevii,
2501 2743 2756 2799 Pataroli,

1690 2823 1866 2879 Ccvae,
1902 2831 1956 2870 et
1996 2822 2211 2870 aliorum
2244 2822 2629 2880 recentiorum3
2663 2819 2756 2868 sed

1690 2901 1848 2948 ctiam
1879 2900 1927 2946 in
1954 2898 2219 2947 codicibus
2237 2898 2365 2946 Mss.
2389 2897 2633 2948 Vaticau.
2652 2897 2756 2946 Pa·

1689 2976 1911 3038 risiensi,
1944 2976 2168 3034 Veneto,
2193 2982 2245 3024 et
2281 2989 2416 3023 meo.
2486 2973 2558 3022 At
2583 2975 2637 3023 in
2670 2987 2756 3023 ce·

1689 3053 1813 3100 teris
1840 3057 2012 3100 exstat
2039 3050 2219 3100 modus
2259 3049 2571 3100 indicativus
2605 3055 2756 3102 tenes.

1684 3129 1973 3189 Praeterea,
2014 3128 2301 3192 Gryphius,
2338 3126 2757 3192 H..Stephanus,

1685 3213 1740 3254 et
1766 3206 2068 3262 Sichardus,
2103 3219 2197 3268 pro
2235 3206 2443 3254 nomine
2471 3218 2681 3268 cursam,
2702 3204 2756 3253 in

1685 3284 1920 3346 margine
1947 3289 2261 3333 annotarunt
2283 3297 2440 3332 casum
2462 3297 2483 3338 ,·
2517 3296 2634 3346 quae
2666 3295 2757 3330 au-

1686 3368 1787 3410 tem
1824 3361 2051 3409 variatio
2076 3360 2222 3409 nihili
2258 3366 2361 3408 est.
2431 3359 2607 3408 Etiam
2644 3356 2755 3407 Cic.

1683 3438 1748 3486 de
1776 3437 1931 3487 Orat.
1958 3450 1998 3484 ι.
2017 3441 2063 3488 1.
2087 3436 2243 3491 dixit,
2262 3438 2277 3463 ⁴
2303 3436 2421 3484 vitae
2446 3448 2655 3485 cursum
2680 3440 2754 3484 te·

1686 3513 1848 3562 nere.’
1877 3514 2123 3563 Schwarz.

1754 3591 1824 3640 Ee
1844 3588 2145 3654 probabitur]
2168 3588 2317 3638 Hanc
2334 3588 2616 3639 lectionem
2632 3601 2757 3653 pro·

1684 3669 1935 3719 diderunt
1958 3668 2324 3731 cuspinianus,
2351 3666 2580 3730 Lipsius,
2616 3666 2755 3729 Gry·

1688 3748 1856 3810 phius,
1882 3747 2172 3802 Puteanus,
2192 3744 2474 3800 Gruterus,
2492 3743 2755 3809 Gravius,

1686 3825 2008 3887 Berneggm,
2031 3822 2271 3882 Patarol,
2292 3821 2453 3884 Ceva,
2475 3828 2532 3871 et
2555 3822 2643 3870 alii
2671 3836 2750 3872 re-

1685 3901 1980 3963 centiores3
2015 3900 2098 3950 cui
2124 3899 2336 3949 lectioni
2359 3899 2490 3947 bene
2513 3899 2758 3948 convenit

1684 3991 1802 4026 cum
1852 3974 2202 4027 antecedente
2263 3973 2576 4036 imperativo
2633 3980 2756 4025 eene.

1685 4054 1852 4104 Simili
1874 4052 2117 4103 hortandi
2140 4051 2379 4108 formula,
2401 4064 2516 4100 eum
2541 4064 2756 4115 sequen·

1684 4140 1735 4181 te
1773 4130 1932 4180 verbo
1956 4128 2202 4194 temporis
2225 4126 2410 4191 futuri,
2445 4128 2615 4177 utitur
2646 4126 2755 4176 Pli-

1682 4208 1796 4257 nius
1816 4207 1972 4264 infra,
1999 4219 2126 4257 xtv.
2147 4210 2199 4256 6.
2220 4206 2235 4235 ⁸
2257 4205 2426 4266 Perge
2447 4203 2621 4265 modo,
2637 4202 2752 4252 Cre·

1684 4299 1787 4340 sar,
1812 4291 1868 4334 et
1892 4283 1993 4332 vim
2026 4279 2373 4343 effectumque
2408 4293 2645 4329 ceusnroe
2671 4287 2752 4327 tu·

1688 4376 1771 4411 um
1786 4360 2127 4425 propositum,
2142 4357 2217 4409 tui
2230 4353 2754 4420 actus,obtinebunt.'
