3060 4902
784 391 847 437 c.
899 387 1137 436 estun
1187 386 1523 437 securim
1574 386 1848 436 pauso.
1893 370 1975 435 '1.
2019 371 2126 437 69.

251 563 260 570 -
337 533 537 586 crimen
560 538 701 582 esset
723 532 859 582 inter
881 531 1012 582 duas
1032 532 1140 580 illas
1162 531 1411 596 loquendi

335 611 605 666 formulas,
621 611 637 639 ‘
654 618 891 659 senatum
907 609 1277 666 circumirent,'
1294 611 1312 641 ‘
1330 625 1411 659 se·

338 686 484 735 natui
511 684 921 748 supplicarent3’
955 699 1047 734 cur
1077 694 1250 733 tamen
1288 699 1409 747 non,

337 762 405 814 ad
428 762 786 812 denotandum
805 763 986 824 ingens
1005 760 1231 809 studium
1252 761 1408 809 bono-

339 852 457 887 rum
495 838 726 886 modeste
751 837 1134 900 diligenterque
1160 837 1406 898 petendo·

339 928 477 970 rum,
499 913 638 977 quod
666 921 771 963 tum
801 914 1054 975 Trajanus
1084 914 1410 962 commenda-

338 990 434 1040 bat
468 991 779 1045 candidatis,
821 991 968 1053 plura
1003 989 1249 1050 συνώνυμα
1287 1004 1409 1038 con-

331 1065 487 1130 jungi
526 1067 882 1130 cumulatique
903 1068 1222 1129 potuerunt?
1256 1073 1409 1129 prout

339 1148 396 1191 et
421 1141 536 1191 Ltv.
562 1156 601 1191 t.
621 1148 704 1192 47.
722 1143 1036 1206 Tarquinius
1061 1141 1251 1191 dicitur
1273 1144 1288 1170 ‘
1307 1143 1408 1191 cir·

342 1219 542 1269 cumire
561 1227 615 1267 et
641 1232 883 1281 prensare
906 1219 1158 1266 minorum
1185 1218 1408 1266 maxime

338 1294 570 1357 gentium
599 1293 811 1357 patres.'
879 1295 947 1343 Et
970 1303 1097 1358 quot
1123 1295 1280 1343 verba
1305 1309 1406 1343 uon

338 1371 392 1420 in
434 1371 586 1419 simili
620 1386 804 1419 caussa
847 1372 1076 1420 cumulat
1117 1371 1228 1433 ipse
1269 1372 1407 1420 Plin.

342 1445 519 1508 Epist.
546 1460 605 1494 n.
628 1451 677 1495 9.
711 1455 723 1476 ·
745 1447 935 1510 Itaque
968 1462 1157 1510 prenso
1195 1449 1406 1511 amicos,

340 1524 601 1586 supplico,
621 1522 789 1572 ambio
819 1523 1015 1580 domos,
1047 1525 1405 1589 stationesque

339 1599 638 1661 circumeo;
673 1607 1027 1664 quantumque
1068 1602 1148 1649 vel
1180 1602 1405 1650 auctori-

340 1681 470 1729 tate.
491 1677 573 1725 vel
593 1677 782 1739 gratia,
804 1677 1028 1737 valeam,
1052 1678 1293 1739 precibus
1317 1692 1405 1726 ex-

340 1750 550 1815 perior.⁹
615 1752 786 1815 Hujus
814 1767 942 1816 ergo
964 1752 1064 1802 loci
1091 1753 1405 1802 emendatio·

337 1841 457 1877 nem
499 1828 659 1877 etiam
710 1828 916 1891 dignam
960 1829 1253 1878 babuerunt
1310 1831 1404 1879 viri

337 1902 499 1958 docti,
543 1902 856 1953 Arntzenius
903 1911 959 1952 et
995 1906 1275 1967 Gesnerus,
1319 1906 1404 1954 cui

328 1983 440 2045 jam
475 1983 714 2034 lubentes
749 1982 1151 2033 subscriberent.
1184 1984 1403 2033 Schwar-

335 2073 461 2109 aas.

401 2134 658 2198 Spei-arent
683 2136 904 2199 honores]
942 2136 1006 2186 In
1029 2136 1210 2186 codice
1241 2137 1401 2187 Guel-

337 2209 520 2273 pberb.
565 2226 658 2273 pro
700 2218 968 2274 sperarent,
1022 2214 1275 2276 scriptum
1320 2223 1401 2265 est

332 2294 637 2350 spectarat,-
663 2303 777 2351 quae
802 2304 926 2337 vero
952 2290 1172 2338 variatio
1199 2291 1399 2339 levitati

332 2364 532 2413 librarii
569 2364 826 2423 debetur;
861 2380 1148 2429 quanquam
1186 2374 1241 2415 et
1280 2366 1399 2416 alibi

333 2442 434 2490 ista
477 2442 638 2491 verba
683 2457 783 2491 non
832 2458 949 2491 raro
995 2440 1396 2494 confundantur.

335 2518 488 2568 Idem.

401 2596 671 2660 Petinae]
693 2597 765 2647 Ut
788 2597 830 2645 is
856 2598 1259 2646 commendaret.
1282 2598 1397 2662 Lip-

339 2686 459 2720 saus.

403 2748 508 2804 Quo
530 2747 716 2811 quidem
751 2748 800 2796 in
836 2744 957 2810 Ioco]
994 2747 1125 2796 Ha‘c
1165 2748 1243 2796 vel
1282 2763 1398 2810 pro·

335 2822 447 2885 prie
487 2824 742 2887 explicari
780 2832 1011 2887 possunt,
1050 2826 1165 2875 Quo
1189 2824 1396 2887 quidem

334 2900 386 2950 in
411 2900 527 2949 loco
546 2902 900 2960 comitiorum3
929 2901 1007 2947 vel
1037 2900 1207 2961 potius
1234 2908 1398 2949 trans-

329 2977 461 3038 late,
495 2978 612 3029 Qua
636 2977 841 3042 quidem
873 2984 1172 3039 opportuna
1201 2978 1397 3026 occasi·

333 3066 458 3112 one,
491 3061 545 3102 et
591 3068 693 3117 qun
740 3063 998 3115 tempore,
1045 3053 1078 3100 i.
1116 3068 1163 3100 e.
1196 3052 1249 3101 in
1295 3067 1397 3116 qua

333 3128 591 3191 petitione
618 3130 972 3190 magistratus.
1036 3129 1124 3177 Sic
1147 3130 1282 3178 enim
1308 3144 1396 3178 no·

332 3219 448 3253 men
481 3203 693 3260 ‘locus‚’
730 3220 821 3268 pro
862 3206 1133 3254 occasione
1170 3213 1224 3254 et
1265 3215 1394 3255 tem·

334 3295 460 3343 pore
506 3281 655 3335 sumi,
700 3295 781 3328 res
829 3282 1080 3330 tralatitia
1119 3289 1215 3330 est.
1282 3283 1391 3331 Cic.

332 3356 477 3407 Fam.
501 3370 563 3405 ιι.
587 3361 666 3405 17.
700 3361 715 3385 ‘
738 3357 904 3406 Locus
936 3374 1048 3407 esse
1075 3359 1279 3407 videtur
1317 3367 1395 3408 te-

332 3446 451 3483 cum
474 3433 877 3496 expostulandi.’
941 3435 1154 3484 Terent.
1172 3435 1396 3499 Adelph.

334 3514 462 3559 ua.
479 3513 526 3558 8.
549 3517 563 3539 ‘
588 3510 872 3560 Pecuniam
899 3511 949 3559 in
976 3513 1087 3561 ioco
1108 3514 1393 3576 negligere,

329 3586 608 3635 maximum
665 3586 927 3636 interdum
1000 3597 1084 3639 est
1154 3589 1394 3640 lucrum.'

331 3661 527 3711 licant.
548 3675 626 3711 lv.
647 3666 695 3710 6.
721 3666 803 3712 22.
827 3665 842 3689 ‘
859 3664 1218 3714 obsecundare
1241 3667 1294 3715 iu
1318 3667 1392 3717 lo-

295 3732 304 3739 ”
328 3736 424 3786 co.'
457 3736 709 3786 Selium-z.

397 3815 610 3877 Quisque
630 3815 1016 3879 candidatorum]
1051 3817 1262 3880 Triplex
1303 3816 1393 3866 hu·

318 3890 410 3954 jus
433 3891 748 3954 pronominis
790 3892 945 3941 lectio
985 3894 1211 3941 occurrit
1246 3893 1297 3941 in
1333 3893 1390 3942 li·

327 3966 455 4016 bris.
521 3964 742 4015 Codices
767 3967 894 4014 Mss.
923 3967 1164 4016 Vaticani
1201 3967 1392 4018 liabent

324 4042 556 4106 quisquis.
661 4043 992 4107 Parisieusis,
1049 4045 1282 4093 Venetus
1338 4051 1388 4096 2.

327 4116 843 4181 Guelplierbytanus,
891 4119 1014 4169 item
1059 4121 1109 4169 in
1166 4123 1389 4184 excusis,

325 4193 622 4254 Plautinus,
637 4194 962 4255 Bernegger,
984 4195 1027 4243 H
1036 4195 1233 4259 eckius,
1255 4198 1391 4246 Beli-

325 4269 450 4329 rius‚
474 4269 634 4334 Cera,
656 4269 882 4334 produnt
913 4271 1176 4335 quisquam.
1247 4275 1389 4329 Quis·

2344 465 2349 470 Ι
2417 371 2552 437 905

1485 546 1575 595 que
1599 546 1722 581 vero
1744 537 1890 581 extat
1928 531 1980 580 in
2010 530 2126 581 cod.
2150 530 2553 597 salisburgensi,

1486 609 1694 658 Veneto
1734 614 1780 658 l.
1816 617 1870 658 et
1908 610 2186 670 patavino,
2227 610 2459 673 itemque
2493 611 2548 660 in

1486 684 1677 733 ceteris
1724 685 1865 732 libris
1911 686 2112 734 excusis
2161 685 2412 736 omnibus.
2480 686 2545 737 In

1485 776 1602 810 tneo
1627 762 1810 811 codice
1832 763 1915 811 liic
1938 764 2081 811 locus
2108 777 2315 812 malicus
2339 770 2437 828 est,
2456 764 2547 813 de-

1484 836 1782 886 ficientibus
1807 840 2004 902 aliquot
2030 840 2256 890 vocibus.
2325 840 2546 892 Interim

1485 913 1588 963 ista
1612 916 1830 964 variatio
1851 915 2004 964 facile
2030 916 2255 964 existere
2280 919 2453 980 potuit
2478 933 2546 967 ex

1483 992 1792 1054 compendio
1839 992 2109 1054 scripturae
2160 993 2329 1056 Quisq.
2411 994 2545 1042 Inde

1484 1066 1619 1114 enim
1675 1066 1806 1115 alius
1863 1068 2099 1116 librarius
2146 1070 2356 1132 quisque,
2413 1070 2543 1119 alius

1447 1150 1454 1156 '
1482 1140 1713 1206 quisquis,
1737 1144 1865 1192 alius
1885 1145 2151 1206 quisquam,
2173 1142 2391 1192 effinxit.
2460 1144 2544 1193 Cf.

1484 1225 1654 1267 notam
1673 1229 1900 1268 nostram
1927 1220 1991 1268 ad
2016 1234 2210 1269 vant.
2233 1227 2281 1269 5.
2314 1221 2543 1283 Singulas

1483 1308 1608 1343 vero
1646 1296 1725 1343 hae
1764 1310 1934 1358 voces,
1970 1297 2113 1359 quasi
2153 1311 2246 1359 per
2280 1297 2544 1359 accidens,

1481 1370 1565 1419 liic
1623 1373 1787 1421 locum
1835 1373 2027 1422 habere
2073 1389 2220 1437 posse
2267 1376 2543 1438 videntur3

1482 1460 1774 1511 quanquam
1798 1449 2083 1510 simplicius
2105 1458 2158 1499 et
2185 1451 2384 1512 planius
2403 1460 2546 1502 esset

1482 1537 1767 1585 pronomen
1791 1526 2068 1588 quisquam;
2103 1527 2198 1574 nisi
2224 1525 2354 1576 forte
2382 1527 2543 1576 Plini-

1481 1613 1541 1647 us
1582 1599 1781 1647 evitare
1809 1602 2030 1649 voluerit
2070 1615 2379 1651 concursum
2420 1603 2544 1651 vici-

1482 1690 1601 1724 num
1620 1678 1829 1741 syllabae
1854 1665 2019 1741 quain:
2053 1679 2297 1740 quisquam
2319 1680 2544 1728 candido-

1479 1757 1655 1812 torum,
1701 1769 1840 1816 quam
1874 1755 2159 1817 principum.
2250 1754 2540 1805 Pronomen

1478 1830 1672 1892 quisque
1698 1831 2007 1879 Arntzenius
2032 1831 2349 1894 potissimum
2376 1832 2543 1885 vindi·

1479 1907 1618 1955 cavit
1644 1907 1845 1967 Plini03
1883 1921 2047 1970 neque
2072 1922 2170 1969 ego
2206 1919 2440 1957 caussam
2467 1909 2540 1957 vi·

1478 1979 1597 2040 deo,
1620 1996 1712 2030 cur
1738 1983 1832 2031 boc
1858 1983 1969 2031 loco
2008 1983 2225 2031 eandem
2261 1984 2539 2034 lectionem

1477 2057 1667 2119 saepius
1702 2057 1813 2120 jam
1857 2058 2147 2121 evulgatam
2196 2058 2450 2120 rejiciam.
2487 2059 2540 2107 1-

1474 2133 1597 2181 dem.
2145 2182 2148 2186 .

1547 2208 1758 2271 Quisque
1790 2209 2174 2271 candidatorum]
2209 2210 2384 2265 Forte,
2406 2210 2538 2272 quia·

1476 2298 1617 2344 quam
1638 2287 2015 2335 candidatorum.
2051 2286 2221 2334 Liviu.
2504 2299 2511 2305 ·

1549 2361 1652 2409 Uno
1674 2360 1778 2421 die]
1812 2361 2021 2410 Scilicet
2051 2361 2273 2410 ambitus
2298 2367 2355 2411 et
2376 2361 2538 2412 comi-

1476 2437 1685 2487 tiorum.
1724 2437 1874 2487 Idem.

1548 2516 1652 2564 Uno
1672 2514 1774 2577 die]
1809 2516 1925 2566 Quo
1950 2514 2112 2565 ambit
2138 2515 2348 2581 quisque
2366 2524 2421 2567 et
2445 2517 2537 2567 hu·

1475 2594 1670 2642 militer
1694 2592 1842 2655 petit.
1879 2593 2013 2655 Lips.

1540 2667 1747 2717 Senatus
1768 2670 2071 2733 candidatus]
2093 2670 2154 2717 Iu
2178 2669 2359 2720 codice
2384 2670 2536 2721 Vati-

1474 2759 1606 2794 cano
1638 2751 1784 2796 3161.
1820 2756 1872 2794 et
1914 2746 2403 2809 Guelpherbytano,
2438 2762 2536 2811 pro

1473 2837 1597 2872 casu
1622 2823 2086 2885 secundo,senatus‚
2105 2823 2284 2872 vitiose
2310 2824 2535 2889 scriptus

1472 2907 1552 2948 est
1578 2914 1728 2947 casus
1755 2900 1954 2954 tertius,
1977 2899 2180 2948 senatui.
2216 2901 2533 2963 Opportune

1471 2976 1701 3024 ostendit
1755 2976 2081 3023 occasionem
2151 2976 2303 3037 hujus
2357 2978 2533 3027 mendi

1473 3051 1800 3105 Arutaenius,
1836 3051 1957 3098 dum
2002 3057 2196 3112 monet,
2229 3064 2530 3103 concursum

1469 3129 1702 3190 ejusdem
1746 3127 2144 3186 terminationis,
2179 3133 2389 3189 uenatus,
2420 3144 2533 3178 cun·

1466 3206 1676 3264 didatus,
1692 3201 1972 3252 offendisse
1989 3203 2271 3265 librariutn3
2299 3218 2452 3266 quem
2473 3213 2534 3255 ut

1468 3283 1711 3342 evitaret,
1733 3280 2002 3341 scripsisse
2022 3280 2224 3328 senatui.
2291 3280 2420 3331 Cum
2448 3296 2532 3330 ve.

1470 3372 1526 3406 ro
1565 3357 1703 3404 Plin.
1743 3356 1909 3417 Epist.
1952 3369 2030 3403 vt.
2073 3360 2150 3405 19.
2198 3370 2373 3405 omnes
2421 3358 2531 3407 vui·

1469 3434 1578 3497 gati
1622 3431 1738 3481 libri
1779 3431 2097 3494 habuissent,
2136 3432 2152 3459 ‘
2179 3433 2373 3483 Caussa
2408 3436 2532 3485 sub-

1469 3512 1555 3559 itoe
1601 3509 1833 3558 caritatis
1839 3541 1995 3565 .....
2017 3509 2264 3572 proximis
2309 3514 2531 3563 comitiis

1466 3586 1858 3635 honestissimas
1884 3598 2034 3635 voces
2075 3587 2279 3636 senatui
2318 3602 2531 3653 expres«

1469 3662 1537 3712 sit
1555 3660 1586 3722 ς’
1620 3663 1827 3723 nollem,
1853 3660 2086 3711 Cortiutn
2118 3664 2189 3712 ibi
2226 3679 2397 3715 casum
2424 3675 2528 3716 ter-

1468 3739 1617 3798 tium,
1649 3737 1665 3765 ‘
1699 3738 1919 3792 senatui,
1942 3736 1954 3757 '
1989 3745 2214 3789 mutasse
2254 3740 2305 3789 iu
2350 3756 2530 3791 secun·

1467 3813 1609 3870 dum,
1637 3814 1652 3842 ⁸
1672 3813 1919 3862 senatus!
1952 3815 2053 3863 Sed
2080 3824 2134 3864 et
2159 3817 2209 3864 in
2232 3817 2330 3865 boc
2351 3825 2529 3867 nostro

1467 3890 1581 3938 loco
1612 3890 1753 3937 nihili
1775 3887 1909 3937 facio
1928 3889 2383 3953 transpositionem
2408 3891 2529 3940 sub·

1466 3965 1795 4030 sequentium
1821 3963 2113 4019 vet-borum,
2153 3978 2263 4027 quae
2303 3964 2355 4013 in
2386 3966 2528 4015 codi-

1465 4044 1612 4092 cibus
1649 4040 1819 4089 Vatic.
1858 4038 2181 4101 Guelplierb.
2218 4048 2270 4088 et
2308 4041 2359 4089 in
2397 4042 2529 4093 libro

1466 4119 1737 4170 Vossiann,
1762 4115 1836 4163 sic
1861 4114 2113 4163 collocata
2135 4125 2275 4177 sunt,
2293 4115 2373 4166 An
2395 4118 2536 4168 aliud*

1464 4210 1495 4242 a
1530 4199 1577 4241 te
1609 4195 1802 4239 senatus
1840 4189 2105 4237 reuerentia
2140 4190 2365 4250 obtinuit,
2385 4208 2531 4257 qutun

1463 4276 1516 4320 ut
1538 4265 1813 4330 juvenibus,
1835 4266 1917 4326 ᾲο.
1949 4260 2205 4313 Schwara.
