3060 4902
557 354 690 422 958

561 518 732 561 errata
748 509 1089 560 librariorum.
1123 509 1275 559 Idem.

481 643 490 646 η
621 586 954 636 Sedeutariuus
972 586 1259 635 assentiendi
1273 583 1624 647 necessitatem]

555 660 662 711 Sub
687 661 830 710 malis
857 662 1181 725 principibus
1216 674 1430 712 neeesse
1464 660 1624 710 babe-

558 736 684 786 bant
724 747 1015 802 senatores,
1036 740 1269 805 quamvis
1301 739 1472 801 iuviti,
1504 753 1622 787 cum

553 824 849 877 censerent,
886 817 1126 865 assentiri
1170 815 1253 865 uni
1300 816 1392 875 illi,
1426 816 1512 879 qui
1557 830 1624 865 ex

553 890 849 954 composito
891 891 941 938 id
983 892 1149 955 unice,
1182 891 1316 957 quod
1344 892 1625 942 voluissent

557 965 591 1012 ii
638 965 913 1029 principes,
949 975 1240 1017 censuerat.
1308 968 1476 1017 Vocat
1515 969 1623 1018 Pli-

555 1041 671 1089 nius
695 1047 873 1091 matam
906 1047 956 1091 et
988 1045 1305 1093 sedentariam
1336 1045 1625 1093 assentiendi

555 1118 895 1173 necessitatem,
913 1133 940 1167 a
964 1119 1117 1169 modo
1133 1121 1477 1170 assentiendi:
1503 1122 1624 1184 quia

556 1193 696 1256 apud
723 1194 982 1243 Romanos
1006 1195 1057 1243 in
1092 1205 1277 1245 senatu
1316 1197 1621 1260 interrogati

556 1270 863 1319 sententiam
889 1271 1040 1320 variis
1062 1273 1228 1321 modis
1253 1287 1514 1322 assensum
1540 1288 1623 1322 su-

554 1360 639 1394 um
677 1345 967 1408 prebuere.
1034 1348 1414 1410 Complectitur
1445 1350 1621 1412 plures

555 1435 725 1470 mores
750 1422 1006 1486 Vopiscus
1042 1424 1094 1472 iu
1135 1424 1442 1489 Aureliano,
1472 1440 1520 1474 c.
1542 1429 1623 1477 2⁰.

554 1504 570 1526 ⁸
598 1499 913 1563 Interrogati
953 1502 1185 1565 plerique
1219 1511 1487 1553 senatores
1509 1517 1623 1552 sen·

557 1580 743 1626 tentius
764 1578 1009 1628 dixerunt
1030 1595 1044 1641 3
1086 1580 1422 1640 deinde,aliis
1442 1595 1623 1630 manus

553 1653 964 1716 porrigentibus,
1001 1656 1115 1705 aliis
1158 1656 1380 1718 pedibus
1413 1658 1466 1706 in
1507 1672 1621 1706 sen·

553 1731 773 1779 tentiam
818 1731 1080 1793 euntibus,
1136 1734 1399 1797 plerisque
1464 1734 1622 1783 verbo

551 1808 1015 1870 consentientibus,
1050 1810 1316 1859 conditum
1353 1817 1432 1860 est
1474 1826 1622 1861 sena·

553 1889 965 1938 tusconsultum.’
1029 1892 1285 1942 Nimirum
1332 1902 1623 1954 senatores,

551 1961 641 2023 qui
664 1963 970 2025 interrogati
996 1968 1308 2017 sententiam
1333 1969 1509 2019 dicere
1535 1986 1621 2020 vo-

548 2036 743 2092 lebant.
771 2042 1124 2103 exsurgebant
1143 2058 1172 2092 e
1196 2046 1298 2093 suis
1323 2045 1621 2101 sedibus‚et

550 2120 750 2163 stantes
772 2116 1050 2179 dicebant3
1085 2126 1159 2181 at,
1182 2136 1297 2170 cum
1330 2121 1536 2171 dicendi
1561 2122 1620 2172 ti-

549 2203 666 2239 nem
692 2188 961 2256 fecissent,
983 2195 1305 2246 adsidebant.
1355 2198 1490 2247 Inde
1508 2199 1619 2248 Sal-

548 2266 669 2315 lust.
706 2268 862 2317 Catil.
905 2282 979 2319 m.
1016 2275 1062 2320 1.
1121 2273 1137 2299 ‘
1161 2273 1442 2338 Postquam
1485 2273 1619 2323 Cato

550 2341 796 2393 adsedit.’
837 2346 974 2396 Quia
998 2362 1123 2397 vero
1147 2364 1246 2398 non
1270 2364 1445 2399 omnes
1469 2365 1618 2400 sena-

550 2423 689 2467 tores
714 2419 869 2484 longa
890 2424 1123 2473 oratione
1148 2425 1389 2484 diceb-ant
1412 2434 1618 2475 senten·

549 2495 671 2543 tiam
695 2511 711 2552 ;
748 2498 952 2558 plurimi
973 2499 1091 2548 huic
1110 2502 1323 2549 alterive.
1345 2504 1617 2552 sententiae

538 2570 651 2631 jam
691 2572 846 2619 dictae
880 2578 896 2600 ⁶
923 2575 1412 2637 assentiebantur3’
1459 2578 1616 2643 idque

547 2645 809 2708 sedentes,
845 2647 927 2695 vel
962 2663 1065 2698 uno
1105 2650 1283 2712 verbo,
1307 2653 1323 2679 ⁸
1350 2653 1583 2704 adsentio
1602 2655 1618 2678 ⁸

547 2719 796 2782 paucisve
854 2723 969 2771 aliis
1028 2728 1395 2787 pronunciatis.
1463 2729 1615 2781 Idem

543 2796 755 2846 Sallust.
783 2797 937 2848 Catil.
961 2813 1058 2849 ιιι.
1083 2804 1128 2849 1.
1163 2804 1178 2831 ‘
1199 2803 1480 2869 Postquam
1501 2808 1615 2856 Cae-

544 2885 630 2920 sar
653 2871 860 2923 dicendi
885 2873 1036 2925 finem
1063 2875 1213 2939 fecit,
1237 2881 1400 2929 ceteri
1436 2884 1614 2941 verbo,

543 2947 672 2997 alius
710 2949 818 3012 alii,
840 2952 981 3000 varie
1020 2954 1478 3006 assentiebantur.'
1535 2960 1614 3008 Si·

543 3025 839 3091 utiliterque
885 3028 901 3056 ‘
933 3029 1221 3093 sedentes,'
1264 3038 1356 3082 aut
1398 3034 1414 3062 ‘
1451 3041 1618 3092 nutu:

544 3109 638 3152 aut
671 3110 687 3133 ‘
712 3110 952 3167 porrecta
990 3114 1045 3154 et
1082 3109 1287 3157 elevata
1316 3110 1510 3169 manu,’
1536 3125 1612 3158 as-

542 3191 750 3228 sensum
766 3195 909 3229 suum
929 3181 1307 3244 significabant.
1343 3185 1452 3233 Cic.
1467 3186 1613 3234 Fam.

544 3268 598 3303 v.
619 3258 669 3303 2.
725 3255 741 3282 ‘
767 3257 924 3305 Nulla
947 3265 1029 3308 est
1066 3274 1096 3307 a
1135 3274 1217 3309 me
1255 3274 1474 3325 unquam
1498 3275 1612 3311 sen·

545 3328 714 3379 tentia
737 3330 879 3380 dicta
919 3332 970 3380 in
1014 3332 1227 3383 fratrem
1271 3343 1448 3397 tuum;
1486 3352 1612 3400 quo-

542 3403 848 3467 tiescunque
878 3407 1071 3472 aliquid
1109 3416 1188 3459 est
1213 3419 1406 3475 actum,
1426 3412 1612 3463 sedens

540 3477 602 3525 iis
620 3482 833 3536 assensi.
870 3484 957 3544 qni
985 3484 1104 3532 mihi
1134 3485 1392 3536 lenissime
1415 3490 1612 3539 sentire

543 3551 634 3601 visi
674 3555 830 3605 sunt!
887 3558 1058 3612 Tacit.
1097 3560 1236 3609 Hist.
1273 3575 1348 3610 ιν.
1383 3567 1434 3615 4.
1489 3566 1505 3593 ⁸
1536 3566 1611 3616 Ea

541 3629 713 3676 omnia
736 3630 967 3680 Valerius
1000 3633 1279 3699 Asiaticus,
1312 3640 1490 3689 consul
1518 3639 1609 3691 de-

538 3702 796 3767 signatus,
818 3708 1041 3758 censuit.
1112 3711 1288 3760 Ceteri
1324 3716 1470 3765 vultu
1501 3732 1607 3767 ma·

539 3792 742 3843 nuque3
782 3780 953 3843 pauci,
974 3782 1160 3844 quibus
1185 3788 1470 3849 conspicua
1495 3791 1609 3856 dig-

537 3854 688 3919 nitas,
713 3862 804 3905 aut
838 3855 1097 3919 ingenium
1128 3860 1430 3913 adulatione
1456 3880 1608 3916 exer-

536 3932 716 3990 eitum,
744 3936 1045 3998 compositis
1077 3938 1395 3990 orationibus
1434 3957 1608 3993 assen-

536 4008 843 4059 tiebantur!
908 4010 1013 4061 Sed
1059 4018 1115 4062 et
1161 4014 1267 4076 alii,
1314 4016 1423 4065 sine
1461 4017 1606 4068 dicta

535 4087 816 4143 sententia,
841 4087 1061 4150 pedibus
1087 4104 1142 4139 se
1165 4089 1512 4142 conferebant
1536 4093 1601 4144 ad

535 4169 711 4208 eorum
737 4171 932 4224 partes,
948 4165 1133 4229 quibus
1154 4168 1600 4222 assentiebantur:

535 4233 675 4283 uude
699 4235 827 4287 dicti
849 4247 990 4305 suut,
1013 4248 1028 4271 ⁸
1052 4241 1170 4308 ire,’
1204 4243 1316 4296 sive
1339 4245 1356 4272 ‘
1378 4246 1601 4310 pedibus

1251 368 1470 417 No'rAE
1522 368 1615 416 ΨΑ
1631 365 1931 416 RloRtJM
1981 366 2063 416 m

1699 507 1811 572 ire,'
1830 508 1940 557 sive
1960 517 1975 539 ⁸
1999 505 2272 558 discedere
2311 510 2364 559 in
2394 509 2614 573 aiicujus
2649 526 2775 561 sen·

1698 582 1952 644 tentiam‚'
1975 585 1992 610 ‘
2015 585 2267 635 accedere
2291 586 2489 643 alieni.'
2508 590 2608 637 dte.
2651 590 2773 637 Sal-

1696 661 1819 710 lust.
1843 661 2001 711 Catil.
2022 674 2070 711 ι.
2092 664 2144 711 4.
2175 662 2191 691 ‘
2215 662 2346 711 Tum
2367 662 2435 712 D.
2451 663 2642 713 Junius
2666 666 2770 713 Sil·

1697 738 1865 801 ianus,
1912 738 2103 800 primus
2156 738 2474 787 sententiam
2535 747 2771 802 rogatus,

1695 814 1837 877 qnod
1874 828 1937 863 eo
1976 822 2208 876 tempore
2243 816 2424 864 consul
2461 812 2766 878 designatus

1697 896 1832 952 erat,
1861 923 1876 939 .
1896 924 1909 940 .
1929 924 1942 938 .
1972 891 2283 953 supplicium
2329 892 2635 940 sumendum
2678 892 2768 941 de·

1697 974 1938 1015 creverat
1957 981 1971 1015 :
1996 967 2144 1030 isque
2163 974 2347 1029 postea
2368 974 2634 1029 permotus
2652 980 2767 1016 ora-

1697 1043 1838 1091 tione
1862 1043 1924 1091 C.
1952 1043 2189 1105 Caesaris,
2204 1043 2432 1105 pedibus
2464 1043 2517 1093 iu
2556 1050 2767 1093 senten-

1698 1119 1823 1167 tiam
1866 1118 1983 1168 Tib.
2019 1119 2240 1170 Neronis
2279 1121 2472 1169 iturum
2517 1135 2578 1169 se
2621 1120 2767 1170 dixe-

1698 1193 1812 1243 rat!
1879 1194 1961 1243 Au
1986 1208 2139 1259 quem
2164 1195 2335 1245 locum
2359 1194 2480 1244 vide
2511 1195 2768 1245 Curtium.

1699 1269 1812 1317 Lis.
1837 1282 2020 1318 xxvrr.
2045 1274 2126 1318 34.
2147 1273 2163 1299 ⁸
2181 1271 2441 1321 Censores
2464 1271 2764 1320 lli-Livium

1696 1343 1881 1406 (antea
1918 1345 2259 1408 ignominiose
2291 1345 2624 1410 damarum)
2649 1356 2769 1397 tun·

1696 1417 1828 1483 deri,
1871 1425 1929 1471 et
1964 1422 2259 1484 squalorem
2292 1421 2584 1485 deponere,
2617 1430 2674 1472 et
2712 1425 2764 1473 in

1695 1505 1936 1545 senatum
1969 1497 2166 1559 venire,
2186 1532 2201 1548 .
2218 1531 2233 1547 .
2258 1529 2275 1545 .
2294 1497 2600 1561 co'e'gerunt.
2655 1500 2762 1548 Sed

1696 1577 1806 1620 tum
1830 1586 2053 1638 quoque,
2077 1581 2167 1622 aut
2182 1573 2340 1623 verbo
2360 1575 2765 1639 assentiebatur,

1697 1656 1786 1698 aut
1812 1649 2030 1712 pedibus
2044 1650 2096 1699 in
2114 1652 2428 1701 sententiam
2446 1652 2578 1717 ibat,
2598 1651 2764 1704 donec

1697 1725 1903 1785 cognati
1937 1727 2154 1775 hominis
2183 1741 2299 1777 eum
2322 1742 2508 1777 caussa
2532 1737 2761 1780 stantem

1697 1801 1872 1864 coegit
1898 1803 1949 1850 in
1984 1813 2166 1853 senatu
2201 1805 2516 1853 sententiam
2549 1805 2763 1856 dicere.'

1699 1878 1745 1926 E
1767 1878 1951 1941 quibus
1985 1879 2111 1927 satis
2141 1879 2417 1941 intelliges,
2446 1894 2538 1929 cur
2559 1880 2759 1931 Plinius

1695 1959 1894 2017 matam,
1912 1968 2004 2003 cur
2025 1956 2356 2018 sedentariam,
2386 1955 2582 2006 dixerit
2602 1972 2759 2007 assen-

1694 2031 1849 2080 tiendi
1870 2032 2211 2082 necessitatem.
2278 2033 2424 2083 Alias
2447 2033 2606 2083 ctiam
2645 2035 2661 2061 ‘
2682 2047 2758 2084 se·

1696 2107 1950 2156 dentarii'
1995 2109 2209 2172 opifices
2249 2109 2510 2173 dicuntur,
2555 2111 2644 2174 qui
2679 2124 2756 2159 se-

1696 2183 1868 2233 dendo
1890 2198 2097 2246 operam
2122 2199 2262 2234 suam
2279 2194 2555 2249 peragunt.
2602 2186 2756 2252 Inep·

1695 2262 1738 2310 ti
1777 2262 1971 2311 librarii
2015 2263 2144 2311 hanc
2181 2275 2360 2311 vocem
2397 2264 2543 2313 varie
2584 2278 2754 2314 corru-

1697 2351 1822 2400 pere
1848 2338 1985 2400 apud
2010 2338 2269 2386 Plinium:
2303 2338 2352 2385 in
2377 2338 2563 2388 codiee
2584 2340 2753 2391 Vene-

1695 2420 1751 2461 to
1772 2413 2091 2473 edenturium3
2128 2414 2180 2463 ln
2217 2413 2595 2479 salisburgensi
2617 2418 2755 2467 silea·

1694 2492 1907 2547 tim-ium,
1926 2492 1977 2540 in
1998 2506 2111 2540 meo
2126 2492 2468 2555 sedatius-stas,
2489 2490 2755 2544 effinxere.

1690 2568 1778 2617 Sic
1812 2576 1865 2617 et
1902 2569 1950 2616 in
1984 2568 2415 2619 antecedentibus
2446 2569 2642 2628 verbis,
2668 2574 2755 2619 uss·-

1690 2658 1817 2693 seros
1861 2645 1986 2706 illos,
2020 2659 2303 2708 pronomen
2339 2647 2445 2695 illos
2486 2647 2540 2696 in
2572 2649 2752 2698 codice

1693 2720 2016 2783 Guelpberb.
2060 2723 2344 2783 omissum;
2383 2731 2438 2773 et
2477 2739 2579 2788 pro
2612 2726 2755 2791 prinas*

1691 2796 2128 2860 interrogabantur,
2152 2800 2405 2863 scriptum
2431 2808 2515 2850 est
2547 2806 2753 2866 mnan

1687 2872 2122 2935 interrogabantur.
2189 2874 2252 2924 In
2282 2879 2624 2940 sequentibus
2644 2896 2755 2931 ver·

1693 2948 1789 3010 bis,
1812 2963 1906 3011 pro
1938 2949 2527 3015 verbo-perpetiebantur,
2561 2957 2752 3007 Puteo·

1691 3024 1836 3072 lanus
1860 3025 2026 3073 edidit
2037 3026 2316 3088 petebantur
2328 3043 2352 3085 ,-
2374 3036 2429 3079 et
2444 3045 2597 3095 eque
2614 3047 2753 3084 meu·

1689 3098 1815 3147 dose
1841 3100 2074 3151 librarius
2096 3104 2147 3152 iu
2171 3103 2353 3154 codice
2370 3104 2634 3158 Patavino
2646 3125 2754 3174 psi·-

1683 3175 1997 3237 petr-abanim·
2016 3179 2267 3242 reposuit.
2304 3178 2457 3231 Idem.

1752 3251 2107 3318 Sedeatoers‘nm]
2150 3256 2281 3305 Cum
2326 3271 2427 3307 nec
2461 3259 2751 3325 interroga·

1687 3334 1885 3387 rentur,
1920 3344 2018 3380 nec
2039 3338 2316 3394 surgerent
2343 3332 2409 3382 ad
2434 3333 2713 3387 dicendum
2737 3354 2753 3397 3

1683 3405 1773 3453 sed
1815 3420 1913 3455 uec
1947 3406 2035 3469 (ut
2073 3408 2122 3456 in
2167 3409 2400 3470 pluribus
2445 3415 2752 3478 sententiis)

1686 3482 1934 3533 discessio
1949 3483 2117 3534 fieret.
2148 3486 2164 3514 ⁸
2179 3485 2437 3536 Sedentes
2451 3484 2467 3505 '
2487 3490 2653 3553 igitur
2671 3507 2750 3540 as-

1686 3558 2083 3610 sentiebantur=
2136 3563 2428 3625 quomodo?
2466 3578 2620 3616 manu
2660 3577 2750 3618 aut

1685 3650 1832 3687 voce.
1901 3639 2111 3702 Nempe
2149 3639 2241 3688 ilia
2274 3640 2498 3698 sublata,
2525 3651 2581 3692 et
2617 3645 2749 3694 hanc

1685 3714 1738 3763 iu
1765 3728 1922 3764 unum
1959 3715 2172 3765 verbum
2194 3716 2479 3782 solventes,
2511 3719 2526 3744 ⁸
2550 3718 2746 3769 Assen-

1685 3789 1799 3844 tio,’
1823 3799 1917 3841 aut
1940 3797 1956 3820 ⁸
1977 3789 2166 3841 Idem.'
2197 3791 2336 3855 Lips.

1752 3867 1887 3915 Unus
1927 3866 2166 3930 solaque]
2215 3867 2262 3916 A
2307 3869 2542 3933 principe
2570 3872 2744 3934 jussus

1680 3943 1842 4008 loqui,
1859 3942 2080 4008 ideoque
2099 3946 2255 3993 etiam
2272 3947 2583 3996 seutentiam
2601 3963 2743 3997 suam

1680 4019 2020 4081 pronuntiare
2036 4028 2250 4070 coactus
2274 4021 2340 4070 ad
2361 4021 2589 4085 eJusdem
2607 4040 2746 4072 men·

1679 4100 1805 4157 tem,
1850 4109 2003 4159 quam
2040 4096 2162 4144 inde
2198 4109 2376 4146 omnes
2412 4102 2560 4161 sequi
2598 4106 2742 4149 tene·

1676 4170 1884 4232 bantur,
1905 4186 1999 4220 seu
2029 4171 2270 4236 pedibus,
2304 4188 2395 4224 seu
2432 4185 2587 4236 voto;
2624 4192 2740 4226 enm

1678 4254 1850 4297 tamen
1877 4246 2083 4299 interne
2117 4249 2335 4300 eandem
2368 4250 2740 4315 improbarent.
