3060 4902
759 404 823 451 0.
874 400 1114 451 PLth
1162 397 1489 448 sssctJNm
1540 397 1814 447 PANEG.
1895 396 1946 444 t.

311 545 401 610 dit,
441 554 498 596 ut
532 547 625 599 Jo.
658 546 828 596 Heur.
867 545 1057 595 David.
1091 544 1381 605 Goebelius‚

310 629 382 675 vir
397 622 1384 688 elegantiorislitteratura·studiosissi-

310 719 434 758 mus,
455 705 579 750 dum
604 708 847 750 versatur
864 701 1121 761 venetiis,
1141 698 1382 747 inciderit

310 780 360 830 iu
404 781 563 830 alium
625 780 863 830 codicem
911 779 1013 827 Ms.
1072 777 1384 840 Panegyrici

312 859 483 914 Plinii,
508 872 739 921 eumque
762 871 920 920 usque
944 855 1008 904 ad
1034 861 1196 918 caput
1228 867 1381 903 thV.

312 936 641 995 mutilaturug
682 948 836 999 quem
871 939 1114 981 accurate
1150 931 1382 993 descrip-

312 1019 415 1060 tum
442 1026 652 1061 mecum
679 1018 1008 1074 peramanter
1036 1008 1380 1057 communica-

315 1088 405 1137 vit.
472 1090 638 1138 Hunc
666 1089 795 1136 adeo
820 1088 869 1135 in
895 1094 1162 1149 posterum
1186 1084 1383 1133 codicis

314 1165 498 1213 Veneti
524 1168 574 1212 2.
609 1172 669 1214 et
704 1165 846 1211 illum
884 1163 1130 1226 priorem,
1159 1176 1260 1225 quo
1295 1159 1380 1208 ad·

314 1240 412 1289 huc
436 1257 557 1289 usus
580 1255 715 1294 suun,
737 1239 931 1288 codicis
949 1238 1137 1286 Veneti
1160 1242 1205 1286 1.
1226 1235 1381 1285 nomi-

315 1331 378 1367 ue
399 1318 713 1378 designabo.
753 1315 993 1364 Schwart-

382 1396 671 1458 Comparars'
704 1393 818 1456 tibi]
854 1391 1125 1448 conseras,
1150 1391 1190 1440 si
1217 1390 1382 1446 lubet,

314 1470 397 1522 Jo.
416 1472 606 1520 Fraue.
632 1468 843 1518 Buddei
879 1468 1290 1517 dissertationem
1318 1466 1383 1515 de

318 1548 467 1598 Metu
491 1546 933 1612 Comparationis.
972 1546 1122 1595 Idem.

380 1627 627 1686 &pertus
672 1627 717 1672 et
760 1624 858 1686 ipse
901 1622 971 1686 es]
1028 1624 1108 1672 lta
1148 1621 1384 1669 Tiberius

320 1703 450 1765 apud
483 1702 660 1751 Tacit.
693 1700 882 1751 Annal.
914 1714 950 1749 ι.
979 1705 1057 1750 11.
1090 1700 1237 1759 dicit,
1268 1702 1283 1726 ‘
1304 1714 1383 1748 so·

318 1779 414 1827 lam
438 1779 545 1827 divi
577 1772 802 1841 Au'gusti
834 1783 1058 1826 mentem
1093 1783 1254 1824 tsntae
1280 1790 1384 1823 mo·

315 1855 379 1903 lis
403 1868 694 1917 capacem3
729 1868 786 1902 se
821 1855 870 1902 in
910 1859 1110 1914 partem
1144 1866 1383 1900 curarum

316 1931 380 1980 ab
400 1932 487 1981 illo
507 1939 774 1990 vocatum,
791 1930 1107 1991 experiendo
1126 1929 1385 1985 didicisse,

318 2022 463 2071 quam
480 2007 724 2063 arduum,
741 2021 893 2070 quam
916 2006 1199 2069 subjectum
1223 2004 1383 2054 fortu-

320 2097 419 2146 ιιι»,
444 2083 665 2148 regendi
690 2092 879 2132 cuncta
903 2081 1066 2132 onus!
1107 2084 1258 2131 Idem.

384 2159 674 2224 Onerosum]
723 2161 793 2209 Et
832 2160 1042 2219 imitari,
1079 2173 1237 2222 seque
1273 2157 1385 2221 dig·

319 2251 434 2286 num
460 2236 723 2301 praebere.
778 2236 865 2286 Sic
890 2248 1100 2284 ιιι-ιιι.
1122 2240 1170 2284 7.
1202 2238 1216 2263 ‘
1241 2234 1384 2282 One·

321 2316 441 2363 rasti
480 2313 691 2363 futuros
734 2311 1034 2376 principes-⁹
1096 2311 1283 2359 Seuec.
1321 2309 1382 2358 ad

300 2392 506 2458 ,Polyb.
532 2397 618 2442 22.
649 2399 663 2419 ‘
684 2391 768 2440 Ad
794 2390 1083 2453 exemplum
1107 2402 1163 2436 se
1188 2388 1386 2437 modes-

322 2472 407 2521 tin
454 2481 557 2521 tut
613 2469 950 2527 formaverat,
1002 2467 1388 2529 cogitabatque,

321 2557 571 2613 quantum
609 2555 665 2596 tu
701 2553 756 2595 et
792 2550 1147 2591 ornamentum
1185 2550 1386 2591 tuorum

324 2638 479 2686 esses,
504 2632 562 2673 et
586 2621 746 2672 onus!
796 2621 949 2669 Ber-n.

387 2702 453 2750 Et
490 2715 598 2749 eam
628 2695 885 2762 offerebas]
935 2697 996 2743 Iu
1035 2709 1149 2744 meo
1187 2695 1388 2755 codice,

325 2790 417 2841 pro
452 2782 503 2827 et
537 2775 794 2841 offerebas,
827 2772 1075 2836 scripturn
1113 2780 1191 2821 est
1230 2777 1281 2820 at
1316 2771 1389 2831 as·

312 2855 521 2912 serebas.
592 2854 884 2903 Pronomen
929 2865 1031 2900 eam
1072 2848 1196 2897 nulli
1235 2847 1388 2897 hodie

327 2935 510 2998 reliqui
554 2934 674 2982 libri
720 2931 1037 2990 ostendunt;
1086 2927 1223 2992 quod
1266 2942 1390 2976 vero

325 3024 390 3060 ex
424 3011 632 3072 iugenio
665 3008 839 3056 verbis
872 3006 1123 3055 Pliniauis
1160 3006 1389 3053 inseren-

328 3087 446 3136 dum
483 3087 687 3135 censuit
715 3085 1008 3145 Livineius3
1043 3090 1199 3147 atque
1235 3081 1285 3129 id
1324 3079 1389 3130 ad

328 3163 636 3227 explendam
664 3161 819 3210 Plinii
846 3161 1156 3208 sententiam
1190 3166 1389 3206 tantum

328 3253 427 3288 uon
447 3236 814 3294 necessarium,
828 3250 889 3284 ac
907 3235 1220 3298 postliminio
1244 3236 1391 3282 resti·

328 3316 596 3371 tuendum,
619 3315 761 3362 dtrxi.
812 3312 1067 3361 Livineius
1091 3311 1141 3359 id
1169 3310 1304 3360 eruit
1325 3325 1391 3359 ex

331 3394 486 3444 verbo
508 3392 755 3457 qfferebas,
779 3391 916 3455 quod
950 3405 1041 3453 pro
1076 3389 1310 3454 offerebas
1341 3391 1391 3437 in

331 3480 506 3522 vetere
521 3469 703 3519 codice
722 3470 974 3530 scriptum
994 3474 1261 3531 repererat
1278 3482 1292 3527 ;
1312 3474 1392 3515 ut-

330 3558 452 3611 pote
472 3549 524 3596 in
549 3560 654 3611 quo
678 3559 773 3609 per
789 3543 1173 3592 festinationem
1194 3542 1391 3590 librarii

328 3626 581 3677 coaluisse
605 3622 805 3686 putavit
830 3621 921 3670 bas
946 3620 1071 3668 duas
1100 3633 1270 3677 voces,
1290 3633 1393 3667 eam

331 3702 579 3768 offerebas.
634 3700 746 3761 Ego
771 3712 893 3746 vero
918 3698 1170 3760 suspicor,
1192 3696 1391 3744 librari-

330 3795 412 3830 um
437 3776 716 3843 quendam,
741 3789 858 3824 cum
884 3773 974 3823 has
1000 3789 1175 3833 voces,
1205 3778 1249 3822 et
1273 3788 1393 3827 eam,

333 3864 471 3908 arcte
489 3856 648 3919 juxta
669 3867 727 3902 se
754 3852 950 3916 positas
977 3852 1277 3910 invenisset,
1298 3864 1392 3913 pro

331 3935 471 3984 etiam
514 3930 778 3992 habuisse,
821 3936 876 3977 et
918 3929 990 3975 sic
1037 3927 1395 3988 rescripsisse3

331 4024 443 4062 eum
469 4024 596 4060 vero
617 4005 810 4055 deinde
835 4005 920 4054 alii
946 4005 1137 4053 librarii
1171 4018 1392 4066 agnove-

332 4089 448 4151 rint,
487 4084 797 4151 particulam
833 4083 980 4132 etiam
1014 4081 1095 4130 hic
1130 4094 1230 4129 non
1269 4079 1394 4129 satis

332 4162 597 4215 commode
639 4161 810 4210 locum
854 4156 1045 4206 babere
1093 4171 1262 4221 posse,
1301 4171 1394 4219 pro

332 4255 392 4290 es
424 4236 719 4303 reposuisse
762 4237 830 4290 et,
865 4233 1066 4283 nescios
1111 4246 1393 4295 pronomen

333 4329 537 4384 quoque
560 4327 663 4365 eant
688 4308 1066 4361 restituendum
1092 4323 1224 4360 esse.
1256 4308 1395 4359 Hinc

1988 380 2097 447 44.
2390 380 2526 447 697-

1459 557 1740 605 pronomen
1767 542 1860 591 hoc
1885 541 1936 590 in
1961 540 2172 604 reliquis
2207 539 2351 590 libris
2387 540 2522 590 desi·

1458 618 1625 666 der-ari
1652 625 1879 680 coeptum
1910 625 2005 667 est·
2073 617 2295 680 Opinor,
2319 631 2418 666 non
2445 618 2522 666 ui-

1458 695 1552 742 mis
1596 695 1862 755 audacem,
1901 709 2068 758 neque
2104 709 2133 743 a
2172 695 2522 744 verisimilitu-

1458 770 1579 817 dine
1605 771 1821 818 alieuam
1846 785 1958 819 esse
1983 772 2112 819 lianc
2144 773 2520 835 conjecturam.

1455 847 1508 895 Si
1547 847 1659 909 quis
1696 853 1867 895 tamen
1894 847 1991 895 sibi
2025 848 2257 909 religioni
2291 849 2525 906 duxerit,

1455 926 1734 973 admittere
1761 938 2043 988 pronomen
2069 940 2203 984 eam5
2234 926 2276 973 is
2301 924 2521 975 fortasse

1458 1016 1522 1049 ex
1556 1008 1730 1049 nostro
1761 1001 1942 1048 codice
1977 1001 2279 1063 particulam
2317 1008 2389 1058 ut,
2427 1017 2522 1066 pro

1450 1085 1611 1142 prout,
1635 1079 1864 1126 retinere
1893 1078 2074 1139 possit.
2119 1076 2356 1126 Schwarz.

1521 1155 1774 1219 Afferebas
1838 1154 2184 1203 excusationem
2254 1153 2523 1217 adoptanti]

1458 1233 1567 1281 Pro
1613 1233 1879 1294 adoptanti.
1919 1231 2111 1281 habeut
2154 1232 2371 1296 adoptati
2416 1239 2523 1282 tres

1456 1310 1661 1357 codices
1685 1310 1832 1357 Vatt.
1853 1311 2162 1358 1775.1776.
2188 1312 2330 1357 1475.
2352 1308 2522 1358 codex

1457 1386 1690 1434 Venetus
1717 1390 1766 1435 2.
1805 1385 2234 1449 Salisburgensis,
2268 1391 2323 1434 et
2357 1399 2521 1434 meus.

1460 1463 1523 1510 In
1549 1464 1834 1527 impressis,
1857 1463 2194 1519 Puteolanus,
2215 1463 2525 1527 Beroaldus,

1460 1540 1758 1601 Rhenanus,
1802 1540 2081 1600 Gruterus,
2130 1540 2362 1602 Hearue,
2409 1541 2525 1588 Cel·

1458 1616 1637 1679 larius,
1659 1617 1894 1677 Patarol,
1921 1616 2256 1677 Arutzenius,
2289 1616 2526 1665 similiter

1457 1692 1673 1754 adoptati
1712 1692 2019 1755 prodidere;
2068 1692 2303 1756 hancque
2346 1693 2524 1741 lectio-

1461 1783 1575 1817 nem
1614 1768 1687 1817 ita
1723 1769 2099 1833 interpretatus
2135 1777 2210 1819 est
2236 1770 2520 1820 Cellsrius:

1461 1848 1708 1909 Dicebas,
1732 1849 1827 1896 nisi
1853 1849 2062 1911 adoptio
2089 1856 2139 1898 te
2163 1855 2394 1912 cogeret,
2418 1849 2527 1897 nol·

1460 1925 1509 1973 le
1537 1934 1586 1974 te
1610 1934 1798 1988 sponte
1826 1935 1909 1974 tua
1935 1926 2204 1990 imperium
2240 1926 2524 1989 suscipere.

1462 2002 1581 2051 Non
1623 2003 2000 2051 contemnenda
2043 2003 2248 2068 quidem
2296 2003 2406 2052 haec
2445 2010 2526 2051 est

1461 2080 1755 2139 seutentia3
1790 2078 1880 2126 sed
1916 2081 2108 2138 nescio,
2129 2093 2191 2127 an
2215 2078 2344 2128 fluat
2367 2094 2431 2128 ex
2459 2080 2525 2127 is-

1463 2156 1528 2204 tis
1565 2155 1765 2214 verbis3
1803 2170 1882 2211 ac,
1908 2157 1950 2203 si
1981 2156 2034 2203 id
2069 2155 2244 2205 dicere
2285 2157 2528 2205 voluisset

1464 2232 1685 2293 Plinius,
1709 2246 1876 2279 annon
1902 2232 2068 2279 miuus
2100 2230 2381 2280 insolenter
2417 2231 2529 2280 dic·

1462 2315 1609 2358 turus
1651 2307 1855 2366 fuisset,
1897 2310 1960 2355 Ee
1996 2306 2232 2371 offerebas
2265 2309 2527 2357 excusatio·

1462 2400 1568 2432 nem
1601 2384 1886 2445 adoptionis.
1953 2384 2125 2431 Multo
2154 2392 2325 2432 tamen
2351 2384 2529 2433 durior

1465 2461 1672 2510 videtur
1714 2461 1870 2509 tertia
1912 2461 2086 2516 lectio,
2120 2461 2374 2525 adoptari5
2410 2477 2526 2525 quoe

1462 2538 1673 2601 quidem
1700 2538 1752 2586 in
1779 2538 1918 2586 nullo
1941 2538 2120 2587 codice
2155 2538 2370 2603 scripto,
2395 2545 2447 2587 at
2475 2540 2526 2588 in

1463 2615 1695 2664 omnibus
1717 2614 1908 2663 ceteris
1934 2613 2079 2664 libris
2105 2614 2307 2664 excusis
2332 2615 2527 2663 inveni·

1465 2700 1567 2741 tur.
1637 2692 1843 2742 Lubens
1874 2693 2036 2756 igitur
2072 2693 2249 2757 recepi
2285 2707 2398 2742 eam
2425 2693 2528 2740 lec-

1465 2770 1676 2831 tionem,
1716 2784 1863 2833 quam
1912 2771 2141 2832 suggerit
2177 2770 2404 2834 optimus
2444 2783 2529 2818 co-

1464 2845 1565 2894 dex
1602 2847 1724 2893 Vat.
1762 2849 1906 2893 ³461.
1946 2847 2067 2894 item
2108 2846 2342 2895 Venetus
2385 2849 2431 2892 1.
2475 2852 2532 2892 et

1464 2922 1976 2984 Guelplterbytanus,
1995 2930 2046 2969 et
2072 2921 2205 2969 liber
2225 2922 2531 2969 Vossianus.

1464 2999 1738 3059 Conjunge
1776 2998 1911 3045 enim
1938 2997 2034 3044 hoc
2063 2996 2413 3058 participium,
2445 2998 2531 3044 ad·

1462 3075 1667 3137 optanti,
1708 3087 1822 3121 cum
1871 3071 2293 3133 praecedentibus
2338 3070 2533 3130 verbis,

1464 3159 1517 3199 et
1542 3149 1819 3209 intelliges,
1841 3147 1961 3195 nibil
1985 3146 2318 3201 luculentius,
2341 3153 2395 3195 et
2414 3161 2530 3194 sen-

1466 3230 1633 3277 tentia
1672 3227 1909 3275 Pliniana
1948 3226 2170 3288 dignius,
2202 3239 2267 3273 ex
2306 3225 2532 3289 antiquis

1467 3303 1734 3353 codicibus
1761 3301 1941 3349 referri
1978 3315 2157 3364 posse:
2198 3302 2267 3351 Et
2300 3316 2412 3349 eam
2448 3317 2533 3349 ea·-

1465 3381 1746 3428 cusationem
1771 3378 2005 3441 offerebas
2026 3379 2291 3439 adoptanti,
2317 3379 2348 3427 i.
2373 3394 2421 3426 e.
2463 3380 2535 3428 Et

1468 3458 1604 3522 patri
1644 3466 1752 3515 tuo,
1793 3456 2007 3514 Nerva‘,
2043 3463 2094 3502 te
2131 3455 2422 3517 adoptanti,
2457 3454 2535 3503 af-

1466 3535 1675 3583 ferebas
1736 3548 1847 3581 eam
1906 3532 2066 3595 ipsam
2125 3533 2537 3589 excusatione-m,

1470 3612 1607 3674 quod
1647 3623 1919 3660 onerosum
1956 3609 2043 3671 sit,
2079 3608 2362 3657 succedere
2401 3610 2536 3659 bono

1470 3690 1709 3754 principi.
1778 3687 2018 3750 Apparet
2054 3694 2245 3741 aunem,
2272 3701 2423 3749 quam
2460 3684 2536 3734 fa-

1468 3768 1568 3815 cile
1605 3780 1670 3813 ex
1711 3762 2020 3826 compendio
2053 3764 2231 3826 scripti
2274 3762 2536 3825 participii

1470 3843 1744 3906 praesentis
1770 3839 2015 3902 temporis
2047 3841 2316 3900 adoptanti,
2353 3846 2538 3900 potue·

1470 3923 1540 3970 rit
1567 3919 1708 3967 nasci
1745 3918 2069 3982 praeteritum
2105 3917 2358 3979 adoptati5
2391 3923 2442 3963 et
2470 3923 2535 3963 e‘x

1470 4002 1567 4048 ltoc
1593 3998 1796 4047 demum
1822 3994 2105 4044 infinitivus
2130 3996 2383 4057 adoptari)-
2417 4007 2535 4042 cum

1471 4075 1595 4125 nihil
1631 4073 1839 4136 pronius
1876 4069 1989 4119 fieri
2023 4072 2345 4118 consueverit
2372 4072 2423 4116 iu
2449 4082 2539 4118 au·

1473 4152 1628 4215 tiquis
1667 4150 1830 4210 libris,
1869 4162 2019 4211 quam
2060 4151 2115 4195 ut
2161 4146 2324 4195 literae
2363 4150 2382 4193 8
2426 4152 2542 4194 etr

1473 4231 1610 4278 inter
1635 4241 1689 4274 se
1716 4229 2158 4289 permutarentur.
2210 4221 2361 4269 Idem.

1540 4305 1621 4356 Aa
1645 4316 1790 4369 parva
1810 4297 2077 4362 pronaque]
2111 4297 2194 4347 Ita
2212 4295 2432 4348 efferunt
2449 4295 2541 4349 lias
