3060 4902
492 381 626 447 590

496 538 698 592 Plinius
739 535 919 588 iaudat
953 536 1252 601 Trajannm.
1288 536 1424 601 quod
1462 548 1563 585 non

498 629 563 666 ea
583 616 706 665 vitiu
728 621 783 665 et
805 615 1020 664 crimina
1045 613 1109 662 ad
1135 627 1280 662 suum
1298 612 1568 661 admiserit

495 693 760 752 saeculum,
792 706 907 756 quae
946 690 1333 740 insolentiorum
1372 688 1564 750 princi-

495 784 617 834 pum
648 767 970 832 temporibus
994 768 1288 830 viguerant.
1350 765 1566 828 Metius,

498 856 553 899 et
589 857 817 897 mentem
848 860 1031 901 meam.
1056 853 1110 893 et
1149 846 1425 894 lectionem
1452 843 1563 893 Gu-

499 924 725 983 disnam,
743 922 980 985 percepit
999 922 1287 977 Gesnerus‚
1306 921 1392 985 qui
1411 925 1425 948 ⁶
1445 933 1561 968 sen·

498 1000 714 1049 tentiam
734 997 746 1018 '
775 999 904 1047 banc
930 998 945 1024 ‘
965 1006 1020 1047 et
1049 997 1215 1061 ipsam
1241 994 1452 1045 bonam’
1472 1010 1563 1045 vo-

497 1084 604 1126 cat.
632 1076 782 1124 Idem.

585 1151 832 1215 Quidquid
876 1149 1063 1198 videtur
1102 1148 1278 1211 emere]
1328 1149 1473 1198 Vera
1507 1153 1564 1199 et

496 1240 600 1276 non
624 1225 926 1289 imaginaria
947 1225 1106 1275 emtio
1129 1233 1210 1274 est
1242 1225 1368 1274 fisci.
1420 1226 1560 1277 Quo·

498 1301 651 1351 modo
674 1301 1013 1363 imaginaria?
1052 1300 1311 1364 Apronius
1335 1300 1421 1349 itte
1442 1302 1563 1350 Tui-

497 1380 660 1428 iinnus
690 1378 954 1437 docuerit,
977 1375 1320 1427 frumentaria
1361 1379 1410 1428 in
1433 1379 1564 1428 Ver·

498 1472 626 1508 rem.
695 1457 965 1518 cogebant
991 1458 1160 1507 socios
1186 1458 1379 1506 alterna
1404 1456 1563 1505 decu·

496 1548 606 1583 mas
631 1534 847 1595 addere,
872 1534 961 1583 sed
995 1535 1245 1583 emendas
1266 1550 1331 1584 ex
1352 1541 1564 1583 senatus

496 1612 751 1661 consulto.
820 1612 956 1674 Ipsis
978 1614 1198 1675 pecnuin
1221 1610 1462 1670 cedebat,
1482 1625 1565 1660 so·

497 1689 593 1739 ciis
630 1687 929 1742 ludibrium,
963 1696 1018 1735 et
1056 1687 1210 1736 titulo
1242 1685 1448 1735 emendi
1484 1700 1566 1735 ra-

499 1765 730 1828 piebeut·
799 1762 951 1822 Vide,
975 1762 1147 1825 sodes,
1168 1773 1428 1811 oratorem
1451 1761 1565 1813 dic·

498 1847 624 1887 tum.
693 1837 937 1887 Nihilbic
963 1838 1174 1898 tale,ait
1191 1845 1397 1887 noster:
1435 1838 1564 1889 tides

499 1916 692 1977 ubique
716 1923 769 1963 et
796 1916 1006 1963 veritas.
1067 1913 1329 1963 Aberrnnt
1365 1923 1564 1971 mente,

497 1990 656 2040 Ptinii
678 1990 819 2052 dico,
839 1990 924 2054 qui
935 1988 1135 2050 jubetur
1154 1988 1236 2038 hic
1257 1989 1560 2039 emendant.

498 2067 640 2130 Lips.

565 2143 812 2206 Quidquid
836 2141 1026 2193 videtur
1047 2138 1222 2203 emere]
1242 2142 1364 2191 Vid.
1387 2143 1560 2193 Tacit.

498 2218 675 2283 Agric.
703 2223 780 2270 19.
803 2227 856 2269 et
895 2220 960 2269 ad
1001 2233 1118 2269 eum
1157 2220 1320 2283 Lipsii
1348 2227 1453 2269 not.
1477 2223 1561 2269 84.

497 2298 624 2346 item
643 2295 900 2360 Virduug.
937 2296 1120 2359 Cujac.
1145 2295 1276 2346 Obs.
1301 2308 1487 2346 xxvtt.
1509 2301 1561 2346 9.

497 2372 649 2421 Bern.
731 2404 734 2408 ι

561 2448 695 2500 Cu.
720 2462 861 2498 xxx.
884 2449 1128 2513 AEgyptus
1140 2447 1348 2511 alendis]
1366 2449 1561 2512 Perop-

498 2533 717 2589 portuua
740 2527 851 2575 iiaec
873 2535 953 2575 est
975 2526 1264 2586 παρέκβασις
1280 2542 1310 2574 a
1329 2541 1451 2576 cura
1470 2542 1561 2577 sn-

497 2615 648 2652 none
674 2601 899 2664 publicae
923 2602 989 2650 ad
1017 2602 1338 2666 AEgyptum3
1374 2611 1564 2666 utpote

498 2693 634 2742 qnae,
678 2693 793 2728 cum
847 2680 970 2728 alias
1015 2679 1154 2728 inter
1197 2677 1563 2730 frumentarias

499 2755 849 2804 Romanorum
922 2755 1216 2818 provincias
1287 2756 1565 2819 emineret,

495 2838 619 2880 tunc
642 2830 1058 2880 extraordinaria
1077 2829 1360 2880 sterilitate
1385 2846 1566 2894 pressa

495 2921 597 2956 non
622 2907 789 2956 minus
811 2922 874 2955 ex
904 2907 1233 2970 providentia
1256 2915 1311 2957 et
1340 2909 1567 2958 liberati·

494 2989 604 3032 tate
625 2983 836 3046 Trajani
862 2983 1438 3049 sustentabatur,qnam
1466 2987 1566 3036 Ro·

493 3074 590 3111 mu*
613 3062 755 3110 cives
777 3061 971 3124 inopes.
1038 3060 1215 3126 Atque
1240 3061 1369 3111 adeo
1395 3062 1444 3111 in
1466 3062 1566 3112 hac

495 3135 819 3186 iiberalitate
842 3137 1053 3199 Trajani
1079 3139 1447 3199 exaggeranda
1472 3138 1565 3187 mi-

496 3212 640 3261 rifice
686 3214 892 3262 exultat
932 3214 1106 3262 oratio
1150 3213 1329 3262 Plinii.
1397 3213 1564 3263 Erant

497 3301 618 3336 vero
652 3289 930 3352 provinciae
961 3287 1333 3354 frumenteriae,
1364 3290 1565 3354 Siciiie,

495 3361 692 3419 Africa,
723 3364 983 3420 Sardinia,
1016 3366 1294 3430 Hispania,
1334 3367 1565 3430 Boeotia,

494 3441 827 3502 Macedonia,
884 3443 1254 3509 Chersonesus,
1311 3444 1456 3507 Asia,
1507 3452 1563 3494 et

493 3517 668 3581 Syria;
705 3518 939 3583 equibus
976 3519 1233 3580 omnibus,
1255 3532 1356 3568 non
1396 3520 1564 3569 minus

483 3595 594 3657 jam
610 3602 824 3655 mutata,
843 3607 993 3660 quam
1011 3595 1182 3646 adhuc
1196 3596 1362 3646 libera
1378 3596 1566 3660 repub·

494 3669 615 3732 lica,
651 3670 967 3721 frumentum
1015 3673 1238 3722 Romam
1284 3672 1562 3723 advectum

461 3791 472 3800 .
493 3756 593 3799 est.
657 3748 792 3798 Vide
817 3749 1060 3798 vincent.
1093 3750 1452 3799 contarenum
1495 3748 1563 3799 de

496 3825 822 3876 Frumentar.
862 3824 1210 3874 Romanorum
1257 3824 1563 3887 Largitione

491 3913 610 3964 cap.
652 3905 731 3950 lo.
785 3901 886 3950 His
910 3899 1114 3949 demum
1142 3900 1208 3950 A.
1245 3902 1311 3950 U.
1345 3901 1407 3950 C.
1447 3905 1564 3952 ⁷24.

491 3974 716 4040 Augusti
743 3975 1081 4039 temporibus,
1118 3977 1340 4026 accessit
1368 3976 1563 4042 Egyp-

491 4060 594 4102 tus·
675 4053 830 4106 Quod
875 4059 1055 4103 narrat
1095 4053 1224 4103 Aur.
1271 4054 1460 4104 Victor
1506 4056 1560 4106 in

490 4130 636 4193 Epit-
650 4144 698 4179 c.
715 4134 761 4179 1.
775 4134 790 4158 ⁸
806 4128 1089 4192 Regionem
1103 4130 1331 4194 AEgypti,
1344 4131 1561 4181 inunda-

492 4207 634 4256 tione
662 4208 772 4256 Niii
802 4221 1012 4256 accessu
1031 4205 1319 4271 difficilem,
1344 4208 1558 4258 inviam-

490 4296 592 4346 que
615 4282 913 4348 paltidibus,
945 4284 996 4333 in
1032 4283 1308 4349 provincia
1337 4282 1558 4336 formam

1197 393 1417 442 NOTAE
1466 392 1872 441 vAtuottuM
1923 391 2001 441 ΙΝ

1641 535 1846 598 redegit
1869 535 2153 598 Augustus·
2205 535 2375 587 Quam
2399 539 2458 583 ut
2481 547 2707 585 annone

1639 613 1779 662 urbis
1808 616 2073 676 copiosam
2099 609 2353 673 efficeret,
2375 609 2540 660 fossas
2558 612 2704 660 incn-

1640 690 1714 737 ria
1742 690 2019 738 vetustatis
2043 689 2167 737 limo
2185 688 2383 736 cieuses
2406 687 2584 737 labore
2609 687 2704 737 mi·

1638 765 1783 812 litum
1820 762 2086 828 patefecit.
2156 763 2326 826 Hujus
2363 771 2597 826 tempore
2633 775 2705 815 ex

1640 839 1873 902 AEgypto
1910 839 2026 888 urbi
2064 855 2235 889 annua
2269 840 2541 889 ducenties
2578 852 2704 890 cen-

1637 922 1758 967 tena
1790 916 1949 965 miliia
1973 915 2316 981 (modiorum)
2341 914 2591 964 frumenti
2624 916 2706 964 in·

1638 991 1975 1042 ferebantur)
2043 992 2144 1041 Ubi
2183 991 2334 1040 Anna
2365 991 2586 1039 Deccria
2611 1002 2704 1045 an,

1639 1069 1859 1128 notavit,
1883 1069 2108 1119 modium
2136 1068 2309 1132 paullo
2333 1068 2445 1131 pius
2467 1068 2704 1116 minusve

1638 1144 1881 1193 Romanis
1906 1144 2221 1209 pependisse
2243 1147 2324 1193 25.
2347 1142 2519 1192 libras.
2588 1142 2704 1192 Hu-

1627 1220 1717 1283 jus
1742 1228 1894 1270 terroe
1919 1219 2288 1284 fertilitasjam
2314 1220 2615 1270 celebratur
2649 1222 2705 1269 in

1637 1295 1974 1348 divinioribus
2003 1299 2190 1355 literis.
2236 1299 2434 1348 Genes.
2469 1310 2585 1347 nt.
2617 1301 2707 1349 29.

1637 1373 1744 1431 ubi,
1767 1376 2053 1425 secundnm
2070 1388 2198 1426 ux.
2217 1377 2553 1436 interpretes,
2575 1373 2704 1425 dici·

1640 1455 1742 1508 tur,
1775 1451 1975 1517 Εὐθῃνία
1997 1452 2159 1511 πολλὴ
2188 1451 2239 1501 δι
2269 1449 2398 1516 πάσῃ
2429 1451 2501 1515 γῇ
2519 1449 2703 1511 stro*-

1638 1542 1741 1582 του,
1766 1527 2011 1586 fertilitas
2041 1543 2218 1590 magno
2243 1528 2297 1575 in
2322 1528 2544 1576 “nivem
2570 1532 2705 1578 terre

1640 1604 1862 1667 AEgyptt’.
1923 1605 2087 1654 Tanta
2101 1604 2346 1653 fertilitas
2365 1601 2701 1652 adscribeba-

1643 1690 1729 1731 tur
1748 1683 1907 1744 Nilo,
1942 1683 2008 1733 de
2031 1698 2134 1749 quo
2159 1683 2361 1733 Plinius
2386 1683 2556 1746 Major
2583 1698 2635 1733 v.
2652 1688 2705 1733 9.

1640 1758 1844 1808 ‘Certis
1869 1759 2053 1809 diebus
2078 1769 2232 1811 auctu
2274 1773 2460 1822 magno
2497 1773 2592 1822 pet·
2623 1765 2704 1808 to·

1642 1842 1748 1884 tam
1792 1836 2050 1899 spatiatus
2106 1838 2406 1901 AEgyptum,
2444 1834 2703 1887 fecundus

1638 1909 1843 1960 innatat
1867 1917 2039 1961 terrae.
2062 1944 2076 1961 .
2102 1946 2116 1962 .
2147 1946 2159 1960 .
2186 1913 2387 1961 Auctus
2402 1926 2498 1975 per
2516 1920 2703 1975 puteos

1638 2001 1895 2037 mensurae
1914 1989 2048 2038 notis
2068 1988 2547 2052 deprehenduntur.
2580 1988 2705 2038 Jus-

1640 2068 1748 2111 tum
1791 2064 2167 2113 incrementum
2193 2073 2273 2112 est
2306 2062 2595 2112 cubitorum
2622 2066 2705 2111 16.

1637 2140 1869 2190 Minores
1883 2156 2028 2206 aquae
2049 2156 2151 2190 non
2167 2141 2336 2190 omnia
2359 2139 2562 2203 rigantg
2595 2152 2704 2189 amn

1639 2215 1830 2278 pliores
1862 2216 2118 2275 detinent,
2155 2217 2354 2266 tat-dius
2391 2215 2709 2266 recedendo.

1640 2290 1735 2340 11ae
1759 2291 2063 2356 (ampliores
2085 2295 2263 2356 aquae)
2278 2293 2484 2343 serendi
2506 2300 2707 2354 tempo·

1637 2382 1693 2416 ra
1718 2369 2011 2426 absumunt.
2034 2372 2141 2419 solo
2165 2370 2407 2419 madente
2428 2386 2444 2432 ;
2475 2371 2577 2419 itt-a
2601 2382 2704 2419 non

1636 2445 1781 2509 dant,
1831 2447 2062 2498 sitiente.
2151 2448 2444 2513 Utrumque
2492 2454 2707 2511 reputat

1636 2523 1900 2587 provincia
1916 2540 1929 2574 z
1949 2525 1999 2573 in
2017 2523 2287 2575 duodecim
2303 2524 2494 2575 cubitis
2509 2523 2705 2574 famem

1634 2600 1795 2648 sentit
1818 2615 1833 2660 3
1866 2600 1916 2649 in
1941 2600 2192 2651 tredecim
2211 2602 2494 2650 etiamnum
2518 2599 2706 2659 esurit3

1634 2677 2027 2740 quatuordecim
2051 2679 2229 2728 cubita
2253 2678 2565 2727 hilaritatem
2582 2675 2704 2726 affe·

1638 2759 1791 2814 runt;
1827 2754 2123 2818 quindecim
2148 2755 2520 2816 securitatem3
2552 2752 2705 2803 sede-

1636 2829 1737 2877 cim
1771 2823 2004 2879 deticias.
2030 2864 2045 2879 .
2072 2863 2085 2880 .
2110 2865 2124 2880 .
2150 2831 2278 2879 Cum
2303 2837 2500 2880 stetere
2535 2842 2706 2894 aqnae.

1638 2905 1833 2968 apertis
1851 2907 2069 2955 molibus
2085 2907 2430 2957 admittuntur
2448 2921 2464 2967 ς
2488 2912 2548 2956 nt
2562 2919 2705 2969 qnoe-

1638 2996 1738 3045 qne
1758 2982 1976 3032 liberata
1991 2991 2073 3034 est
2098 2991 2260 3046 terra,
2285 2981 2511 3033 seritur!
2547 2978 2703 3032 Refe-

1637 3066 1785 3107 rente
1810 3058 2084 3108 Harduino
2120 3061 2184 3108 ad
2226 3059 2367 3109 Ptin.
2407 3071 2611 3109 xxxvt.
2653 3061 2704 3107 7.

1637 3144 1877 3185 servatur
1902 3135 2158 3186 Hadriani
2197 3136 2421 3199 Augusti
2446 3148 2705 3190 nummus,

1635 3212 1687 3260 in
1703 3212 1844 3262 Gaza
1863 3214 2203 3276 Parmensi,in
2215 3227 2316 3277 quo
2332 3213 2482 3261 Nilus
2493 3209 2706 3260 decum-

1637 3288 1764 3337 bens
1788 3290 2041 3354 pingitur,
2065 3304 2179 3338 cum
2214 3288 2467 3338 arundine
2496 3294 2552 3337 et
2590 3299 2705 3336 cor-

1635 3378 1703 3414 nu
1719 3367 1882 3430 copia·
1902 3381 1918 3426 ς
1941 3364 2078 3415 infra
2092 3367 2512 3430 hippopotamus,
2528 3363 2582 3411 iu
2602 3363 2706 3412 imo

1637 3442 1694 3490 L.
1726 3448 2026 3492 ΤΡΙΟΚΑΙΔ.
2060 3458 2191 3493 anno
2235 3456 2365 3493 xm.
2407 3444 2703 3496 Hadriani=

1634 3534 1793 3585 supra
1824 3526 1904 3571 15.
1941 3521 1974 3572 i.
1998 3536 2048 3572 e.
2093 3521 2354 3572 ‘sedecim
2389 3521 2590 3584 cubiti,'
2635 3522 2703 3572 ad

1634 3611 1761 3660 qnos
1786 3611 1851 3646 eo
1886 3612 2021 3647 anno
2050 3598 2095 3647 N
2105 3598 2201 3647 iius
2229 3604 2554 3648 excreverat.
2623 3600 2704 3650 De

1635 3672 1729 3723 tuoe
1744 3674 1910 3723 adhuc
1925 3689 2091 3738 pauca
2108 3689 2136 3723 e
2150 3676 2351 3724 Seneca
2368 3676 2708 3727 Nanctunt.

1637 3763 1714 3799 tv.
1758 3754 1807 3800 2.
1850 3751 1913 3800 ad
1947 3751 2086 3801 hunc
2124 3751 2291 3800 locum
2340 3751 2706 3804 illustrandum

1637 3836 1967 3892 repetemus:
2002 3829 2018 3857 ‘
2038 3829 2111 3878 At
2145 3828 2334 3886 Nilus‚'
2361 3830 2548 3895 inquit,
2579 3832 2596 3860 ⁸
2614 3846 2706 3884 an·

1636 3911 1688 3954 te
1709 3910 1949 3954 exortum
1986 3905 2239 3954 canicuiae
2277 3913 2488 3968 urgetur
2520 3907 2704 3958 mediis

1636 3980 1870 4044 estibus,
1911 3981 2050 4030 ultra
2088 3981 2473 4046 aequinoctium.
2541 3982 2704 4034 Hune

1636 4055 2012 4106 nobilissimum
2048 4069 2249 4105 amnem
2289 4064 2475 4106 natura
2511 4059 2706 4109 extulit

1634 4139 1756 4181 ante
1789 4131 1996 4183 hnmani
2043 4133 2248 4197 generis
2293 4133 2493 4198 oculos,
2536 4138 2590 4184 et
2626 4134 2705 4185 ita

1635 4209 1909 4271 disposuit,
1947 4216 2009 4258 ut
2040 4223 2103 4259 eo
2152 4218 2388 4272 tempore
2422 4211 2705 4265 inundaret

1638 4286 1939 4350 AEgyptum,
1962 4301 2066 4351 quo
2097 4286 2318 4338 maxime
2343 4293 2460 4337 usta
2483 4286 2705 4342 fervori·
