3060 4902
770 348 836 393 Ο.
887 345 1131 394 PtANn

319 487 732 553 pretermissum
754 496 833 536 est
856 503 1136 551 pronomen
1156 494 1202 537 te
1214 505 1232 545 ,-
1252 488 1385 553 quod

321 575 495 615 tamen
529 564 694 614 ceteri
726 565 839 612 libri
866 569 1057 619 omnes,
1081 564 1236 628 idque
1262 564 1389 613 satis

319 641 610 704 commode,
635 649 900 705 repetunt.
966 642 1158 691 Similis
1182 644 1389 690 omissio

323 724 574 766 annotata
595 725 675 764 est
703 731 878 778 supra,
897 716 960 764 ad
984 722 1160 779 9:721.
1212 718 1391 778 Immo,

322 802 624 858 propterea,
662 792 798 857 quod
836 794 888 841 in
933 794 1178 857 proximis
1221 792 1389 841 verbis

323 879 634 934 repetuntur
658 871 853 920 voculae
875 878 988 919 aare
1011 877 1074 926 te,
1099 870 1308 931 accidit,
1334 881 1391 921 ut

320 947 562 998 librarius
595 947 647 995 in
680 949 858 996 codice
883 961 998 995 meo
1021 947 1253 996 omiserit
1277 948 1390 996 haec

323 1024 604 1087 interJecta
645 1024 823 1084 verba,
860 1028 972 1072 ante
1012 1029 1058 1071 te
1097 1024 1259 1072 eadem
1297 1024 1392 1072 ista

321 1102 571 1163 dixerant,
593 1101 770 1149 nemini
794 1105 965 1149 tamea.
1035 1100 1106 1149 At
1140 1115 1303 1162 neque
1339 1101 1389 1148 in

322 1177 402 1225 bia
422 1177 593 1226 verbis
618 1184 763 1226 recte
788 1190 1019 1225 caremus
1045 1177 1300 1239 particula
1318 1184 1390 1225 ta·

323 1268 446 1312 men,
465 1267 617 1315 quam
636 1267 701 1301 ex
722 1254 1039 1314 negligentia
1061 1255 1390 1316 praetermisit

323 1328 570 1378 librarius
594 1326 786 1377 codicis
811 1327 1275 1391 Guelplterbytani.
1325 1330 1390 1377 E-

322 1407 533 1471 quidem
559 1406 776 1459 Neroni,
796 1406 889 1454 sub
911 1406 1110 1454 initium
1134 1407 1390 1469 priucipa-

326 1492 410 1532 ωε
455 1483 534 1531 sui
581 1482 832 1544 pratclara
875 1496 1091 1545 qumque
1138 1482 1392 1544 pollicito,

326 1559 510 1622 utique
547 1557 803 1606 creditum
825 1555 991 1605 fuisse
1024 1557 1249 1616 videtur,
1271 1557 1311 1605 si
1333 1555 1390 1605 fi-

324 1637 415 1686 des
455 1634 695 1685 habenda
726 1635 909 1683 Tacito
950 1633 1138 1682 Annal.
1177 1647 1305 1682 xm.
1342 1640 1391 1682 6.

324 1719 338 1741 ⁶
367 1712 521 1774 Nec,’
554 1712 745 1776 inquit,
776 1708 978 1759 ‘defuit
1011 1710 1170 1770 fides;
1209 1711 1392 1759 multa-

323 1804 425 1854 que
480 1803 547 1838 ex
595 1788 809 1838 arbitrio
860 1798 1070 1836 senatus
1115 1790 1392 1836 constituta

326 1866 483 1917 sunt)
551 1865 743 1914 Verum
766 1865 832 1914 de
856 1863 1042 1913 blanda
1063 1864 1253 1912 Tiberii
1277 1877 1392 1912 ora·

327 1947 469 1993 tione
498 1942 629 1992 dixit
653 1942 823 1991 Tacit.
850 1940 1036 1990 Annal.
1059 1956 1097 1991 1.
1120 1945 1200 1990 lt.
1230 1947 1243 1969 ‘
1267 1942 1391 1989 Plus

327 2020 378 2070 in
401 2018 638 2072 oratione
667 2018 755 2066 tali
774 2017 1228 2082 dignitatis,quam
1253 2016 1395 2080 fidei,

326 2095 477 2145 erat.'
512 2095 755 2144 Schworz.

395 2172 679 2232 Naufragio
720 2169 997 2233 mullorum]
1051 2170 1253 2220 Plinius
1301 2186 1393 2233 per

324 2248 623 2309 elegantem
662 2247 1018 2310 metaphoram
1053 2248 1220 2296 utitur
1255 2248 1392 2296 sirni-

324 2326 547 2374 litudine
590 2339 621 2371 a
656 2324 987 2386 navigatione
1031 2325 1226 2384 petita3
1271 2323 1391 2372 dum

325 2401 505 2449 dicere
547 2399 725 2454 voluit,
750 2401 910 2448 multa
939 2401 1099 2449 oculis
1128 2401 1391 2449 obversari

325 2476 570 2539 exempla
607 2477 914 2525 calamitatis
952 2491 1151 2538 eorum,
1192 2478 1276 2541 qui
1319 2480 1393 2525 in·

324 2554 531 2602 sidiosis
565 2553 827 2603 blanditiis
855 2553 1172 2616 quorundam
1205 2554 1391 2616 princi·

327 2645 451 2693 pum
489 2629 709 2692 inducti,
739 2629 962 2679 adierint
999 2631 1205 2694 quidem
1239 2633 1393 2679 liono-

328 2722 434 2764 res.
454 2722 614 2771 seque
649 2707 951 2756 immiserint
986 2708 1034 2755 in
1065 2707 1273 2769 negotia
1298 2708 1394 2755 rei·

327 2787 587 2850 publicae3
631 2800 756 2850 quoa
795 2799 917 2834 vero
958 2800 1074 2835 mox
1113 2785 1395 2835 eorundem

327 2863 623 2926 principum
659 2862 964 2924 crudelitas,
997 2864 1136 2912 velut
1174 2872 1394 2925 tempes-

327 2947 407 2987 tas
453 2945 670 3001 repente
712 2946 915 3001 exorta,
955 2941 1292 3001 oppresserit,
1336 2954 1395 2988 ac

326 3014 605 3077 dignitate,
626 3013 863 3071 fortunia,
883 3022 971 3063 aut
999 3015 1109 3077 ipsa
1133 3015 1260 3078 vita,
1278 3028 1394 3078 spo·

326 3092 490 3142 liarit.
563 3091 838 3152 Naufragio
869 3091 948 3139 liic
981 3091 1224 3140 dicuntur
1262 3091 1394 3153 peri-

326 3170 448 3218 cula
483 3176 535 3216 et
571 3167 900 3216 calamitates
936 3166 1274 3228 fortunarum,
1309 3167 1395 3214 bo-

328 3258 534 3305 norum,
568 3251 625 3292 et
664 3243 818 3305 ipsius
857 3244 1010 3304 vitaeg
1045 3257 1144 3306 qua
1182 3245 1395 3291 transla-

328 3325 472 3369 tione
509 3320 787 3382 scriptores
824 3318 1124 3383 frequenter
1159 3328 1396 3368 utuntur.

332 3398 443 3447 Cic.
482 3397 625 3445 Fam.
652 3408 688 3446 1.
709 3400 757 3444 9.
795 3395 808 3421 ‘
839 3395 1065 3457 Propter
1102 3396 1173 3442 rei
1210 3393 1397 3443 famili-

329 3476 433 3521 aris
483 3471 784 3533 naufragia!
832 3485 911 3520 ιν.
953 3476 1030 3520 13.
1076 3473 1089 3498 ⁸
1115 3472 1308 3520 Versor
1345 3473 1395 3519 in

330 3552 611 3599 amicornm
680 3546 960 3608 naufragiis
1018 3556 1073 3596 et
1148 3548 1397 3596 bonorum

330 3623 748 3690 direptionibus!
831 3624 937 3674 Pro
986 3624 1167 3673 Rabir.
1203 3638 1315 3686 cap.
1351 3626 1398 3671 9.

329 3703 345 3730 ⁶
372 3703 492 3752 Nec
533 3709 646 3750 tuas
685 3713 907 3762 unquam
944 3701 1170 3749 rationes
1210 3699 1273 3748 ad
1312 3714 1399 3747 eos

329 3775 570 3840 scopulos
592 3775 895 3837 appulisses,
919 3775 982 3823 ad
1015 3789 1144 3837 quos
1166 3775 1288 3823 Sex.
1311 3775 1398 3821 'ri-

332 3856 392 3906 tii
426 3853 671 3904 afflictam
711 3868 913 3912 navem,
940 3863 993 3902 et
1030 3856 1079 3902 in
1119 3855 1304 3919 quibus
1342 3853 1400 3902 C.

331 3931 558 3982 Deciani
594 3927 915 3989 naufragium
950 3929 1297 3991 fortunarum,
1328 3930 1398 3976 vi-

333 4006 522 4058 deres.'
580 4004 698 4053 Huc
724 4004 855 4053 adeo
880 4004 1080 4055 faciunt
1104 4015 1155 4056 et
1178 4020 1397 4069 aequen-

334 4087 403 4136 tia
430 4081 587 4133 Plinii
615 4082 791 4144 verba,
817 4084 830 4109 ‘
850 4098 976 4146 quos
996 4085 1243 4133 insidiosa
1264 4092 1395 4131 tran·

335 4162 591 4227 quillitate
615 4165 893 4222 provectos
920 4161 1224 4223 improvisus
1247 4160 1401 4208 turbo

335 4238 629 4304 perculerat
651 4237 683 4294 ς·
726 4249 842 4298 qum
885 4237 1042 4286 verba
1083 4239 1134 4287 in
1171 4235 1401 4305 pluribus

463 4316 642 4382 Detph.
664 4320 711 4365 et
744 4318 856 4368 γαν.
889 4319 1015 4368 Clas.

1184 345 1511 394 SECUNDt
1573 345 1843 393 PANEG.
1932 346 1979 392 1.

1297 4317 1480 4380 Puncg.
1517 4318 1601 4367 Vel
1614 4350 1624 4366 .

2028 329 2133 392 66.
2399 328 2527 394 881

1465 490 1690 550 antiquis
1714 489 2025 537 editionibus
2051 495 2292 552 corrupte
2324 498 2444 539 sunt
2474 507 2526 539 e-

1466 566 1694 626 vulgata.
1763 564 2143 629 Navigautibus
2164 565 2370 629 quidem
2402 568 2528 616 nibil

1465 641 1628 703 magis
1662 647 1893 702 optatur,
1915 657 2064 703 quam
2099 657 2238 691 mare
2275 647 2531 708 tranquil-

1466 717 1567 764 lum
1590 732 1603 775 ;
1630 717 1737 776 sed,
1756 720 1770 742 ⁴
1790 717 1949 775 Noli,’
1965 718 2126 781 iuquit
2145 720 2344 768 Seneca
2361 721 2529 785 Epist.

1464 796 1513 841 4.
1565 795 1576 817 ⁸
1603 793 1722 841 huic
1768 793 2122 855 tranquillitati
2168 796 2319 842 nimis
2369 796 2528 846 confi-

1465 868 1627 927 dere3
1664 877 1926 918 momento
1962 884 2103 918 mare
2145 874 2397 921 vertitur:
2442 890 2533 924 eo·

1466 944 1581 993 dem
1621 946 1722 1006 die,
1762 946 1846 995 nbi
1887 948 2119 995 luserunt
2156 950 2378 1010 navigia,
2419 966 2528 1001 sor-

1466 1019 1690 1069 bentur.’
1747 1022 1866 1070 Non
1892 1036 2070 1084 paucae
2093 1024 2370 1087 editiones,
2387 1041 2530 1076 nem·

1467 1110 1534 1158 pe
1559 1097 1855 1158 Puteolani,
1879 1098 2138 1155 Beroaldi‚
2164 1101 2531 1162 Catanaei,'Al-

1466 1172 1540 1228 di,
1576 1172 1832 1232 thenani,
1863 1174 2166 1235 Philomusi,
2190 1177 2386 1233 duum,
2410 1179 2531 1229 Ste-

1466 1248 1768 1309 pltauorum.
1794 1251 2032 1314 Livineii,
2058 1260 2107 1300 et
2137 1254 2311 1310 Navii,
2337 1270 2432 1317 pro
2454 1256 2530 1305 ἰη-

1463 1325 1657 1386 sidiosa,
1677 1325 1863 1374 babent
1882 1328 2113 1377 invidiosa
2124 1345 2143 1386 ;
2178 1345 2294 1379 cum
2318 1332 2406 1381 illa
2425 1333 2531 1382 lec-

1470 1403 1559 1463 tio,
1578 1417 1694 1466 quae
1715 1410 1768 1451 et
1791 1403 2025 1453 codicum
2053 1406 2179 1454 Mas.
2196 1409 2533 1471 auctoritate,

1466 1486 1521 1529 et
1539 1478 1782 1544 suffragio
1799 1481 2110 1544 reliquorum
2132 1482 2397 1543 librorum,
2411 1498 2531 1534 cou-

1467 1555 1724 1617 firmatur‚
1739 1559 1901 1606 multo
1917 1559 1982 1606 sit
2001 1558 2190 1620 aptior.
2222 1560 2236 1583 ‘
2255 1560 2533 1610 Insidiosa'

1468 1633 1603 1681 enim
1637 1635 1650 1659 ‘
1679 1633 2027 1697 tranquillitas
2078 1634 2266 1685 maris'
2318 1636 2529 1700 dicitur,

1469 1724 1582 1772 quae
1609 1709 1819 1758 insidias
1841 1710 2016 1773 babet,
2039 1720 2125 1760 aut
2151 1712 2349 1762 insidiis
2378 1714 2532 1778 plena

1467 1795 1565 1835 est.
1580 1786 1892 1849 Opportune
1905 1788 1968 1836 ad
1987 1788 2119 1837 bunc
2135 1789 2529 1842 locumArntze-

1466 1865 1581 1913 iiius
1604 1866 1892 1924 annotavit,
1908 1880 1936 1914 a
1957 1866 2127 1916 Plinio
2148 1867 2370 1931 Majore,
2392 1869 2533 1918 Hist.

1470 1941 1597 1990 Nat.
1633 1954 1721 1989 ιιι.
1754 1947 1801 1990 5.
1840 1942 2083 2003 Capriam
2121 1944 2333 1994 insulam
2369 1950 2382 1975 ⁴
2409 1948 2531 1995 insi·

1467 2017 1662 2066 diosam
1691 2017 1997 2080 naufragiis’
2023 2022 2214 2069 vocari.
2257 2023 2365 2071 Tali
2385 2002 2532 2084 mari,

1468 2103 1523 2143 et
1551 2094 1638 2142 tali
1661 2095 2044 2158 tranquillitati,
2064 2108 2432 2159 comparantur
2456 2101 2531 2149 in·

1468 2170 1668 2219 sidiosae
1684 2171 1947 2219 blantlitiae
1963 2173 2077 2220 mali
2091 2174 2352 2236 principis.
2383 2176 2534 2239 Nam,

1469 2249 1605 2313 quod
1631 2248 1879 2298 l’ltaedrus
1903 2263 1939 2296 ι.
1962 2251 2040 2296 19.
2062 2250 2156 2307 ait,
2191 2257 2202 2276 ⁶
2222 2249 2436 2300 Habent
2458 2253 2528 2299 in-

1471 2325 1628 2374 sidias
1666 2326 1881 2374 bominis
1923 2327 2189 2375 blanditiae
2231 2327 2387 2375 mali!
2464 2331 2533 2379 Et

1471 2402 1610 2451 Plin.
1651 2402 1820 2464 Epist.
1857 2415 1893 2448 ι.
1930 2407 1977 2450 5.
2022 2402 2037 2428 ‘
2064 2401 2247 2450 Gratia
2285 2405 2533 2455 malorum

1471 2487 1577 2528 tatn
1603 2478 1758 2527 infida
1785 2485 1883 2533 est,
1907 2493 2055 2542 quam
2082 2476 2214 2541 ipsi!
2249 2481 2400 2529 Idem.

1539 2554 1839 2618 Naufragio]
1877 2558 2050 2618 Oputn
2075 2565 2128 2603 ct
2155 2556 2294 2605 vitoe.
2333 2558 2469 2620 Lips-

1541 2630 1801 2693 lusidio-w]
1838 2632 2080 2680 Invidiosa
2102 2633 2268 2680 Livin.
2289 2633 2339 2681 in
2360 2641 2505 2682 textu
2523 2651 2537 2694 ;

1470 2710 1561 2758 sed
1596 2710 1647 2758 in
1685 2711 1936 2773 margine,
1962 2708 2191 2758 insidiosa
2227 2710 2286 2759 C.
2321 2712 2533 2774 optime.

1471 2786 1710 2835 Ritterstt.

1543 2864 1804 2927 lusidio-su]
1885 2863 2097 2911 Blandis
2162 2862 2536 2928 fallacibusque

1473 2940 1768 3002 principum
1804 2939 1973 2985 dictis.
2010 2941 2147 2999 Lips.

1473 3048 1480 3052 -
1541 3016 1775 3063 Insidiosa
1813 3014 2183 3075 tranquillitate]
2224 3014 2394 3063 Tacit.
2431 3015 2537 3064 An-

1472 3094 1570 3141 nal.
1600 3107 1636 3141 t.
1660 3096 1706 3140 2.
1732 3092 1794 3140 de
1828 3092 2026 3139 artibus
2057 3090 2279 3152 Augusti
2313 3092 2375 3138 ad
2414 3092 2537 3154 imp.

1469 3170 1484 3194 ⁴
1511 3169 1735 3215 Militem
1792 3166 1958 3220 donis,
2016 3169 2261 3229 populum
2320 3180 2538 3229 annona,

1473 3252 1690 3292 cunctos
1713 3242 1988 3291 dulcedine
2008 3244 2100 3289 otii
2126 3241 2373 3304 pellexit!
2418 3243 2541 3291 Vic-

1476 3329 1559 3369 tor
1579 3320 1643 3367 de
1668 3319 1879 3367 eodem:
1915 3322 1928 3345 ‘
1947 3318 2145 3366 lllectis
2174 3333 2263 3380 per
2286 3317 2424 3366 dona
2448 3319 2541 3367 nti·

1458 3396 1673 3455 litibus,
1703 3401 1861 3456 atque
1897 3408 2111 3442 annona·
2146 3392 2388 3442 curandae
2423 3408 2541 3457 spe-

1475 3474 1573 3525 cie,
1621 3471 1791 3533 vulgo,
1832 3479 2034 3519 ceteros
2078 3470 2212 3517 haud
2263 3467 2542 3518 difficulter

1475 3546 1717 3608 subegit.’
1753 3545 1905 3595 Adde
1925 3547 2079 3596 Grut.
2102 3547 2333 3595 Discura.
2352 3560 2544 3596 xxxii.

1474 3629 1522 3673 2.
1549 3624 1716 3673 Tacit.
1744 3624 1920 3685 Agr-ic.
1947 3638 1994 3672 c.
2018 3628 2100 3673 41.
2138 3624 2291 3673 Bera.

1546 3698 1818 3761 Provectos]
1853 3700 2078 3763 Longius
2098 3701 2149 3748 in
2173 3699 2540 3762 rempublicam

1474 3776 1789 3839 liberiusque
1810 3791 1865 3824 se
1890 3777 2242 3825 immittentes.
2279 3778 2413 3838 Lips.

1546 3853 1823 3916 provectos]
1864 3853 1976 3900 Hoc
2011 3853 2343 3915 participium
2382 3852 2540 3900 Pute-

1475 3928 1676 3989 olanus,
1724 3929 2033 3986 Beroaldus,
2090 3929 2431 3983 Philomusus,
2487 3936 2544 3976 et

1479 4006 1615 4056 sorte
1662 4007 1765 4061 alii,
1808 4020 2076 4067 perperam
2123 4007 2404 4064 omittunt3
2446 4020 2543 4056 nec

1478 4085 1604 4131 satis
1642 4084 1773 4131 bene
1815 4097 1907 4143 pro
1944 4096 2006 4129 eo
2043 4082 2387 4142 cuspinianus
2430 4096 2545 4144 pro·

1479 4159 1615 4208 didit
1661 4159 1911 4222 projectos.
1995 4158 2234 4219 Proprie,
2275 4159 2408 4212 navi,
2456 4166 2545 4209 aut

1480 4250 1615 4298 equo
1662 4239 1675 4262 ‘
1704 4232 1946 4299 provelti'
1995 4233 2225 4282 dicimur.
2310 4235 2422 4282 Cic.
2476 4235 2542 4283 «la

2301 4315 2413 4364 3K
