3060 4902
822 397 890 445 c.
941 399 1186 452 eumn
1235 403 1565 459 saeuum
1620 414 1898 467 Panno.
1973 421 2021 469 ι.
2068 405 2131 473 1.

350 527 405 580 in
448 545 733 587 numerum
767 538 1145 604 stipendiorum
1180 550 1435 601 veniunt.’

349 606 421 655 Et
457 623 599 667 mox,
636 611 923 665 ‘Precisis
954 634 1156 685 quoque
1196 626 1431 677 manibus

2445 416 2579 485 445

1507 558 1811 611 ostendunt.
1845 562 1984 626 Lips-

1576 635 1779 698 Copere]
1802 638 2065 701 Caper-etur
2077 657 2096 703 ,·
2119 642 2210 692 sed
2234 658 2402 708 capere
2430 647 2492 697 V.
2509 651 2573 703 R.

352 683 440 732 ille
476 686 532 734 in
570 689 767 750 praelio
798 692 1016 757 invenit,
1040 698 1174 761 quod
1202 702 1430 763 partibus
1504 708 1669 760 Licin.

349 758 611 821 conferat,
638 768 735 829 qui
757 776 866 819 stat
890 779 1108 831 tantum,
1125 785 1179 825 et
1200 778 1427 831 clamore

340 834 537 899 juvat-⁹
603 843 747 893 Qum
771 861 890 895 cum
916 849 992 898 ita
1015 866 1071 900 se
1088 852 1332 911 habeant,
1353 855 1427 906 fa·

347 912 450 961 cile
476 926 731 979 apparet,
752 936 906 985 qnam
944 939 1126 988 parum
1160 930 1192 978 ii
1218 931 1422 983 satisfa-

347 987 493 1039 ciant
521 1004 857 1048 sacramento
879 1014 988 1064 suo,
1007 1004 1096 1067 qui
1121 1008 1426 1058 commilito-

347 1076 443 1112 nes
465 1081 588 1116 suos
615 1073 721 1121 sub
750 1071 933 1126 iisdem
958 1078 1245 1132 militantes
1266 1086 1425 1150 signis

346 1138 493 1191 dicto
540 1143 797 1213 factoque
858 1153 1160 1216 traducunt,
1206 1175 1420 1224 quorum

343 1217 502 1269 hodie
526 1234 823 1284 proventus
847 1230 1169 1285 uberrimus:
1195 1238 1229 1285 ii
1245 1254 1421 1302 quam·

346 1293 424 1343 vis
445 1309 620 1362 neque
647 1316 680 1349 a
707 1317 792 1352 me
829 1306 1145 1372 abstineant,
1168 1311 1307 1363 haud
1344 1322 1418 1365 ta-

342 1382 464 1420 men
497 1377 733 1426 statione
767 1394 884 1429 mea
920 1384 1110 1436 abibo:
1145 1388 1236 1437 sed
1267 1397 1420 1454 petu-

341 1445 560 1501 lantiam
585 1467 773 1504 eorum
800 1458 999 1510 ulturus
1022 1463 1251 1528 silentio,
1273 1475 1420 1518 tauto

342 1532 575 1587 spartam
618 1545 793 1582 meam
832 1548 1106 1589 ornaturus
1145 1559 1258 1593 sum
1294 1561 1418 1595 eon·

339 1605 586 1663 stantius,
628 1619 827 1672 quanto
857 1614 1104 1679 ingruent
1147 1621 1418 1685 impuden-

343 1678 465 1728 tius.
496 1682 555 1731 Si
579 1698 695 1734 non
723 1687 772 1735 id
797 1704 1054 1756 exsequor
1077 1706 1290 1749 strenua
1314 1717 1416 1751 ma·

342 1767 446 1817 nug
481 1768 537 1808 at
564 1776 674 1810 non
705 1764 878 1816 deerit
913 1770 1132 1832 animus,
1167 1790 1271 1824 non
1305 1780 1416 1826 vul-

341 1837 444 1888 tus,
479 1849 586 1885 non
638 1848 817 1905 nutus,
864 1859 968 1894 non
1012 1848 1236 1914 denique
1274 1861 1415 1904 statu

343 1914 481 1960 toto:
510 1914 737 1976 quidni?
756 1919 884 1968 nihil
911 1937 1035 1971 sane
1055 1928 1296 1988 pusillum
1314 1938 1415 1996 est,

340 1998 442 2048 quo
465 1987 638 2039 literis
661 1990 722 2040 fit
745 1996 947 2045 melius.
985 1999 1249 2052 Gruterus.

411 2061 481 2110 Ue
501 2065 692 2128 reram]
725 2067 969 2120 Omnium
1003 2088 1172 2126 rerum
1203 2093 1413 2143 magna·

339 2148 449 2186 rum
490 2154 522 2188 a
561 2141 686 2190 Diis
725 2144 1107 2199 immortalibus
1152 2155 1413 2219 principia

340 2210 460 2262 duci
508 2220 869 2275 consuevisse.
914 2232 1176 2277 testantur
1213 2232 1323 2281 Cic.
1359 2233 1410 2281 in

340 2288 521 2340 Vatin.
569 2309 670 2357 pro
709 2296 884 2350 Rabir.
919 2301 970 2350 in
1004 2303 1183 2354 Divin.
1231 2309 1410 2359 Valer.

336 2366 483 2417 Max.
514 2370 569 2419 in
596 2372 819 2425 Praefat.
843 2378 995 2429 SerV.
1013 2382 1124 2431 AEn.
1147 2399 1243 2433 vu.
1272 2387 1408 2437 Plin-

336 2442 508 2508 Epist.
544 2462 680 2498 vnr.
711 2456 761 2501 4.
826 2456 1121 2519 symmach.
1146 2463 1317 2527 Epist.
1343 2481 1408 2518 lt.

336 2524 449 2571 107.
473 2527 566 2574 cui
590 2537 645 2576 et
669 2529 823 2592 hujus
851 2533 1161 2601 Panegyrici
1188 2541 1408 2608 initium,

335 2601 613 2652 exordium
636 2603 785 2655 fecit.
852 2609 969 2660 Hoc
997 2623 1171 2665 tamen
1206 2632 1305 2668 nou
1339 2636 1408 2670 ae·

335 2687 434 2737 que
468 2678 801 2732 historiarum
837 2688 1178 2750 scriptoribus
1219 2709 1407 2747 conve·

334 2752 464 2811 nire,
495 2757 862 2812 historicorum
899 2764 1057 2816 facile
1094 2771 1287 2832 primus
1324 2776 1407 2824 Li-

335 2829 448 2878 vius
471 2831 644 2885 refert
666 2837 717 2885 in
744 2838 965 2890 Praefat.
992 2843 1081 2893 lib.
1110 2859 1148 2893 ι.
1184 2848 1338 2897 Beru-

403 2906 475 2957 Ue
506 2925 605 2960 rer.
638 2916 838 2979 egeam]
875 2918 1049 2969 Rebus
1085 2923 1405 2984 quibuslibet

330 2985 556 3046 agendis
596 2988 853 3041 Romanos
891 3009 1058 3053 sacra.
1096 3014 1185 3047 seu
1224 3016 1403 3061 preca-

333 3060 558 3123 tionum,
590 3078 684 3114 seu
711 3070 1054 3132 auspiciorum
1092 3075 1401 3142 adhibuisse,

330 3147 487 3185 nemo
514 3153 616 3187 non
637 3144 798 3192 novit.
870 3146 981 3196 Liv.
1003 3148 1087 3199 lib.
1107 3165 1146 3197 ι.
1180 3151 1195 3177 ‘
1220 3150 1402 3216 Augu-

329 3213 439 3268 riis,
481 3216 879 3284 sacerdotioque
918 3238 1189 3288 augurum,
1226 3235 1401 3280 tantus

329 3289 496 3340 honos
519 3295 762 3358 accessit,
783 3305 840 3346 ut
864 3300 989 3349 nihil
1012 3301 1134 3352 belli
1159 3305 1400 3369 domique

328 3377 535 3429 postea,
553 3372 650 3420 nisi
672 3376 966 3440 auspicato,
979 3382 1287 3441 gereretur,'
1303 3386 1400 3434 διο.

333 3442 594 3495 Dicendis
617 3450 773 3500 etiam
800 3466 973 3513 parem
998 3470 1174 3505 curam
1200 3460 1398 3509 adhibi·

331 3527 439 3568 tam
465 3529 615 3573 notat
635 3525 753 3576 Vel.
777 3526 923 3580 Max.
944 3530 1088 3580 Prol.
1122 3534 1139 3561 ‘
1160 3535 1214 3582 Si
1240 3536 1398 3598 prisci

326 3604 569 3648 oratores
603 3601 670 3650 ab
708 3601 843 3653 Jove
886 3607 956 3656 Ο.
996 3608 1073 3659 Μ.
1128 3611 1260 3661 bene
1296 3613 1398 3662 orsi

324 3675 488 3731 aunt,’
516 3679 616 3726 &tt-
682 3680 912 3745 Egregie
945 3693 1221 3750 utrumque
1258 3703 1395 3739 com·

326 3752 584 3813 plectitur
606 3754 964 3808 Nazianzenus
985 3759 1205 3826 Apolog.
1246 3765 1261 3791 ‘
1283 3765 1395 3829 Op·

326 3827 510 3877 timum
539 3829 818 3896 siquidem,
839 3842 897 3883 ut
920 3836 1290 3904 cujuscunque,
1315 3843 1396 3890 vel

325 3906 602 3966 sermonis,
625 3909 707 3955 vel
731 3911 926 3972 operis,
958 3913 1287 3980 principium,
1313 3933 1395 3966 or-

324 3978 451 4027 dine
482 3981 804 4043 instituatur,
841 3995 895 4034 et
922 4002 985 4036 ex
1015 3991 1126 4039 Deo
1160 3994 1394 4054 prodeat,

320 4064 382 4104 et
404 4056 458 4104 in
484 4056 648 4107 Deum
674 4059 915 4110 desinat.'
951 4064 1168 4116 Patorol.

390 4134 595 4186 Dicendi
626 4136 849 4203 initium]
886 4140 1050 4190 Vetus
1073 4159 1179 4193 mos
1208 4146 1393 4197 Roma-

323 4206 423 4272 nis,
463 4225 495 4259 a
538 4216 849 4276 precatione
905 4219 1166 4270 orationes
1212 4224 1394 4274 ordiri.

325 4285 524 4353 Cicero,
548 4289 747 4350 Livius,
770 4302 958 4344 auctor
981 4294 1045 4346 ad
1072 4295 1393 4351 Herennium

1576 787 1781 851 Cupere]
1819 790 2002 842 Recte.
2036 794 2407 849 Rittershusius.

1575 863 1779 928 cupere]
1828 868 2001 919 Proba
2043 873 2221 930 lectio,
2261 890 2416 940 quam
2457 878 2569 942 jam

1503 953 1587 987 an.
1618 944 1762 991 1520.
1798 944 1995 996 Beatus
2016 947 2321 1013 Rhenanus,
2355 960 2411 1003 et
2447 955 2570 1005 Phi-

1499 1013 1727 1066 lomusus
1795 1021 2094 1083 prodidere,
2150 1028 2426 1093 pluresque
2482 1033 2568 1081 alii

1501 1091 1747 1158 deinceps
1788 1111 2071 1163 recepere;
2105 1109 2162 1152 et
2194 1105 2401 1156 codices
2437 1108 2568 1160 Mss.

1499 1182 1627 1230 quos
1652 1175 2002 1226 consuluimus
2025 1179 2365 1232 confirmant:
2391 1199 2568 1248 quam-

1498 1257 1654 1305 quam
1673 1247 1963 1301 Beroaldus
1989 1269 2071 1302 an.
2095 1258 2239 1305 1501.
2288 1259 2567 1311 Catanaeus

1497 1333 1582 1368 an.
1611 1326 1753 1373 1506.
1823 1327 1988 1378 Aldus
2028 1346 2111 1380 an.
2145 1338 2289 1383 1508.
2327 1345 2383 1386 et
2425 1342 2572 1390 1519.

1497 1398 1844 1461 cuspinianus
1896 1421 2030 1456 anno
2086 1413 2232 1461 1518.
2288 1413 2564 1480 Philippus

1493 1472 1659 1524 Juuta
1684 1492 1768 1527 an.
1790 1483 1933 1530 1515.
1989 1484 2245 1536 Robertus
2269 1489 2563 1554 Stephanus

1495 1562 1578 1597 an.
1606 1554 1749 1601 1529.
1797 1555 2002 1608 Sebast.
2023 1560 2290 1625 Gryphius
2313 1581 2394 1616 an.
2420 1573 2564 1618 1531.

1496 1624 1761 1678 Livineius
1787 1646 1868 1680 an.
1889 1638 2033 1684 1590.
2058 1645 2113 1686 et
2137 1636 2272 1689 forte
2297 1643 2447 1704 pauci
2473 1645 2562 1697 alii

1492 1700 1756 1753 ediderint
1788 1716 2050 1771 caperetur.
2115 1714 2186 1764 Hi
2225 1718 2360 1765 enim
2393 1723 2561 1770 secuti

1493 1774 1735 1827 videntur
1787 1784 1941 1832 rudes
1999 1788 2246 1850 quosdam
2302 1793 2559 1860 librarios,

1493 1854 1579 1915 qui
1605 1857 1910 1916 particulam
1936 1865 2335 1916 antecedentem
2370 1876 2423 1918 ut
2455 1885 2557 1920 nou

1490 1942 1585 1990 pro
1607 1936 1981 1995 comparativa,
2002 1939 2095 1988 sed
2117 1943 2338 1992 caussali
2362 1944 2554 1996 habue-

1490 2018 1563 2052 re.
1629 2008 1710 2057 Ac
1736 2010 1861 2059 licet
1885 2013 2146 2065 Henricus
2168 2018 2486 2085 Stephanus,
2503 2024 2555 2074 in

1487 2084 1720 2145 margine
1754 2087 1999 2138 editionis
2029 2106 2155 2149 suae,
2176 2108 2258 2143 an.
2286 2100 2432 2145 1591.
2464 2113 2555 2147 ex·

1485 2156 1713 2209 hibuerit
1760 2163 1892 2214 hanc
1937 2168 2112 2228 paullo
2156 2173 2551 2225 commodiorem

1486 2237 1784 2303 lectionem,
1840 2248 1913 2306 ut,
1957 2250 2340 2308 quemadmodum
2393 2267 2554 2303 rerum

1484 2317 1794 2374 agendorum,
1821 2320 1895 2368 ito
1921 2322 2108 2373 dicendi
2141 2326 2354 2388 initium,
2384 2345 2414 2377 a
2443 2344 2550 2393 pre·

1484 2390 1750 2439 cutiouibus
1783 2403 2062 2458 «τψρταευς
2111 2413 2224 2448 eam
2271 2404 2434 2465 ipsam
2475 2415 2552 2455 ta-

1483 2484 1606 2519 men
1632 2473 1802 2534 potius
1823 2489 1887 2522 ex
1913 2475 2120 2539 ingenio
2149 2479 2315 2529 Henr.
2336 2484 2552 2547 Stepha-

1485 2545 1558 2606 ni,
1597 2562 1750 2609 quam
1790 2564 1854 2599 ex
1896 2560 2100 2603 vetusto
2137 2556 2310 2620 aliquo
2346 2560 2549 2624 codice,

1485 2623 1773 2686 profectam
1809 2637 2067 2691 putamus.
2102 2632 2418 2684 Schworzius.

1553 2702 1831 2766 Nihili-ite]
1868 2707 2047 2757 Bene:
2086 2717 2346 2761 utcontra
2369 2726 2548 2764 aucto-

1481 2774 1691 2826 ritatem
1719 2780 1955 2830 codicum
1979 2783 2108 2831 Mss.
2143 2787 2457 2853 aliorumque
2486 2791 2547 2839 li·

1482 2850 1688 2902 brorum
1735 2870 2064 2923 excusorum,
2110 2863 2344 2912 ,lacobus
2389 2866 2454 2914 de
2499 2869 2546 2917 la

1480 2928 1663 2979 Baune
1710 2946 1791 2980 an.
1838 2938 1983 2983 1676.
2030 2937 2197 2987 edidit
2237 2940 2359 2989 nihil
2395 2949 2539 2994 recte.

1480 3003 1752 3069 Ceterum,
1777 3017 2002 3059 veterem
2037 3028 2228 3062 morem
2253 3017 2543 3070 orationum

1477 3094 1510 3129 a
1553 3085 1937 3144 precationibus
1979 3088 2341 3141 ordiendarum
2386 3096 2543 3146 etiam

1474 3156 1706 3221 servius,
1734 3161 2050 3211 scholiastes
2080 3166 2420 3232 virgilianus,
2451 3172 2541 3220 de·

1474 3236 1643 3284 clarat
1666 3238 1727 3285 ad
1753 3239 1867 3287 AEu.
1894 3253 1974 3288 xl.
1997 3245 2110 3290 301.
2139 3244 2224 3292 ubi
2259 3245 2369 3294 Rex
2404 3247 2541 3298 Lati-

1473 3324 1589 3367 nus,
1612 3313 1628 3339 ⁴
1649 3313 1913 3363 Praefatus
1935 3316 2121 3378 Divos,
2152 3320 2285 3368 solio
2321 3322 2395 3370 sic
2425 3323 2540 3373 infit

1475 3385 1542 3433 ab
1576 3386 1719 3434 alto!
1786 3389 1872 3437 Ibi
1903 3392 2147 3441 Servius:
2185 3394 2199 3419 ‘
2225 3394 2375 3444 More
2410 3401 2540 3446 anti·

1474 3460 1616 3523 quo,'
1653 3462 1857 3526 inquit;
1891 3467 1905 3491 ‘
1935 3480 2049 3514 uam
2090 3469 2306 3530 maJores
2348 3471 2536 3522 nullam

1472 3539 1783 3595 orationem,
1813 3541 1909 3588 nisi
1943 3541 2198 3592 invocatis
2229 3549 2539 3612 numinibus,

1471 3612 1810 3665 inchoabant:
1844 3618 1981 3667 sicut
2004 3627 2124 3667 sunt
2148 3635 2324 3671 omnes
2348 3628 2536 3675 oratio-

1471 3703 1564 3738 nes
1604 3691 1814 3741 Catonis
1850 3701 1904 3742 et
1937 3694 2197 3756 Gracchi5
2231 3712 2347 3748 uam
2378 3716 2535 3762 gene·

1471 3767 1581 3813 rale
1604 3777 1763 3831 caput
1788 3770 1838 3817 iu
1865 3771 2099 3820 omnibus
2127 3773 2357 3835 legimus.
2427 3778 2535 3826 Un-

1471 3841 1537 3890 de
1554 3841 1742 3893 Cicero
1766 3859 1857 3906 per
1878 3845 2169 3894 irrisionem
2192 3850 2285 3909 ait,
2307 3853 2323 3879 ⁴
2344 3852 2396 3900 Si
2421 3855 2533 3917 quis

1471 3932 1534 3965 ex
1563 3927 1738 3968 vetere
1762 3923 1933 3985 aliqua
1957 3925 2209 3980 oratione,
2226 3923 2410 3975 ,Iovem
2434 3943 2532 3992 ego

1468 3996 1719 4058 optimum
1751 4000 2065 4049 maximum!
2134 4001 2201 4050 Et
2228 4004 2531 4053 Demosthe-

1469 4086 1563 4119 nes
1610 4073 1660 4121 iu
1706 4076 1940 4124 oratione
1985 4086 2174 4125 contra
2215 4077 2529 4144 AEschiuenn,

1469 4151 1665 4210 Πρῶτον
1684 4148 1790 4212 μὲν,
1803 4150 1838 4199 ὦ
1856 4151 2016 4216 ἄνδρες
2031 4155 2279 4216 Ἀθηναῖοι,
2291 4159 2392 4204 τοῖς
2409 4160 2528 4210 θεοῖς

1469 4226 1670 4286 εὔχομαι
1693 4230 1828 4292 πᾶσι,
1851 4228 1929 4277 καὶ
1951 4227 2158 4278 πάσαις)
2207 4231 2328 4282 vid.
2355 4233 2529 4284 Chris-

1468 4305 1611 4369 toph.
1632 4305 1791 4358 Behr.
1817 4306 1882 4357 ad
1906 4308 1956 4356 b.
1980 4307 2015 4356 1.
2052 4307 2203 4356 Idem.
