<?xml version="1.0" encoding="UTF-8"?>
<!DOCTYPE html PUBLIC "-//W3C//DTD XHTML 1.0 Transitional//EN"
    "http://www.w3.org/TR/xhtml1/DTD/xhtml1-transitional.dtd">
<html xmlns="http://www.w3.org/1999/xhtml" xml:lang="en" lang="en">
 <head>
  <title>
</title>
<meta http-equiv="Content-Type" content="text/html;charset=utf-8" />
  <meta name='ocr-system' content='tesseract 3.04.00' />
  <meta name='ocr-capabilities' content='ocr_page ocr_carea ocr_par ocr_line ocrx_word'/>
</head>
<body>
  <div class='ocr_page' id='page_1' title='image "./panegyriciveter02unkngoog_0354.png"; bbox 0 0 3060 4902; ppageno 0'>
   <div class='ocr_carea' id='block_1_1' title="bbox 559 399 691 465">
    <p class='ocr_par' dir='ltr' id='par_1_1' title="bbox 559 399 691 465">
     <span class='ocr_line' id='line_1_1' title="bbox 559 399 691 465; baseline 0 0"><span class='ocrx_word' id='word_1_1' title='bbox 559 399 691 465; x_wconf 83' lang='grc'><strong>806</strong></span> 
     </span>
    </p>
   </div>
   <div class='ocr_carea' id='block_1_2' title="bbox 555 560 1640 4380">
    <p class='ocr_par' dir='ltr' id='par_1_2' title="bbox 555 560 1640 4380">
     <span class='ocr_line' id='line_1_2' title="bbox 562 560 1623 628; baseline -0.001 -17"><span class='ocrx_word' id='word_1_2' title='bbox 562 563 694 628; x_wconf 90' lang='lat' dir='ltr'><strong>perii</strong></span> <span class='ocrx_word' id='word_1_3' title='bbox 728 561 988 625; x_wconf 82' lang='lat' dir='ltr'><strong>fastigium</strong></span> <span class='ocrx_word' id='word_1_4' title='bbox 1025 566 1145 626; x_wconf 90' lang='lat' dir='ltr'><strong>post</strong></span> <span class='ocrx_word' id='word_1_5' title='bbox 1179 568 1400 612; x_wconf 86' lang='lat' dir='ltr'><strong>mortem</strong></span> <span class='ocrx_word' id='word_1_6' title='bbox 1429 560 1623 610; x_wconf 77' lang='lat' dir='ltr'><strong>Nervoe</strong></span> 
     </span>
     <span class='ocr_line' id='line_1_3' title="bbox 563 638 1626 704; baseline -0.001 -16"><span class='ocrx_word' id='word_1_7' title='bbox 563 638 803 703; x_wconf 88' lang='lat' dir='ltr'><strong>adeptus,</strong></span> <span class='ocrx_word' id='word_1_8' title='bbox 829 647 1088 703; x_wconf 80' lang='lat' dir='ltr'><strong>praeterea</strong></span> <span class='ocrx_word' id='word_1_9' title='bbox 1111 640 1223 704; x_wconf 87' lang='lat' dir='ltr'><strong>jam</strong></span> <span class='ocrx_word' id='word_1_10' title='bbox 1250 640 1326 688; x_wconf 90' lang='lat' dir='ltr'><strong>bis</strong></span> <span class='ocrx_word' id='word_1_11' title='bbox 1350 640 1626 688; x_wconf 88' lang='lat' dir='ltr'><strong>consulatu</strong></span> 
     </span>
     <span class='ocr_line' id='line_1_4' title="bbox 561 714 1625 765; baseline 0 -2"><span class='ocrx_word' id='word_1_12' title='bbox 561 714 854 765; x_wconf 84' lang='lat' dir='ltr'><strong>defunctus.</strong></span> <span class='ocrx_word' id='word_1_13' title='bbox 926 715 1173 765; x_wconf 86' lang='lat' dir='ltr'><strong>Notanda</strong></span> <span class='ocrx_word' id='word_1_14' title='bbox 1208 721 1381 764; x_wconf 84' lang='lat' dir='ltr'><strong>autern</strong></span> <span class='ocrx_word' id='word_1_15' title='bbox 1418 723 1498 764; x_wconf 89' lang='lat' dir='ltr'><strong>est</strong></span> <span class='ocrx_word' id='word_1_16' title='bbox 1521 714 1625 763; x_wconf 90' lang='lat' dir='ltr'><strong>sin·</strong></span> 
     </span>
     <span class='ocr_line' id='line_1_5' title="bbox 563 791 1626 856; baseline 0.002 -19"><span class='ocrx_word' id='word_1_17' title='bbox 563 792 777 856; x_wconf 82' lang='lat' dir='ltr'><strong>gularis,</strong></span> <span class='ocrx_word' id='word_1_18' title='bbox 816 798 869 841; x_wconf 84' lang='lat' dir='ltr'><strong>at</strong></span> <span class='ocrx_word' id='word_1_19' title='bbox 906 791 1146 840; x_wconf 85' lang='lat' dir='ltr'><strong>Pliniano</strong></span> <span class='ocrx_word' id='word_1_20' title='bbox 1182 806 1293 840; x_wconf 77' lang='lat' dir='ltr'><strong>aevo</strong></span> <span class='ocrx_word' id='word_1_21' title='bbox 1317 791 1626 853; x_wconf 87' lang='lat' dir='ltr'><strong>usitata,lo·</strong></span> 
     </span>
     <span class='ocr_line' id='line_1_6' title="bbox 561 866 1627 931; baseline 0.001 -16"><span class='ocrx_word' id='word_1_22' title='bbox 561 868 753 931; x_wconf 85' lang='lat' dir='ltr'><strong>quendi</strong></span> <span class='ocrx_word' id='word_1_23' title='bbox 795 866 1035 923; x_wconf 85' lang='lat' dir='ltr'><strong>formula,</strong></span> <span class='ocrx_word' id='word_1_24' title='bbox 1072 867 1359 916; x_wconf 79' lang='lat' dir='ltr'><strong>‘excusare</strong></span> <span class='ocrx_word' id='word_1_25' title='bbox 1398 866 1493 927; x_wconf 84' lang='lat' dir='ltr'><strong>se,’</strong></span> <span class='ocrx_word' id='word_1_26' title='bbox 1536 875 1627 916; x_wconf 87' lang='lat' dir='ltr'><strong>aut</strong></span> 
     </span>
     <span class='ocr_line' id='line_1_7' title="bbox 562 942 1627 994; baseline -0.001 -1"><span class='ocrx_word' id='word_1_27' title='bbox 562 947 577 972; x_wconf 93' lang='lat'>‘</span> <span class='ocrx_word' id='word_1_28' title='bbox 596 944 834 994; x_wconf 79' lang='lat' dir='ltr'><strong>excusari</strong></span> <span class='ocrx_word' id='word_1_29' title='bbox 855 942 1179 993; x_wconf 63' lang='lat' dir='ltr'><strong>honoribus!</strong></span> <span class='ocrx_word' id='word_1_30' title='bbox 1245 943 1410 993; x_wconf 81' lang='lat' dir='ltr'><strong>Simili</strong></span> <span class='ocrx_word' id='word_1_31' title='bbox 1436 943 1627 993; x_wconf 86' lang='lat' dir='ltr'><strong>formu-</strong></span> 
     </span>
     <span class='ocr_line' id='line_1_8' title="bbox 563 1020 1626 1071; baseline 0.001 -2"><span class='ocrx_word' id='word_1_32' title='bbox 563 1020 611 1069; x_wconf 86' lang='lat' dir='ltr'><strong>la</strong></span> <span class='ocrx_word' id='word_1_33' title='bbox 649 1036 767 1069; x_wconf 89' lang='lat' dir='ltr'><strong>usus</strong></span> <span class='ocrx_word' id='word_1_34' title='bbox 803 1028 883 1070; x_wconf 89' lang='lat' dir='ltr'><strong>est</strong></span> <span class='ocrx_word' id='word_1_35' title='bbox 921 1022 1091 1071; x_wconf 80' lang='lat' dir='ltr'><strong>Tacit.</strong></span> <span class='ocrx_word' id='word_1_36' title='bbox 1128 1022 1314 1071; x_wconf 79' lang='lat' dir='ltr'><strong>Annal.</strong></span> <span class='ocrx_word' id='word_1_37' title='bbox 1347 1034 1385 1070; x_wconf 81' lang='lat' dir='ltr'><strong>r.</strong></span> <span class='ocrx_word' id='word_1_38' title='bbox 1423 1026 1499 1070; x_wconf 82' lang='lat'><strong>12.</strong></span> <span class='ocrx_word' id='word_1_39' title='bbox 1539 1021 1626 1070; x_wconf 91' lang='lat' dir='ltr'><strong>ubi</strong></span> 
     </span>
     <span class='ocr_line' id='line_1_9' title="bbox 563 1098 1628 1162; baseline 0.001 -17"><span class='ocrx_word' id='word_1_40' title='bbox 563 1098 630 1145; x_wconf 89' lang='lat' dir='ltr'><strong>de</strong></span> <span class='ocrx_word' id='word_1_41' title='bbox 652 1098 861 1146; x_wconf 88' lang='lat' dir='ltr'><strong>Tiberio</strong></span> <span class='ocrx_word' id='word_1_42' title='bbox 897 1098 1142 1162; x_wconf 88' lang='lat' dir='ltr'><strong>loquitur,</strong></span> <span class='ocrx_word' id='word_1_43' title='bbox 1166 1098 1252 1161; x_wconf 86' lang='lat' dir='ltr'><strong>qui</strong></span> <span class='ocrx_word' id='word_1_44' title='bbox 1289 1098 1443 1146; x_wconf 87' lang='lat' dir='ltr'><strong>etiam</strong></span> <span class='ocrx_word' id='word_1_45' title='bbox 1467 1098 1628 1147; x_wconf 83' lang='lat' dir='ltr'><strong>hono-</strong></span> 
     </span>
     <span class='ocr_line' id='line_1_10' title="bbox 565 1176 1626 1239; baseline -0.001 -15"><span class='ocrx_word' id='word_1_46' title='bbox 565 1176 707 1224; x_wconf 90' lang='lat' dir='ltr'><strong>ribus</strong></span> <span class='ocrx_word' id='word_1_47' title='bbox 743 1176 948 1239; x_wconf 87' lang='lat' dir='ltr'><strong>imperii</strong></span> <span class='ocrx_word' id='word_1_48' title='bbox 986 1176 1219 1223; x_wconf 82' lang='lat' dir='ltr'><strong>excusari</strong></span> <span class='ocrx_word' id='word_1_49' title='bbox 1252 1176 1445 1225; x_wconf 84' lang='lat' dir='ltr'><strong>voluit:</strong></span> <span class='ocrx_word' id='word_1_50' title='bbox 1483 1183 1496 1204; x_wconf 73' lang='lat'><em>⁸</em></span> <span class='ocrx_word' id='word_1_51' title='bbox 1521 1177 1626 1225; x_wconf 87' lang='lat' dir='ltr'><strong>Ne·</strong></span> 
     </span>
     <span class='ocr_line' id='line_1_11' title="bbox 562 1252 1627 1317; baseline 0.004 -18"><span class='ocrx_word' id='word_1_52' title='bbox 562 1268 817 1317; x_wconf 82' lang='lat' dir='ltr'><strong>qusquam</strong></span> <span class='ocrx_word' id='word_1_53' title='bbox 842 1252 1082 1301; x_wconf 76' lang='lat' dir='ltr'><strong>decorum</strong></span> <span class='ocrx_word' id='word_1_54' title='bbox 1110 1253 1294 1316; x_wconf 88' lang='lat' dir='ltr'><strong>pudori</strong></span> <span class='ocrx_word' id='word_1_55' title='bbox 1319 1268 1430 1315; x_wconf 89' lang='lat' dir='ltr'><strong>suo,</strong></span> <span class='ocrx_word' id='word_1_56' title='bbox 1450 1254 1627 1316; x_wconf 86' lang='lat' dir='ltr'><strong>legere</strong></span> 
     </span>
     <span class='ocr_line' id='line_1_12' title="bbox 563 1329 1627 1392; baseline 0.001 -14"><span class='ocrx_word' id='word_1_57' title='bbox 563 1329 773 1392; x_wconf 84' lang='lat' dir='ltr'><strong>aliquid,</strong></span> <span class='ocrx_word' id='word_1_58' title='bbox 820 1336 910 1378; x_wconf 87' lang='lat' dir='ltr'><strong>aut</strong></span> <span class='ocrx_word' id='word_1_59' title='bbox 954 1329 1172 1390; x_wconf 87' lang='lat' dir='ltr'><strong>evitare,</strong></span> <span class='ocrx_word' id='word_1_60' title='bbox 1217 1344 1281 1378; x_wconf 87' lang='lat' dir='ltr'><strong>ex</strong></span> <span class='ocrx_word' id='word_1_61' title='bbox 1322 1344 1405 1390; x_wconf 91' lang='lat' dir='ltr'><strong>eo,</strong></span> <span class='ocrx_word' id='word_1_62' title='bbox 1449 1332 1532 1380; x_wconf 90' lang='lat' dir='ltr'><strong>cui</strong></span> <span class='ocrx_word' id='word_1_63' title='bbox 1576 1331 1627 1379; x_wconf 89' lang='lat' dir='ltr'><strong>in</strong></span> 
     </span>
     <span class='ocr_line' id='line_1_13' title="bbox 562 1405 1628 1462; baseline 0.002 -9"><span class='ocrx_word' id='word_1_64' title='bbox 562 1405 854 1453; x_wconf 84' lang='lat' dir='ltr'><strong>universum</strong></span> <span class='ocrx_word' id='word_1_65' title='bbox 891 1407 1129 1455; x_wconf 82' lang='lat' dir='ltr'><strong>excusari</strong></span> <span class='ocrx_word' id='word_1_66' title='bbox 1167 1405 1383 1462; x_wconf 65' lang='lat' dir='ltr'><strong>mallet:</strong></span> <span class='ocrx_word' id='word_1_67' title='bbox 1407 1407 1443 1456; x_wconf 92' lang='lat' dir='ltr'><strong>i.</strong></span> <span class='ocrx_word' id='word_1_68' title='bbox 1468 1421 1514 1457; x_wconf 86' lang='lat' dir='ltr'><strong>e.</strong></span> <span class='ocrx_word' id='word_1_69' title='bbox 1541 1421 1628 1455; x_wconf 91' lang='lat' dir='ltr'><strong>cu·</strong></span> 
     </span>
     <span class='ocr_line' id='line_1_14' title="bbox 555 1482 1627 1545; baseline 0.003 -16"><span class='ocrx_word' id='word_1_70' title='bbox 555 1482 643 1545; x_wconf 88' lang='lat' dir='ltr'><strong>jus</strong></span> <span class='ocrx_word' id='word_1_71' title='bbox 677 1482 803 1532; x_wconf 87' lang='lat' dir='ltr'><strong>nibil</strong></span> <span class='ocrx_word' id='word_1_72' title='bbox 835 1483 884 1530; x_wconf 93' lang='lat' dir='ltr'><strong>in</strong></span> <span class='ocrx_word' id='word_1_73' title='bbox 919 1497 975 1531; x_wconf 91' lang='lat' dir='ltr'><strong>se</strong></span> <span class='ocrx_word' id='word_1_74' title='bbox 1010 1484 1276 1545; x_wconf 77' lang='lat' dir='ltr'>suscipere</span> <span class='ocrx_word' id='word_1_75' title='bbox 1304 1484 1477 1532; x_wconf 80' lang='lat' dir='ltr'><strong>vellet.</strong></span> <span class='ocrx_word' id='word_1_76' title='bbox 1542 1484 1627 1532; x_wconf 87' lang='lat' dir='ltr'><strong>Li-</strong></span> 
     </span>
     <span class='ocr_line' id='line_1_15' title="bbox 564 1558 1628 1611; baseline 0.004 -5"><span class='ocrx_word' id='word_1_77' title='bbox 564 1558 694 1607; x_wconf 89' lang='lat' dir='ltr'><strong>bens</strong></span> <span class='ocrx_word' id='word_1_78' title='bbox 730 1559 828 1607; x_wconf 88' lang='lat' dir='ltr'><strong>buc</strong></span> <span class='ocrx_word' id='word_1_79' title='bbox 858 1559 1014 1609; x_wconf 86' lang='lat' dir='ltr'><strong>etiam</strong></span> <span class='ocrx_word' id='word_1_80' title='bbox 1047 1558 1213 1610; x_wconf 83' lang='lat' dir='ltr'><strong>refero</strong></span> <span class='ocrx_word' id='word_1_81' title='bbox 1249 1561 1413 1611; x_wconf 90' lang='lat' dir='ltr'><strong>locum</strong></span> <span class='ocrx_word' id='word_1_82' title='bbox 1449 1568 1628 1610; x_wconf 89' lang='lat' dir='ltr'><strong>aucto·</strong></span> 
     </span>
     <span class='ocr_line' id='line_1_16' title="bbox 566 1635 1626 1699; baseline 0.003 -16"><span class='ocrx_word' id='word_1_83' title='bbox 566 1636 636 1683; x_wconf 90' lang='lat' dir='ltr'><strong>ris</strong></span> <span class='ocrx_word' id='word_1_84' title='bbox 662 1635 869 1698; x_wconf 89' lang='lat' dir='ltr'><strong>Dialogi</strong></span> <span class='ocrx_word' id='word_1_85' title='bbox 893 1636 958 1685; x_wconf 87' lang='lat' dir='ltr'><strong>de</strong></span> <span class='ocrx_word' id='word_1_86' title='bbox 984 1638 1187 1686; x_wconf 84' lang='lat' dir='ltr'><strong>Caussis</strong></span> <span class='ocrx_word' id='word_1_87' title='bbox 1211 1638 1483 1699; x_wconf 59' lang='lat' dir='ltr'><strong>Corruptus¹</strong></span> <span class='ocrx_word' id='word_1_88' title='bbox 1511 1637 1626 1686; x_wconf 88' lang='lat' dir='ltr'><strong>Elo-</strong></span> 
     </span>
     <span class='ocr_line' id='line_1_17' title="bbox 568 1713 1629 1773; baseline 0.004 -15"><span class='ocrx_word' id='word_1_89' title='bbox 568 1713 816 1773; x_wconf 71' lang='lat' dir='ltr'><strong>quentia»,</strong></span> <span class='ocrx_word' id='word_1_90' title='bbox 843 1726 894 1760; x_wconf 87' lang='lat' dir='ltr'><strong>v.</strong></span> <span class='ocrx_word' id='word_1_91' title='bbox 916 1716 961 1760; x_wconf 83' lang='lat' dir='ltr'><strong>l.</strong></span> <span class='ocrx_word' id='word_1_92' title='bbox 985 1728 1013 1760; x_wconf 86' lang='lat' dir='ltr'><strong>a</strong></span> <span class='ocrx_word' id='word_1_93' title='bbox 1037 1714 1289 1762; x_wconf 76' lang='lat' dir='ltr'><strong>celeberr.</strong></span> <span class='ocrx_word' id='word_1_94' title='bbox 1316 1713 1629 1763; x_wconf 78' lang='lat' dir='ltr'><strong>Heumauno</strong></span> 
     </span>
     <span class='ocr_line' id='line_1_18' title="bbox 562 1784 1629 1852; baseline 0.005 -19"><span class='ocrx_word' id='word_1_95' title='bbox 562 1784 788 1835; x_wconf 77' lang='lat' dir='ltr'><strong>feliciter</strong></span> <span class='ocrx_word' id='word_1_96' title='bbox 811 1790 1139 1838; x_wconf 85' lang='lat' dir='ltr'><strong>emendatum</strong></span> <span class='ocrx_word' id='word_1_97' title='bbox 1164 1805 1175 1834; x_wconf 86' lang='lat'>:</span> <span class='ocrx_word' id='word_1_98' title='bbox 1216 1796 1229 1817; x_wconf 81' lang='lat'>‘</span> <span class='ocrx_word' id='word_1_99' title='bbox 1247 1790 1474 1849; x_wconf 77' lang='lat' dir='ltr'><strong>Faciam,</strong></span> <span class='ocrx_word' id='word_1_100' title='bbox 1491 1788 1629 1852; x_wconf 88' lang='lat' dir='ltr'><strong>quod</strong></span> 
     </span>
     <span class='ocr_line' id='line_1_19' title="bbox 565 1864 1630 1928; baseline 0.004 -18"><span class='ocrx_word' id='word_1_101' title='bbox 565 1864 715 1927; x_wconf 87' lang='lat' dir='ltr'><strong>probi</strong></span> <span class='ocrx_word' id='word_1_102' title='bbox 751 1874 804 1912; x_wconf 88' lang='lat' dir='ltr'><strong>et</strong></span> <span class='ocrx_word' id='word_1_103' title='bbox 850 1865 1071 1914; x_wconf 79' lang='lat' dir='ltr'><strong>modesti</strong></span> <span class='ocrx_word' id='word_1_104' title='bbox 1104 1865 1308 1928; x_wconf 88' lang='lat' dir='ltr'><strong>judices</strong></span> <span class='ocrx_word' id='word_1_105' title='bbox 1349 1867 1539 1924; x_wconf 89' lang='lat' dir='ltr'><strong>solent,</strong></span> <span class='ocrx_word' id='word_1_106' title='bbox 1571 1872 1630 1914; x_wconf 90' lang='lat' dir='ltr'><strong>ut</strong></span> 
     </span>
     <span class='ocr_line' id='line_1_20' title="bbox 564 1940 1630 2006; baseline 0.002 -18"><span class='ocrx_word' id='word_1_107' title='bbox 564 1940 641 1988; x_wconf 78' lang='lat' dir='ltr'><strong>liis</strong></span> <span class='ocrx_word' id='word_1_108' title='bbox 666 1942 1045 2003; x_wconf 71' lang='lat' dir='ltr'><strong>cognitionibus</strong></span> <span class='ocrx_word' id='word_1_109' title='bbox 1069 1956 1123 1991; x_wconf 90' lang='lat' dir='ltr'><strong>se</strong></span> <span class='ocrx_word' id='word_1_110' title='bbox 1150 1952 1416 2000; x_wconf 72' lang='lat' dir='ltr'>excusent,</span> <span class='ocrx_word' id='word_1_111' title='bbox 1445 1944 1495 1990; x_wconf 91' lang='lat' dir='ltr'><strong>in</strong></span> <span class='ocrx_word' id='word_1_112' title='bbox 1519 1943 1630 2006; x_wconf 84' lang='lat' dir='ltr'><strong>qui·</strong></span> 
     </span>
     <span class='ocr_line' id='line_1_21' title="bbox 564 2016 1630 2082; baseline 0 -15"><span class='ocrx_word' id='word_1_113' title='bbox 564 2019 659 2067; x_wconf 86' lang='lat' dir='ltr'><strong>bus</strong></span> <span class='ocrx_word' id='word_1_114' title='bbox 680 2016 1011 2066; x_wconf 79' lang='lat' dir='ltr'><strong>manifestum</strong></span> <span class='ocrx_word' id='word_1_115' title='bbox 1031 2026 1128 2075; x_wconf 91' lang='lat' dir='ltr'><strong>est,</strong></span> <span class='ocrx_word' id='word_1_116' title='bbox 1145 2020 1364 2067; x_wconf 78' lang='lat' dir='ltr'><strong>aiteram</strong></span> <span class='ocrx_word' id='word_1_117' title='bbox 1385 2018 1521 2082; x_wconf 82' lang='lat' dir='ltr'><strong>apud</strong></span> <span class='ocrx_word' id='word_1_118' title='bbox 1544 2034 1630 2068; x_wconf 90' lang='lat' dir='ltr'><strong>eos</strong></span> 
     </span>
     <span class='ocr_line' id='line_1_22' title="bbox 567 2094 1632 2158; baseline 0.001 -15"><span class='ocrx_word' id='word_1_119' title='bbox 567 2102 769 2158; x_wconf 87' lang='lat' dir='ltr'><strong>partem</strong></span> <span class='ocrx_word' id='word_1_120' title='bbox 795 2094 963 2157; x_wconf 87' lang='lat' dir='ltr'><strong>gratia</strong></span> <span class='ocrx_word' id='word_1_121' title='bbox 988 2095 1307 2157; x_wconf 79' lang='lat' dir='ltr'><strong>praevalere.&#39;</strong></span> <span class='ocrx_word' id='word_1_122' title='bbox 1356 2096 1632 2155; x_wconf 81' lang='lat' dir='ltr'><strong>Nimirum,</strong></span> 
     </span>
     <span class='ocr_line' id='line_1_23' title="bbox 565 2173 1631 2236; baseline 0 -14"><span class='ocrx_word' id='word_1_123' title='bbox 565 2173 581 2199; x_wconf 76' lang='lat'>⁸</span> <span class='ocrx_word' id='word_1_124' title='bbox 608 2187 860 2222; x_wconf 84' lang='lat' dir='ltr'><strong>excusare</strong></span> <span class='ocrx_word' id='word_1_125' title='bbox 906 2188 961 2221; x_wconf 89' lang='lat' dir='ltr'><strong>se</strong></span> <span class='ocrx_word' id='word_1_126' title='bbox 1006 2173 1323 2236; x_wconf 85' lang='lat' dir='ltr'><strong>cognitioni’</strong></span> <span class='ocrx_word' id='word_1_127' title='bbox 1367 2174 1631 2230; x_wconf 86' lang='lat' dir='ltr'><strong>dicuutur,</strong></span> 
     </span>
     <span class='ocr_line' id='line_1_24' title="bbox 566 2249 1630 2314; baseline 0.002 -15"><span class='ocrx_word' id='word_1_128' title='bbox 566 2250 754 2314; x_wconf 86' lang='lat' dir='ltr'><strong>inquit,</strong></span> <span class='ocrx_word' id='word_1_129' title='bbox 793 2250 879 2313; x_wconf 90' lang='lat' dir='ltr'><strong>qui</strong></span> <span class='ocrx_word' id='word_1_130' title='bbox 916 2250 1145 2298; x_wconf 87' lang='lat' dir='ltr'><strong>delatum</strong></span> <span class='ocrx_word' id='word_1_131' title='bbox 1185 2249 1250 2299; x_wconf 87' lang='lat' dir='ltr'><strong>ad</strong></span> <span class='ocrx_word' id='word_1_132' title='bbox 1289 2265 1345 2298; x_wconf 87' lang='lat' dir='ltr'><strong>se</strong></span> <span class='ocrx_word' id='word_1_133' title='bbox 1376 2251 1630 2314; x_wconf 85' lang='lat' dir='ltr'><strong>judicium</strong></span> 
     </span>
     <span class='ocr_line' id='line_1_25' title="bbox 566 2327 1630 2392; baseline 0.002 -16"><span class='ocrx_word' id='word_1_134' title='bbox 566 2327 832 2390; x_wconf 73' lang='lat' dir='ltr'>suscipere</span> <span class='ocrx_word' id='word_1_135' title='bbox 857 2328 1058 2389; x_wconf 91' lang='lat' dir='ltr'><strong>nolunt,</strong></span> <span class='ocrx_word' id='word_1_136' title='bbox 1082 2342 1412 2392; x_wconf 73' lang='lat' dir='ltr'>caussasque,</span> <span class='ocrx_word' id='word_1_137' title='bbox 1437 2343 1528 2377; x_wconf 91' lang='lat' dir='ltr'><strong>cur</strong></span> <span class='ocrx_word' id='word_1_138' title='bbox 1545 2329 1630 2391; x_wconf 88' lang='lat' dir='ltr'><strong>ju-</strong></span> 
     </span>
     <span class='ocr_line' id='line_1_26' title="bbox 565 2403 1632 2461; baseline 0.005 -11"><span class='ocrx_word' id='word_1_139' title='bbox 565 2405 708 2454; x_wconf 82' lang='lat' dir='ltr'><strong>dices</strong></span> <span class='ocrx_word' id='word_1_140' title='bbox 748 2419 861 2455; x_wconf 89' lang='lat' dir='ltr'><strong>esse</strong></span> <span class='ocrx_word' id='word_1_141' title='bbox 908 2413 1166 2461; x_wconf 77' lang='lat' dir='ltr'><strong>recusent,</strong></span> <span class='ocrx_word' id='word_1_142' title='bbox 1205 2403 1444 2454; x_wconf 82' lang='lat' dir='ltr'><strong>afferunt.</strong></span> <span class='ocrx_word' id='word_1_143' title='bbox 1511 2405 1632 2455; x_wconf 78' lang='lat' dir='ltr'><strong>vid.</strong></span> 
     </span>
     <span class='ocr_line' id='line_1_27' title="bbox 567 2481 1634 2545; baseline -0.001 -15"><span class='ocrx_word' id='word_1_144' title='bbox 567 2483 800 2531; x_wconf 86' lang='lat' dir='ltr'><strong>Brisson.</strong></span> <span class='ocrx_word' id='word_1_145' title='bbox 838 2482 902 2530; x_wconf 87' lang='lat' dir='ltr'><strong>de</strong></span> <span class='ocrx_word' id='word_1_146' title='bbox 939 2482 1208 2540; x_wconf 86' lang='lat' dir='ltr'><strong>Formulis,</strong></span> <span class='ocrx_word' id='word_1_147' title='bbox 1243 2481 1331 2530; x_wconf 88' lang='lat' dir='ltr'><strong>lib.</strong></span> <span class='ocrx_word' id='word_1_148' title='bbox 1365 2496 1417 2531; x_wconf 82' lang='grc' dir='ltr'><strong>ν.</strong></span> <span class='ocrx_word' id='word_1_149' title='bbox 1445 2497 1495 2545; x_wconf 86' lang='lat' dir='ltr'><strong>p.</strong></span> <span class='ocrx_word' id='word_1_150' title='bbox 1519 2486 1634 2532; x_wconf 79' lang='lat'><strong>409.</strong></span> 
     </span>
     <span class='ocr_line' id='line_1_28' title="bbox 567 2557 1631 2619; baseline 0.001 -14"><span class='ocrx_word' id='word_1_151' title='bbox 567 2566 622 2606; x_wconf 90' lang='lat' dir='ltr'><strong>et</strong></span> <span class='ocrx_word' id='word_1_152' title='bbox 661 2562 776 2606; x_wconf 78' lang='lat'><strong>460.</strong></span> <span class='ocrx_word' id='word_1_153' title='bbox 844 2558 963 2607; x_wconf 86' lang='lat' dir='ltr'><strong>Jam</strong></span> <span class='ocrx_word' id='word_1_154' title='bbox 1011 2557 1261 2618; x_wconf 83' lang='lat' dir='ltr'><strong>videmus,</strong></span> <span class='ocrx_word' id='word_1_155' title='bbox 1303 2573 1454 2619; x_wconf 85' lang='lat' dir='ltr'><strong>quam</strong></span> <span class='ocrx_word' id='word_1_156' title='bbox 1501 2557 1631 2606; x_wconf 89' lang='lat' dir='ltr'><strong>bene</strong></span> 
     </span>
     <span class='ocr_line' id='line_1_29' title="bbox 568 2632 1633 2695; baseline 0.003 -14"><span class='ocrx_word' id='word_1_157' title='bbox 568 2633 680 2681; x_wconf 84' lang='lat' dir='ltr'><strong>haec</strong></span> <span class='ocrx_word' id='word_1_158' title='bbox 704 2632 766 2679; x_wconf 91' lang='lat' dir='ltr'><strong>ad</strong></span> <span class='ocrx_word' id='word_1_159' title='bbox 793 2632 947 2680; x_wconf 82' lang='lat' dir='ltr'><strong>Plinii</strong></span> <span class='ocrx_word' id='word_1_160' title='bbox 986 2633 1147 2680; x_wconf 89' lang='lat' dir='ltr'><strong>nostri</strong></span> <span class='ocrx_word' id='word_1_161' title='bbox 1180 2632 1344 2680; x_wconf 90' lang='lat' dir='ltr'><strong>locum</strong></span> <span class='ocrx_word' id='word_1_162' title='bbox 1378 2634 1633 2695; x_wconf 87' lang='lat' dir='ltr'><strong>applicari</strong></span> 
     </span>
     <span class='ocr_line' id='line_1_30' title="bbox 567 2708 1632 2770; baseline 0.003 -14"><span class='ocrx_word' id='word_1_163' title='bbox 567 2710 785 2770; x_wconf 82' lang='lat' dir='ltr'><strong>possint,</strong></span> <span class='ocrx_word' id='word_1_164' title='bbox 811 2709 897 2757; x_wconf 87' lang='lat' dir='ltr'><strong>ubi</strong></span> <span class='ocrx_word' id='word_1_165' title='bbox 921 2708 1149 2770; x_wconf 82' lang='lat' dir='ltr'><strong>scripsit,</strong></span> <span class='ocrx_word' id='word_1_166' title='bbox 1171 2708 1449 2770; x_wconf 82' lang='lat' dir='ltr'><strong>Trajanum</strong></span> <span class='ocrx_word' id='word_1_167' title='bbox 1475 2712 1632 2760; x_wconf 86' lang='lat' dir='ltr'><strong>etiam</strong></span> 
     </span>
     <span class='ocr_line' id='line_1_31' title="bbox 570 2784 1632 2836; baseline 0.001 -2"><span class='ocrx_word' id='word_1_168' title='bbox 570 2787 887 2834; x_wconf 84' lang='lat' dir='ltr'><strong>consulatum</strong></span> <span class='ocrx_word' id='word_1_169' title='bbox 945 2784 1153 2833; x_wconf 81' lang='lat' dir='ltr'><strong>tertium</strong></span> <span class='ocrx_word' id='word_1_170' title='bbox 1211 2786 1308 2834; x_wconf 85' lang='lat' dir='ltr'><strong>sibi</strong></span> <span class='ocrx_word' id='word_1_171' title='bbox 1359 2785 1632 2836; x_wconf 87' lang='lat' dir='ltr'><strong>decretum</strong></span> 
     </span>
     <span class='ocr_line' id='line_1_32' title="bbox 568 2862 1635 2926; baseline 0.002 -17"><span class='ocrx_word' id='word_1_172' title='bbox 568 2872 693 2911; x_wconf 90' lang='lat' dir='ltr'><strong>tunc</strong></span> <span class='ocrx_word' id='word_1_173' title='bbox 727 2862 995 2925; x_wconf 85' lang='lat' dir='ltr'>suscipere</span> <span class='ocrx_word' id='word_1_174' title='bbox 1032 2862 1272 2924; x_wconf 85' lang='lat' dir='ltr'><strong>noluisse,</strong></span> <span class='ocrx_word' id='word_1_175' title='bbox 1298 2875 1635 2926; x_wconf 86' lang='lat' dir='ltr'><strong>caussasque,</strong></span> 
     </span>
     <span class='ocr_line' id='line_1_33' title="bbox 567 2938 1633 3002; baseline -0.002 -13"><span class='ocrx_word' id='word_1_176' title='bbox 567 2954 661 2989; x_wconf 89' lang='lat' dir='ltr'><strong>cur</strong></span> <span class='ocrx_word' id='word_1_177' title='bbox 700 2953 816 2987; x_wconf 87' lang='lat' dir='ltr'><strong>eum</strong></span> <span class='ocrx_word' id='word_1_178' title='bbox 858 2938 1127 2998; x_wconf 89' lang='lat' dir='ltr'><strong>recusarit,</strong></span> <span class='ocrx_word' id='word_1_179' title='bbox 1164 2938 1426 2986; x_wconf 87' lang='lat' dir='ltr'><strong>attulisse:</strong></span> <span class='ocrx_word' id='word_1_180' title='bbox 1471 2953 1633 3002; x_wconf 84' lang='lat' dir='ltr'><strong>quare</strong></span> 
     </span>
     <span class='ocr_line' id='line_1_34' title="bbox 568 3015 1633 3077; baseline -0.002 -12"><span class='ocrx_word' id='word_1_181' title='bbox 568 3017 757 3066; x_wconf 87' lang='lat' dir='ltr'><strong>dicitur</strong></span> <span class='ocrx_word' id='word_1_182' title='bbox 774 3022 1025 3065; x_wconf 77' lang='lat' dir='ltr'><strong>excusatus</strong></span> <span class='ocrx_word' id='word_1_183' title='bbox 1046 3015 1315 3064; x_wconf 80' lang='lat' dir='ltr'><strong>honoribus.</strong></span> <span class='ocrx_word' id='word_1_184' title='bbox 1353 3015 1490 3064; x_wconf 87' lang='lat' dir='ltr'><strong>Nihil</strong></span> <span class='ocrx_word' id='word_1_185' title='bbox 1516 3029 1633 3077; x_wconf 89' lang='lat' dir='ltr'><strong>pro·</strong></span> 
     </span>
     <span class='ocr_line' id='line_1_35' title="bbox 570 3091 1634 3157; baseline -0.005 -15"><span class='ocrx_word' id='word_1_186' title='bbox 570 3093 692 3143; x_wconf 87' lang='lat' dir='ltr'><strong>iude</strong></span> <span class='ocrx_word' id='word_1_187' title='bbox 729 3102 828 3149; x_wconf 90' lang='lat' dir='ltr'><strong>est,</strong></span> <span class='ocrx_word' id='word_1_188' title='bbox 856 3094 992 3157; x_wconf 84' lang='lat' dir='ltr'><strong>quod</strong></span> <span class='ocrx_word' id='word_1_189' title='bbox 1032 3091 1341 3140; x_wconf 85' lang='lat' dir='ltr'><strong>Arutzenius</strong></span> <span class='ocrx_word' id='word_1_190' title='bbox 1377 3105 1634 3140; x_wconf 86' lang='lat' dir='ltr'><strong>commen·</strong></span> 
     </span>
     <span class='ocr_line' id='line_1_36' title="bbox 570 3168 1636 3232; baseline -0.004 -13"><span class='ocrx_word' id='word_1_191' title='bbox 570 3171 753 3219; x_wconf 79' lang='lat' dir='ltr'><strong>talioni</strong></span> <span class='ocrx_word' id='word_1_192' title='bbox 776 3185 881 3218; x_wconf 81' lang='lat' dir='ltr'><strong>suae</strong></span> <span class='ocrx_word' id='word_1_193' title='bbox 906 3171 1017 3218; x_wconf 78' lang='lat' dir='ltr'><strong>baec</strong></span> <span class='ocrx_word' id='word_1_194' title='bbox 1043 3170 1269 3232; x_wconf 86' lang='lat' dir='ltr'><strong>adjecit:</strong></span> <span class='ocrx_word' id='word_1_195' title='bbox 1307 3172 1320 3195; x_wconf 86' lang='lat'>‘</span> <span class='ocrx_word' id='word_1_196' title='bbox 1342 3169 1396 3216; x_wconf 90' lang='lat' dir='ltr'><strong>Si</strong></span> <span class='ocrx_word' id='word_1_197' title='bbox 1436 3168 1636 3217; x_wconf 89' lang='lat' dir='ltr'><strong>Plinius</strong></span> 
     </span>
     <span class='ocr_line' id='line_1_37' title="bbox 573 3243 1638 3306; baseline -0.002 -13"><span class='ocrx_word' id='word_1_198' title='bbox 573 3246 655 3294; x_wconf 77' lang='lat' dir='ltr'><strong>liic</strong></span> <span class='ocrx_word' id='word_1_199' title='bbox 690 3251 961 3301; x_wconf 73' lang='lat' dir='ltr'><strong>excusatus,</strong></span> <span class='ocrx_word' id='word_1_200' title='bbox 988 3246 1228 3293; x_wconf 80' lang='lat' dir='ltr'><strong>voluisset</strong></span> <span class='ocrx_word' id='word_1_201' title='bbox 1255 3243 1518 3306; x_wconf 67' lang='lat' dir='ltr'><strong>adhibere,</strong></span> <span class='ocrx_word' id='word_1_202' title='bbox 1544 3258 1638 3292; x_wconf 89' lang='lat' dir='ltr'><strong>cur</strong></span> 
     </span>
     <span class='ocr_line' id='line_1_38' title="bbox 571 3321 1634 3385; baseline -0.001 -16"><span class='ocrx_word' id='word_1_203' title='bbox 571 3336 674 3370; x_wconf 89' lang='lat' dir='ltr'><strong>non</strong></span> <span class='ocrx_word' id='word_1_204' title='bbox 709 3323 918 3385; x_wconf 81' lang='lat' dir='ltr'><strong>scripsit</strong></span> <span class='ocrx_word' id='word_1_205' title='bbox 952 3322 1011 3370; x_wconf 85' lang='lat' dir='ltr'><strong>ob</strong></span> <span class='ocrx_word' id='word_1_206' title='bbox 1043 3321 1318 3382; x_wconf 80' lang='lat' dir='ltr'><strong>honoribus,</strong></span> <span class='ocrx_word' id='word_1_207' title='bbox 1340 3329 1393 3369; x_wconf 91' lang='lat' dir='ltr'><strong>et</strong></span> <span class='ocrx_word' id='word_1_208' title='bbox 1418 3335 1510 3370; x_wconf 90' lang='lat' dir='ltr'><strong>cur</strong></span> <span class='ocrx_word' id='word_1_209' title='bbox 1536 3333 1634 3369; x_wconf 90' lang='lat' dir='ltr'><strong>non</strong></span> 
     </span>
     <span class='ocr_line' id='line_1_39' title="bbox 569 3396 1637 3461; baseline -0.001 -16"><span class='ocrx_word' id='word_1_210' title='bbox 569 3412 690 3445; x_wconf 83' lang='lat' dir='ltr'><strong>mox</strong></span> <span class='ocrx_word' id='word_1_211' title='bbox 742 3396 1055 3460; x_wconf 73' lang='lat' dir='ltr'><strong>disjunctiva</strong></span> <span class='ocrx_word' id='word_1_212' title='bbox 1111 3398 1366 3461; x_wconf 86' lang='lat' dir='ltr'><strong>particula</strong></span> <span class='ocrx_word' id='word_1_213' title='bbox 1418 3401 1500 3445; x_wconf 75' lang='lat' dir='ltr'><strong>aut</strong></span> <span class='ocrx_word' id='word_1_214' title='bbox 1555 3410 1637 3445; x_wconf 76' lang='lat' dir='ltr'><strong>ex·</strong></span> 
     </span>
     <span class='ocr_line' id='line_1_40' title="bbox 566 3475 1636 3537; baseline -0.002 -13"><span class='ocrx_word' id='word_1_215' title='bbox 566 3475 793 3536; x_wconf 72' lang='lat' dir='ltr'><strong>pletus?&#39;</strong></span> <span class='ocrx_word' id='word_1_216' title='bbox 860 3476 1015 3524; x_wconf 78' lang='lat' dir='ltr'><strong>Certe</strong></span> <span class='ocrx_word' id='word_1_217' title='bbox 1047 3489 1149 3522; x_wconf 90' lang='lat' dir='ltr'><strong>non</strong></span> <span class='ocrx_word' id='word_1_218' title='bbox 1188 3489 1319 3537; x_wconf 89' lang='lat' dir='ltr'><strong>opus</strong></span> <span class='ocrx_word' id='word_1_219' title='bbox 1355 3483 1467 3522; x_wconf 91' lang='lat' dir='ltr'><strong>erat</strong></span> <span class='ocrx_word' id='word_1_220' title='bbox 1505 3488 1636 3537; x_wconf 79' lang='lat' dir='ltr'><strong>prae·</strong></span> 
     </span>
     <span class='ocr_line' id='line_1_41' title="bbox 572 3549 1637 3613; baseline 0.001 -17"><span class='ocrx_word' id='word_1_221' title='bbox 572 3550 828 3613; x_wconf 84' lang='lat' dir='ltr'><strong>positione</strong></span> <span class='ocrx_word' id='word_1_222' title='bbox 864 3550 940 3608; x_wconf 80' lang='lat' dir='ltr'><strong>ab,</strong></span> <span class='ocrx_word' id='word_1_223' title='bbox 973 3564 1090 3597; x_wconf 90' lang='lat' dir='ltr'><strong>cum</strong></span> <span class='ocrx_word' id='word_1_224' title='bbox 1130 3563 1227 3597; x_wconf 82' lang='lat' dir='ltr'><strong>vox</strong></span> <span class='ocrx_word' id='word_1_225' title='bbox 1263 3549 1513 3597; x_wconf 74' lang='lat' dir='ltr'><strong>honoribus</strong></span> <span class='ocrx_word' id='word_1_226' title='bbox 1552 3563 1637 3598; x_wconf 85' lang='lat' dir='ltr'><strong>ca·</strong></span> 
     </span>
     <span class='ocr_line' id='line_1_42' title="bbox 571 3623 1637 3685; baseline 0.001 -12"><span class='ocrx_word' id='word_1_227' title='bbox 571 3641 682 3673; x_wconf 89' lang='lat' dir='ltr'><strong>sum</strong></span> <span class='ocrx_word' id='word_1_228' title='bbox 724 3625 956 3685; x_wconf 83' lang='lat' dir='ltr'><strong>tertium,</strong></span> <span class='ocrx_word' id='word_1_229' title='bbox 1002 3640 1099 3672; x_wconf 91' lang='lat' dir='ltr'><strong>nou</strong></span> <span class='ocrx_word' id='word_1_230' title='bbox 1157 3633 1375 3679; x_wconf 86' lang='lat' dir='ltr'><strong>sextum,</strong></span> <span class='ocrx_word' id='word_1_231' title='bbox 1425 3623 1637 3674; x_wconf 81' lang='lat' dir='ltr'><strong>referat.</strong></span> 
     </span>
     <span class='ocr_line' id='line_1_43' title="bbox 572 3701 1637 3766; baseline -0.001 -14"><span class='ocrx_word' id='word_1_232' title='bbox 572 3703 761 3766; x_wconf 84' lang='lat' dir='ltr'>Neque</span> <span class='ocrx_word' id='word_1_233' title='bbox 801 3702 991 3760; x_wconf 81' lang='lat' dir='ltr'><strong>obstat,</strong></span> <span class='ocrx_word' id='word_1_234' title='bbox 1031 3701 1166 3764; x_wconf 89' lang='lat' dir='ltr'><strong>quod</strong></span> <span class='ocrx_word' id='word_1_235' title='bbox 1205 3710 1377 3750; x_wconf 85' lang='lat' dir='ltr'><strong>tamen</strong></span> <span class='ocrx_word' id='word_1_236' title='bbox 1417 3717 1637 3765; x_wconf 84' lang='lat' dir='ltr'><strong>sequens</strong></span> 
     </span>
     <span class='ocr_line' id='line_1_44' title="bbox 572 3779 1637 3845; baseline -0.001 -17"><span class='ocrx_word' id='word_1_237' title='bbox 572 3779 902 3845; x_wconf 82' lang='lat' dir='ltr'><strong>participium</strong></span> <span class='ocrx_word' id='word_1_238' title='bbox 946 3779 1158 3841; x_wconf 75' lang='lat' dir='ltr'><strong>expletus</strong></span> <span class='ocrx_word' id='word_1_239' title='bbox 1201 3793 1375 3828; x_wconf 87' lang='lat' dir='ltr'><strong>casum</strong></span> <span class='ocrx_word' id='word_1_240' title='bbox 1433 3787 1637 3828; x_wconf 84' lang='lat' dir='ltr'><strong>sextum</strong></span> 
     </span>
     <span class='ocr_line' id='line_1_45' title="bbox 572 3852 1639 3920; baseline -0.003 -14"><span class='ocrx_word' id='word_1_241' title='bbox 572 3857 821 3920; x_wconf 83' lang='lat' dir='ltr'><strong>requirat.</strong></span> <span class='ocrx_word' id='word_1_242' title='bbox 888 3852 951 3902; x_wconf 88' lang='lat' dir='ltr'><strong>Id</strong></span> <span class='ocrx_word' id='word_1_243' title='bbox 979 3854 1115 3901; x_wconf 89' lang='lat' dir='ltr'><strong>euim</strong></span> <span class='ocrx_word' id='word_1_244' title='bbox 1138 3860 1284 3903; x_wconf 90' lang='lat' dir='ltr'><strong>certe</strong></span> <span class='ocrx_word' id='word_1_245' title='bbox 1317 3854 1639 3918; x_wconf 75' lang='lat' dir='ltr'><strong>praepositio-</strong></span> 
     </span>
     <span class='ocr_line' id='line_1_46' title="bbox 573 3932 1640 3995; baseline -0.003 -10"><span class='ocrx_word' id='word_1_246' title='bbox 573 3950 688 3985; x_wconf 87' lang='lat' dir='ltr'><strong>nem</strong></span> <span class='ocrx_word' id='word_1_247' title='bbox 720 3934 779 3983; x_wconf 82' lang='lat' dir='ltr'><strong>ub</strong></span> <span class='ocrx_word' id='word_1_248' title='bbox 801 3934 1037 3981; x_wconf 87' lang='lat' dir='ltr'><strong>similiter</strong></span> <span class='ocrx_word' id='word_1_249' title='bbox 1071 3932 1373 3995; x_wconf 80' lang='lat' dir='ltr'><strong>respuisset.</strong></span> <span class='ocrx_word' id='word_1_250' title='bbox 1439 3932 1640 3982; x_wconf 73' lang='lat' dir='ltr'><strong>Adhaec</strong></span> 
     </span>
     <span class='ocr_line' id='line_1_47' title="bbox 569 4008 1640 4073; baseline -0.003 -12"><span class='ocrx_word' id='word_1_251' title='bbox 569 4027 674 4061; x_wconf 90' lang='lat' dir='ltr'><strong>non</strong></span> <span class='ocrx_word' id='word_1_252' title='bbox 696 4011 921 4060; x_wconf 91' lang='lat' dir='ltr'><strong>insoleus</strong></span> <span class='ocrx_word' id='word_1_253' title='bbox 945 4023 1076 4064; x_wconf 90' lang='lat' dir='ltr'><strong>esse,</strong></span> <span class='ocrx_word' id='word_1_254' title='bbox 1098 4008 1376 4073; x_wconf 87' lang='lat' dir='ltr'><strong>aliquando</strong></span> <span class='ocrx_word' id='word_1_255' title='bbox 1402 4009 1561 4058; x_wconf 82' lang='lat' dir='ltr'><strong>verba</strong></span> <span class='ocrx_word' id='word_1_256' title='bbox 1585 4016 1640 4059; x_wconf 88' lang='lat' dir='ltr'><strong>ct.</strong></span> 
     </span>
     <span class='ocr_line' id='line_1_48' title="bbox 571 4085 1639 4139; baseline -0.004 0"><span class='ocrx_word' id='word_1_257' title='bbox 571 4089 779 4139; x_wconf 89' lang='lat' dir='ltr'><strong>nomina</strong></span> <span class='ocrx_word' id='word_1_258' title='bbox 818 4085 1036 4134; x_wconf 77' lang='lat' dir='ltr'><strong>diversae</strong></span> <span class='ocrx_word' id='word_1_259' title='bbox 1079 4085 1478 4134; x_wconf 83' lang='lat' dir='ltr'><strong>constructionis</strong></span> <span class='ocrx_word' id='word_1_260' title='bbox 1518 4099 1639 4135; x_wconf 88' lang='lat' dir='ltr'><strong>con·</strong></span> 
     </span>
     <span class='ocr_line' id='line_1_49' title="bbox 563 4160 1639 4227; baseline 0.002 -17"><span class='ocrx_word' id='word_1_261' title='bbox 563 4166 735 4227; x_wconf 83' lang='lat' dir='ltr'><strong>jungi,</strong></span> <span class='ocrx_word' id='word_1_262' title='bbox 763 4163 872 4227; x_wconf 84' lang='lat' dir='ltr'><strong>jam</strong></span> <span class='ocrx_word' id='word_1_263' title='bbox 911 4175 1064 4225; x_wconf 88' lang='lat' dir='ltr'><strong>supra</strong></span> <span class='ocrx_word' id='word_1_264' title='bbox 1100 4160 1165 4209; x_wconf 80' lang='lat' dir='ltr'><strong>ad</strong></span> <span class='ocrx_word' id='word_1_265' title='bbox 1203 4173 1297 4210; x_wconf 78' lang='lat' dir='ltr'><strong>mr.</strong></span> <span class='ocrx_word' id='word_1_266' title='bbox 1332 4167 1380 4210; x_wconf 85' lang='lat'><strong>5.</strong></span> <span class='ocrx_word' id='word_1_267' title='bbox 1415 4162 1639 4212; x_wconf 88' lang='lat' dir='ltr'><strong>ostendi.</strong></span> 
     </span>
     <span class='ocr_line' id='line_1_50' title="bbox 575 4238 1640 4293; baseline 0.002 -8"><span class='ocrx_word' id='word_1_268' title='bbox 575 4238 851 4287; x_wconf 80' lang='lat' dir='ltr'><strong>Pulchrior</strong></span> <span class='ocrx_word' id='word_1_269' title='bbox 889 4239 1111 4293; x_wconf 89' lang='lat' dir='ltr'><strong>omnino,</strong></span> <span class='ocrx_word' id='word_1_270' title='bbox 1146 4243 1201 4286; x_wconf 89' lang='lat' dir='ltr'><strong>et</strong></span> <span class='ocrx_word' id='word_1_271' title='bbox 1243 4238 1490 4287; x_wconf 80' lang='lat' dir='ltr'><strong>acutioris</strong></span> <span class='ocrx_word' id='word_1_272' title='bbox 1526 4252 1640 4287; x_wconf 88' lang='lat' dir='ltr'><strong>sen-</strong></span> 
     </span>
     <span class='ocr_line' id='line_1_51' title="bbox 575 4314 1639 4380; baseline 0.005 -18"><span class='ocrx_word' id='word_1_273' title='bbox 575 4314 754 4363; x_wconf 72' lang='lat' dir='ltr'><strong>tentiae</strong></span> <span class='ocrx_word' id='word_1_274' title='bbox 789 4322 872 4365; x_wconf 89' lang='lat' dir='ltr'><strong>est</strong></span> <span class='ocrx_word' id='word_1_275' title='bbox 899 4316 1011 4365; x_wconf 75' lang='lat' dir='ltr'><strong>boec</strong></span> <span class='ocrx_word' id='word_1_276' title='bbox 1038 4315 1192 4365; x_wconf 86' lang='lat' dir='ltr'><strong>lectio</strong></span> <span class='ocrx_word' id='word_1_277' title='bbox 1226 4316 1455 4380; x_wconf 84' lang='lat' dir='ltr'><strong>vulgata,</strong></span> <span class='ocrx_word' id='word_1_278' title='bbox 1483 4331 1639 4379; x_wconf 81' lang='lat' dir='ltr'><strong>quam</strong></span> 
     </span>
    </p>
   </div>
   <div class='ocr_carea' id='block_1_3' title="bbox 1263 416 2071 467">
    <p class='ocr_par' dir='ltr' id='par_1_3' title="bbox 1263 416 2071 467">
     <span class='ocr_line' id='line_1_52' title="bbox 1263 416 2071 467; baseline 0.002 -2"><span class='ocrx_word' id='word_1_279' title='bbox 1263 417 1483 466; x_wconf 73' lang='lat' dir='ltr'>NOTA-2</span> <span class='ocrx_word' id='word_1_280' title='bbox 1535 416 1940 466; x_wconf 69' lang='lat' dir='ltr'><strong>vammum</strong></span> <span class='ocrx_word' id='word_1_281' title='bbox 1990 418 2071 467; x_wconf 76' lang='lat' dir='ltr'><strong>m</strong></span> 
     </span>
    </p>
   </div>
   <div class='ocr_carea' id='block_1_4' title="bbox 1698 559 2813 4384">
    <p class='ocr_par' dir='ltr' id='par_1_4' title="bbox 1698 559 2775 1227">
     <span class='ocr_line' id='line_1_53' title="bbox 1699 559 2771 629; baseline 0.007 -20"><span class='ocrx_word' id='word_1_282' title='bbox 1699 566 1756 609; x_wconf 90' lang='lat' dir='ltr'><strong>ut</strong></span> <span class='ocrx_word' id='word_1_283' title='bbox 1780 559 1955 611; x_wconf 86' lang='lat' dir='ltr'><strong>Plinio</strong></span> <span class='ocrx_word' id='word_1_284' title='bbox 1976 561 2235 626; x_wconf 83' lang='lat' dir='ltr'><strong>abrogari,</strong></span> <span class='ocrx_word' id='word_1_285' title='bbox 2252 568 2308 612; x_wconf 86' lang='lat' dir='ltr'><strong>et</strong></span> <span class='ocrx_word' id='word_1_286' title='bbox 2331 561 2530 612; x_wconf 87' lang='lat' dir='ltr'><strong>librarii</strong></span> <span class='ocrx_word' id='word_1_287' title='bbox 2556 564 2771 629; x_wconf 84' lang='lat' dir='ltr'><strong>alicujus</strong></span> 
     </span>
     <span class='ocr_line' id='line_1_54' title="bbox 1698 638 2773 705; baseline 0.007 -20"><span class='ocrx_word' id='word_1_288' title='bbox 1698 638 1862 686; x_wconf 86' lang='lat' dir='ltr'><strong>errori</strong></span> <span class='ocrx_word' id='word_1_289' title='bbox 1899 638 2081 700; x_wconf 88' lang='lat' dir='ltr'><strong>tribui,</strong></span> <span class='ocrx_word' id='word_1_290' title='bbox 2105 638 2325 701; x_wconf 78' lang='lat' dir='ltr'><strong>debeat3</strong></span> <span class='ocrx_word' id='word_1_291' title='bbox 2357 640 2616 705; x_wconf 81' lang='lat' dir='ltr'><strong>longeque</strong></span> <span class='ocrx_word' id='word_1_292' title='bbox 2645 641 2773 692; x_wconf 85' lang='lat' dir='ltr'><strong>faci·</strong></span> 
     </span>
     <span class='ocr_line' id='line_1_55' title="bbox 1699 716 2773 780; baseline 0.004 -14"><span class='ocrx_word' id='word_1_293' title='bbox 1699 716 1796 766; x_wconf 89' lang='lat' dir='ltr'><strong>lius</strong></span> <span class='ocrx_word' id='word_1_294' title='bbox 1829 720 2117 780; x_wconf 84' lang='lat' dir='ltr'><strong>contigisse</strong></span> <span class='ocrx_word' id='word_1_295' title='bbox 2153 717 2329 774; x_wconf 84' lang='lat' dir='ltr'><strong>credo,</strong></span> <span class='ocrx_word' id='word_1_296' title='bbox 2354 726 2409 768; x_wconf 90' lang='lat' dir='ltr'><strong>ut</strong></span> <span class='ocrx_word' id='word_1_297' title='bbox 2435 717 2664 769; x_wconf 83' lang='lat' dir='ltr'><strong>formula</strong></span> <span class='ocrx_word' id='word_1_298' title='bbox 2689 737 2773 770; x_wconf 71' lang='lat' dir='ltr'><strong>ea·-</strong></span> 
     </span>
     <span class='ocr_line' id='line_1_56' title="bbox 1699 794 2774 860; baseline 0.004 -18"><span class='ocrx_word' id='word_1_299' title='bbox 1699 799 1893 843; x_wconf 75' lang='lat' dir='ltr'><strong>cusatus</strong></span> <span class='ocrx_word' id='word_1_300' title='bbox 1924 794 2199 857; x_wconf 75' lang='lat' dir='ltr'><strong>honoribus,</strong></span> <span class='ocrx_word' id='word_1_301' title='bbox 2222 796 2343 860; x_wconf 85' lang='lat' dir='ltr'><strong>quia</strong></span> <span class='ocrx_word' id='word_1_302' title='bbox 2375 794 2634 845; x_wconf 80' lang='lat' dir='ltr'><strong>difficilior</strong></span> <span class='ocrx_word' id='word_1_303' title='bbox 2661 797 2774 846; x_wconf 83' lang='lat' dir='ltr'><strong>visa</strong></span> 
     </span>
     <span class='ocr_line' id='line_1_57' title="bbox 1701 870 2774 935; baseline 0.001 -16"><span class='ocrx_word' id='word_1_304' title='bbox 1701 870 1944 928; x_wconf 89' lang='lat' dir='ltr'><strong>librariis,</strong></span> <span class='ocrx_word' id='word_1_305' title='bbox 2003 878 2221 934; x_wconf 88' lang='lat' dir='ltr'><strong>propter</strong></span> <span class='ocrx_word' id='word_1_306' title='bbox 2274 884 2495 935; x_wconf 86' lang='lat' dir='ltr'><strong>sequens</strong></span> <span class='ocrx_word' id='word_1_307' title='bbox 2547 885 2774 935; x_wconf 77' lang='lat' dir='ltr'><strong>synony-</strong></span> 
     </span>
     <span class='ocr_line' id='line_1_58' title="bbox 1700 948 2775 1011; baseline 0.005 -18"><span class='ocrx_word' id='word_1_308' title='bbox 1700 961 1838 995; x_wconf 84' lang='lat' dir='ltr'><strong>mum</strong></span> <span class='ocrx_word' id='word_1_309' title='bbox 1862 948 2183 1011; x_wconf 78' lang='lat' dir='ltr'><strong>expletusqae,</strong></span> <span class='ocrx_word' id='word_1_310' title='bbox 2215 948 2267 997; x_wconf 89' lang='lat' dir='ltr'><strong>in</strong></span> <span class='ocrx_word' id='word_1_311' title='bbox 2302 948 2541 1010; x_wconf 86' lang='lat' dir='ltr'><strong>alteram,</strong></span> <span class='ocrx_word' id='word_1_312' title='bbox 2564 950 2775 998; x_wconf 70' lang='lat' dir='ltr'><strong>exsatia-</strong></span> 
     </span>
     <span class='ocr_line' id='line_1_59' title="bbox 1702 1023 2774 1089; baseline 0.003 -17"><span class='ocrx_word' id='word_1_313' title='bbox 1702 1029 1781 1072; x_wconf 74' lang='lat' dir='ltr'><strong>tus</strong></span> <span class='ocrx_word' id='word_1_314' title='bbox 1817 1023 2082 1083; x_wconf 75' lang='lat' dir='ltr'><strong>honoribus,</strong></span> <span class='ocrx_word' id='word_1_315' title='bbox 2110 1024 2299 1073; x_wconf 87' lang='lat' dir='ltr'><strong>mutari</strong></span> <span class='ocrx_word' id='word_1_316' title='bbox 2335 1024 2589 1087; x_wconf 89' lang='lat' dir='ltr'><strong>potuerit,</strong></span> <span class='ocrx_word' id='word_1_317' title='bbox 2622 1039 2774 1089; x_wconf 75' lang='lat' dir='ltr'><strong>quam</strong></span> 
     </span>
     <span class='ocr_line' id='line_1_60' title="bbox 1702 1099 2775 1164; baseline 0.006 -17"><span class='ocrx_word' id='word_1_318' title='bbox 1702 1107 1761 1148; x_wconf 91' lang='lat' dir='ltr'><strong>ut</strong></span> <span class='ocrx_word' id='word_1_319' title='bbox 1785 1113 1850 1148; x_wconf 80' lang='lat' dir='ltr'><strong>ex</strong></span> <span class='ocrx_word' id='word_1_320' title='bbox 1875 1114 2002 1149; x_wconf 85' lang='lat' dir='ltr'><strong>voce</strong></span> <span class='ocrx_word' id='word_1_321' title='bbox 2025 1102 2311 1164; x_wconf 76' lang='lat' dir='ltr'><strong>exsatiatas,</strong></span> <span class='ocrx_word' id='word_1_322' title='bbox 2327 1099 2552 1151; x_wconf 82' lang='lat' dir='ltr'><strong>formata</strong></span> <span class='ocrx_word' id='word_1_323' title='bbox 2579 1103 2649 1151; x_wconf 89' lang='lat' dir='ltr'><strong>sit</strong></span> <span class='ocrx_word' id='word_1_324' title='bbox 2675 1116 2775 1153; x_wconf 75' lang='lat' dir='ltr'><strong>vox</strong></span> 
     </span>
     <span class='ocr_line' id='line_1_61' title="bbox 1702 1177 2267 1227; baseline 0.004 -3"><span class='ocrx_word' id='word_1_325' title='bbox 1702 1183 1970 1226; x_wconf 78' lang='lat' dir='ltr'><strong>excusatas.</strong></span> <span class='ocrx_word' id='word_1_326' title='bbox 2004 1177 2267 1227; x_wconf 75' lang='lat' dir='ltr'><strong>Schwarz.</strong></span> 
     </span>
    </p>

    <p class='ocr_par' dir='ltr' id='par_1_5' title="bbox 1703 1250 2779 1834">
     <span class='ocr_line' id='line_1_62' title="bbox 1770 1250 2775 1317; baseline 0.006 -17"><span class='ocrx_word' id='word_1_327' title='bbox 1770 1252 1903 1300; x_wconf 81' lang='lat' dir='ltr'><strong>Novi</strong></span> <span class='ocrx_word' id='word_1_328' title='bbox 1958 1252 2289 1317; x_wconf 73' lang='lat' dir='ltr'><strong>imperatores]</strong></span> <span class='ocrx_word' id='word_1_329' title='bbox 2357 1250 2445 1300; x_wconf 74' lang='lat' dir='ltr'><strong>An</strong></span> <span class='ocrx_word' id='word_1_330' title='bbox 2503 1253 2775 1306; x_wconf 81' lang='lat' dir='ltr'><strong>Vitellium</strong></span> 
     </span>
     <span class='ocr_line' id='line_1_63' title="bbox 1703 1329 2777 1395; baseline 0.001 -17"><span class='ocrx_word' id='word_1_331' title='bbox 1703 1330 1902 1378; x_wconf 85' lang='lat' dir='ltr'><strong>sentit?</strong></span> <span class='ocrx_word' id='word_1_332' title='bbox 1935 1329 2001 1378; x_wconf 86' lang='lat' dir='ltr'><strong>de</strong></span> <span class='ocrx_word' id='word_1_333' title='bbox 2026 1344 2128 1395; x_wconf 87' lang='lat' dir='ltr'><strong>quo</strong></span> <span class='ocrx_word' id='word_1_334' title='bbox 2160 1330 2274 1380; x_wconf 73' lang='lat' dir='ltr'><strong>liaec</strong></span> <span class='ocrx_word' id='word_1_335' title='bbox 2317 1329 2553 1378; x_wconf 85' lang='lat' dir='ltr'><strong>Suetonii</strong></span> <span class='ocrx_word' id='word_1_336' title='bbox 2580 1339 2705 1380; x_wconf 88' lang='lat' dir='ltr'><strong>sunt</strong></span> <span class='ocrx_word' id='word_1_337' title='bbox 2728 1346 2777 1381; x_wconf 85' lang='lat' dir='ltr'><strong>c.</strong></span> 
     </span>
     <span class='ocr_line' id='line_1_64' title="bbox 1707 1404 2778 1468; baseline 0.005 -16"><span class='ocrx_word' id='word_1_338' title='bbox 1707 1408 1783 1453; x_wconf 89' lang='lat' dir='ltr'><strong>ll.</strong></span> <span class='ocrx_word' id='word_1_339' title='bbox 1818 1407 1832 1432; x_wconf 91' lang='lat'>‘</span> <span class='ocrx_word' id='word_1_340' title='bbox 1851 1405 2023 1468; x_wconf 85' lang='lat' dir='ltr'><strong>Magis</strong></span> <span class='ocrx_word' id='word_1_341' title='bbox 2052 1404 2249 1454; x_wconf 87' lang='lat' dir='ltr'><strong>deinde</strong></span> <span class='ocrx_word' id='word_1_342' title='bbox 2273 1420 2333 1456; x_wconf 89' lang='lat' dir='ltr'><strong>ac</strong></span> <span class='ocrx_word' id='word_1_343' title='bbox 2357 1406 2521 1465; x_wconf 79' lang='lat' dir='ltr'><strong>magis</strong></span> <span class='ocrx_word' id='word_1_344' title='bbox 2536 1407 2675 1454; x_wconf 85' lang='lat' dir='ltr'><strong>omni</strong></span> <span class='ocrx_word' id='word_1_345' title='bbox 2701 1406 2778 1457; x_wconf 84' lang='lat' dir='ltr'><strong>di·</strong></span> 
     </span>
     <span class='ocr_line' id='line_1_65' title="bbox 1704 1481 2774 1546; baseline 0.005 -18"><span class='ocrx_word' id='word_1_346' title='bbox 1704 1481 1823 1528; x_wconf 81' lang='lat' dir='ltr'><strong>vino</strong></span> <span class='ocrx_word' id='word_1_347' title='bbox 1850 1481 2179 1545; x_wconf 83' lang='lat' dir='ltr'><strong>humanoque</strong></span> <span class='ocrx_word' id='word_1_348' title='bbox 2209 1483 2332 1546; x_wconf 89' lang='lat' dir='ltr'><strong>jure</strong></span> <span class='ocrx_word' id='word_1_349' title='bbox 2354 1481 2618 1544; x_wconf 82' lang='lat' dir='ltr'><strong>neglecto,</strong></span> <span class='ocrx_word' id='word_1_350' title='bbox 2644 1484 2774 1533; x_wconf 83' lang='lat' dir='ltr'><strong>Atti-</strong></span> 
     </span>
     <span class='ocr_line' id='line_1_66' title="bbox 1704 1556 2777 1619; baseline 0.006 -14"><span class='ocrx_word' id='word_1_351' title='bbox 1704 1558 1816 1605; x_wconf 88' lang='lat' dir='ltr'><strong>ensi</strong></span> <span class='ocrx_word' id='word_1_352' title='bbox 1854 1556 1940 1604; x_wconf 89' lang='lat' dir='ltr'><strong>die</strong></span> <span class='ocrx_word' id='word_1_353' title='bbox 1976 1557 2332 1619; x_wconf 82' lang='lat' dir='ltr'><strong>pontificatum</strong></span> <span class='ocrx_word' id='word_1_354' title='bbox 2368 1558 2647 1608; x_wconf 83' lang='lat' dir='ltr'><strong>maximum</strong></span> <span class='ocrx_word' id='word_1_355' title='bbox 2689 1574 2777 1610; x_wconf 88' lang='lat' dir='ltr'><strong>ce·</strong></span> 
     </span>
     <span class='ocr_line' id='line_1_67' title="bbox 1704 1632 2779 1696; baseline 0.007 -17"><span class='ocrx_word' id='word_1_356' title='bbox 1704 1632 1801 1696; x_wconf 89' lang='lat' dir='ltr'><strong>pit,</strong></span> <span class='ocrx_word' id='word_1_357' title='bbox 1824 1633 2033 1682; x_wconf 87' lang='lat' dir='ltr'><strong>comitia</strong></span> <span class='ocrx_word' id='word_1_358' title='bbox 2067 1633 2118 1682; x_wconf 89' lang='lat' dir='ltr'><strong>in</strong></span> <span class='ocrx_word' id='word_1_359' title='bbox 2158 1634 2340 1683; x_wconf 89' lang='lat' dir='ltr'><strong>decem</strong></span> <span class='ocrx_word' id='word_1_360' title='bbox 2380 1647 2537 1683; x_wconf 82' lang='lat' dir='ltr'><strong>annos</strong></span> <span class='ocrx_word' id='word_1_361' title='bbox 2568 1636 2779 1686; x_wconf 87' lang='lat' dir='ltr'><strong>ordina·</strong></span> 
     </span>
     <span class='ocr_line' id='line_1_68' title="bbox 1706 1708 2777 1774; baseline 0.006 -19"><span class='ocrx_word' id='word_1_362' title='bbox 1706 1708 1799 1770; x_wconf 81' lang='lat' dir='ltr'><strong>vit,</strong></span> <span class='ocrx_word' id='word_1_363' title='bbox 1832 1723 1993 1773; x_wconf 89' lang='lat' dir='ltr'><strong>seque</strong></span> <span class='ocrx_word' id='word_1_364' title='bbox 2036 1709 2089 1758; x_wconf 92' lang='lat' dir='ltr'><strong>in</strong></span> <span class='ocrx_word' id='word_1_365' title='bbox 2125 1718 2435 1774; x_wconf 85' lang='lat' dir='ltr'><strong>perpetuum</strong></span> <span class='ocrx_word' id='word_1_366' title='bbox 2466 1713 2777 1763; x_wconf 68' lang='lat' dir='ltr'><strong>consulem!</strong></span> 
     </span>
     <span class='ocr_line' id='line_1_69' title="bbox 1706 1785 1870 1834; baseline -0.006 0"><span class='ocrx_word' id='word_1_367' title='bbox 1706 1785 1870 1834; x_wconf 76' lang='lat' dir='ltr'><strong>Livia.</strong></span> 
     </span>
    </p>

    <p class='ocr_par' dir='ltr' id='par_1_6' title="bbox 1704 1862 2783 2464">
     <span class='ocr_line' id='line_1_70' title="bbox 1772 1862 2783 1930; baseline 0.004 -20"><span class='ocrx_word' id='word_1_368' title='bbox 1772 1863 2083 1912; x_wconf 75' lang='lat' dir='ltr'><strong>Destinatum</strong></span> <span class='ocrx_word' id='word_1_369' title='bbox 2102 1862 2241 1926; x_wconf 77' lang='lat' dir='ltr'><strong>aliis]</strong></span> <span class='ocrx_word' id='word_1_370' title='bbox 2272 1863 2427 1916; x_wconf 81' lang='lat' dir='ltr'><strong>Quod</strong></span> <span class='ocrx_word' id='word_1_371' title='bbox 2469 1865 2618 1916; x_wconf 86' lang='lat' dir='ltr'><strong>Otho</strong></span> <span class='ocrx_word' id='word_1_372' title='bbox 2653 1865 2783 1930; x_wconf 88' lang='lat' dir='ltr'><strong>imp.</strong></span> 
     </span>
     <span class='ocr_line' id='line_1_71' title="bbox 1707 1937 2777 2003; baseline 0.006 -16"><span class='ocrx_word' id='word_1_373' title='bbox 1707 1937 1852 1993; x_wconf 86' lang='lat' dir='ltr'><strong>fecit.</strong></span> <span class='ocrx_word' id='word_1_374' title='bbox 1909 1955 2063 2003; x_wconf 90' lang='lat' dir='ltr'><strong>quem</strong></span> <span class='ocrx_word' id='word_1_375' title='bbox 2109 1940 2320 1990; x_wconf 79' lang='lat' dir='ltr'><strong>Tacitus</strong></span> <span class='ocrx_word' id='word_1_376' title='bbox 2362 1942 2562 1997; x_wconf 88' lang='lat' dir='ltr'><strong>scribit,</strong></span> <span class='ocrx_word' id='word_1_377' title='bbox 2611 1950 2627 1972; x_wconf 79' lang='lat'>⁸</span> <span class='ocrx_word' id='word_1_378' title='bbox 2657 1958 2777 1993; x_wconf 76' lang='lat' dir='ltr'><strong>curu</strong></span> 
     </span>
     <span class='ocr_line' id='line_1_72' title="bbox 1704 2015 2780 2069; baseline 0.005 -6"><span class='ocrx_word' id='word_1_379' title='bbox 1704 2015 1910 2064; x_wconf 86' lang='lat' dir='ltr'><strong>Titiano</strong></span> <span class='ocrx_word' id='word_1_380' title='bbox 1936 2015 2099 2066; x_wconf 77' lang='lat' dir='ltr'><strong>fratre</strong></span> <span class='ocrx_word' id='word_1_381' title='bbox 2125 2017 2391 2066; x_wconf 87' lang='lat' dir='ltr'><strong>consulem</strong></span> <span class='ocrx_word' id='word_1_382' title='bbox 2418 2017 2467 2067; x_wconf 88' lang='lat' dir='ltr'><strong>in</strong></span> <span class='ocrx_word' id='word_1_383' title='bbox 2493 2019 2610 2069; x_wconf 79' lang='lat' dir='ltr'><strong>Kal.</strong></span> <span class='ocrx_word' id='word_1_384' title='bbox 2638 2020 2780 2068; x_wconf 77' lang='lat' dir='ltr'><strong>Mar-</strong></span> 
     </span>
     <span class='ocr_line' id='line_1_73' title="bbox 1708 2092 2779 2154; baseline 0.005 -12"><span class='ocrx_word' id='word_1_385' title='bbox 1708 2093 1805 2142; x_wconf 85' lang='lat' dir='ltr'><strong>tias</strong></span> <span class='ocrx_word' id='word_1_386' title='bbox 1838 2109 1892 2140; x_wconf 89' lang='lat' dir='ltr'><strong>se</strong></span> <span class='ocrx_word' id='word_1_387' title='bbox 1935 2092 2120 2142; x_wconf 86' lang='lat' dir='ltr'><strong>fecisse</strong></span> <span class='ocrx_word' id='word_1_388' title='bbox 2146 2108 2162 2154; x_wconf 85' lang='lat'>;</span> <span class='ocrx_word' id='word_1_389' title='bbox 2192 2101 2399 2144; x_wconf 89' lang='lat' dir='ltr'><strong>ceteros</strong></span> <span class='ocrx_word' id='word_1_390' title='bbox 2443 2102 2619 2144; x_wconf 87' lang='lat' dir='ltr'><strong>autem</strong></span> <span class='ocrx_word' id='word_1_391' title='bbox 2653 2111 2779 2146; x_wconf 86' lang='lat' dir='ltr'><strong>con-</strong></span> 
     </span>
     <span class='ocr_line' id='line_1_74' title="bbox 1706 2169 2780 2222; baseline 0.004 -5"><span class='ocrx_word' id='word_1_392' title='bbox 1706 2173 1901 2218; x_wconf 88' lang='lat' dir='ltr'><strong>sulatus</strong></span> <span class='ocrx_word' id='word_1_393' title='bbox 1940 2185 2003 2217; x_wconf 82' lang='lat' dir='ltr'><strong>ex</strong></span> <span class='ocrx_word' id='word_1_394' title='bbox 2029 2170 2376 2220; x_wconf 78' lang='lat' dir='ltr'><strong>destinatione</strong></span> <span class='ocrx_word' id='word_1_395' title='bbox 2412 2169 2644 2221; x_wconf 82' lang='lat' dir='ltr'><strong>Neronis</strong></span> <span class='ocrx_word' id='word_1_396' title='bbox 2686 2179 2780 2222; x_wconf 86' lang='lat' dir='ltr'><strong>ant</strong></span> 
     </span>
     <span class='ocr_line' id='line_1_75' title="bbox 1707 2248 2780 2313; baseline 0.003 -17"><span class='ocrx_word' id='word_1_397' title='bbox 1707 2248 1891 2298; x_wconf 78' lang='lat' dir='ltr'><strong>Gatbae</strong></span> <span class='ocrx_word' id='word_1_398' title='bbox 1914 2248 2196 2298; x_wconf 66' lang='lat' dir='ltr'><strong>mansisse!</strong></span> <span class='ocrx_word' id='word_1_399' title='bbox 2267 2249 2408 2313; x_wconf 85' lang='lat' dir='ltr'><strong>Ergo</strong></span> <span class='ocrx_word' id='word_1_400' title='bbox 2431 2249 2482 2298; x_wconf 88' lang='lat' dir='ltr'><strong>in</strong></span> <span class='ocrx_word' id='word_1_401' title='bbox 2519 2251 2780 2312; x_wconf 81' lang='lat' dir='ltr'><strong>prioribus</strong></span> 
     </span>
     <span class='ocr_line' id='line_1_76' title="bbox 1708 2324 2779 2389; baseline 0 -16"><span class='ocrx_word' id='word_1_402' title='bbox 1708 2324 1950 2381; x_wconf 83' lang='lat' dir='ltr'><strong>mutavit,</strong></span> <span class='ocrx_word' id='word_1_403' title='bbox 2000 2332 2054 2374; x_wconf 90' lang='lat' dir='ltr'><strong>et</strong></span> <span class='ocrx_word' id='word_1_404' title='bbox 2093 2324 2393 2389; x_wconf 89' lang='lat' dir='ltr'><strong>designatos</strong></span> <span class='ocrx_word' id='word_1_405' title='bbox 2438 2325 2559 2375; x_wconf 90' lang='lat' dir='ltr'><strong>loco</strong></span> <span class='ocrx_word' id='word_1_406' title='bbox 2595 2327 2779 2376; x_wconf 73' lang='lat' dir='ltr'><strong>mevit.</strong></span> 
     </span>
     <span class='ocr_line' id='line_1_77' title="bbox 1708 2399 1848 2464; baseline -0.007 -16"><span class='ocrx_word' id='word_1_407' title='bbox 1708 2399 1848 2464; x_wconf 82' lang='lat' dir='ltr'><strong>Lips.</strong></span> 
     </span>
    </p>

    <p class='ocr_par' dir='ltr' id='par_1_7' title="bbox 1705 2477 2813 4384">
     <span class='ocr_line' id='line_1_78' title="bbox 1774 2477 2778 2543; baseline 0.004 -17"><span class='ocrx_word' id='word_1_408' title='bbox 1774 2478 2083 2528; x_wconf 75' lang='lat' dir='ltr'><strong>Destinatam</strong></span> <span class='ocrx_word' id='word_1_409' title='bbox 2104 2478 2242 2543; x_wconf 77' lang='lat' dir='ltr'><strong>aliis]</strong></span> <span class='ocrx_word' id='word_1_410' title='bbox 2278 2477 2516 2541; x_wconf 87' lang='lat' dir='ltr'><strong>Scilicet,</strong></span> <span class='ocrx_word' id='word_1_411' title='bbox 2534 2479 2678 2543; x_wconf 84' lang='lat' dir='ltr'><strong>quod</strong></span> <span class='ocrx_word' id='word_1_412' title='bbox 2703 2479 2778 2530; x_wconf 90' lang='grc' dir='ltr'><strong>Ο-</strong></span> 
     </span>
     <span class='ocr_line' id='line_1_79' title="bbox 1709 2556 2782 2623; baseline 0.005 -19"><span class='ocrx_word' id='word_1_413' title='bbox 1709 2556 1958 2619; x_wconf 87' lang='lat' dir='ltr'><strong>nuphrius</strong></span> <span class='ocrx_word' id='word_1_414' title='bbox 1993 2556 2280 2605; x_wconf 76' lang='lat' dir='ltr'><strong>Pauvinius</strong></span> <span class='ocrx_word' id='word_1_415' title='bbox 2307 2557 2453 2606; x_wconf 84' lang='lat' dir='ltr'><strong>Fast.</strong></span> <span class='ocrx_word' id='word_1_416' title='bbox 2476 2558 2570 2607; x_wconf 89' lang='lat' dir='ltr'><strong>lib.</strong></span> <span class='ocrx_word' id='word_1_417' title='bbox 2593 2571 2633 2608; x_wconf 85' lang='lat'><strong>1.</strong></span> <span class='ocrx_word' id='word_1_418' title='bbox 2656 2573 2782 2623; x_wconf 80' lang='lat' dir='ltr'><strong>pag.</strong></span> 
     </span>
     <span class='ocr_line' id='line_1_80' title="bbox 1706 2632 2782 2697; baseline 0.003 -16"><span class='ocrx_word' id='word_1_419' title='bbox 1706 2637 1788 2683; x_wconf 79' lang='lat' dir='ltr'><strong>ol.</strong></span> <span class='ocrx_word' id='word_1_420' title='bbox 1809 2641 1860 2681; x_wconf 92' lang='lat' dir='ltr'><strong>et</strong></span> <span class='ocrx_word' id='word_1_421' title='bbox 1880 2632 2076 2696; x_wconf 83' lang='lat' dir='ltr'><strong>Pagius</strong></span> <span class='ocrx_word' id='word_1_422' title='bbox 2099 2632 2149 2680; x_wconf 89' lang='lat' dir='ltr'><strong>in</strong></span> <span class='ocrx_word' id='word_1_423' title='bbox 2168 2632 2395 2682; x_wconf 87' lang='lat' dir='ltr'><strong>Dissert.</strong></span> <span class='ocrx_word' id='word_1_424' title='bbox 2416 2632 2626 2697; x_wconf 74' lang='lat' dir='ltr'><strong>Hypat.</strong></span> <span class='ocrx_word' id='word_1_425' title='bbox 2650 2634 2713 2683; x_wconf 81' lang='grc' dir='ltr'><strong>Ρ.</strong></span> <span class='ocrx_word' id='word_1_426' title='bbox 2739 2648 2782 2684; x_wconf 82' lang='grc' dir='ltr'><strong>ι.</strong></span> 
     </span>
     <span class='ocr_line' id='line_1_81' title="bbox 1707 2707 2784 2772; baseline 0.002 -14"><span class='ocrx_word' id='word_1_427' title='bbox 1707 2722 1754 2758; x_wconf 93' lang='lat' dir='ltr'><strong>c.</strong></span> <span class='ocrx_word' id='word_1_428' title='bbox 1776 2712 1829 2756; x_wconf 86' lang='grc'><strong>8.</strong></span> <span class='ocrx_word' id='word_1_429' title='bbox 1852 2707 2086 2772; x_wconf 84' lang='lat' dir='ltr'><strong>pluribus</strong></span> <span class='ocrx_word' id='word_1_430' title='bbox 2107 2716 2486 2771; x_wconf 81' lang='lat' dir='ltr'><strong>exposuerunt,</strong></span> <span class='ocrx_word' id='word_1_431' title='bbox 2510 2717 2632 2772; x_wconf 82' lang='lat' dir='ltr'><strong>post</strong></span> <span class='ocrx_word' id='word_1_432' title='bbox 2656 2724 2784 2760; x_wconf 88' lang='lat' dir='ltr'><strong>con·</strong></span> 
     </span>
     <span class='ocr_line' id='line_1_82' title="bbox 1708 2784 2784 2848; baseline 0.004 -16"><span class='ocrx_word' id='word_1_433' title='bbox 1708 2785 1951 2833; x_wconf 87' lang='lat' dir='ltr'><strong>stitutum</strong></span> <span class='ocrx_word' id='word_1_434' title='bbox 1999 2784 2267 2846; x_wconf 86' lang='lat' dir='ltr'><strong>imperium</strong></span> <span class='ocrx_word' id='word_1_435' title='bbox 2316 2786 2624 2848; x_wconf 86' lang='lat' dir='ltr'><strong>Romanurn,</strong></span> <span class='ocrx_word' id='word_1_436' title='bbox 2676 2788 2784 2836; x_wconf 90' lang='lat' dir='ltr'><strong>tria</strong></span> 
     </span>
     <span class='ocr_line' id='line_1_83' title="bbox 1708 2858 2784 2923; baseline 0.004 -13"><span class='ocrx_word' id='word_1_437' title='bbox 1708 2861 1975 2910; x_wconf 85' lang='lat' dir='ltr'><strong>consulum</strong></span> <span class='ocrx_word' id='word_1_438' title='bbox 2010 2874 2203 2923; x_wconf 89' lang='lat' dir='ltr'><strong>genera</strong></span> <span class='ocrx_word' id='word_1_439' title='bbox 2223 2858 2664 2921; x_wconf 81' lang='lat' dir='ltr'><strong>fuere,distinctis</strong></span> <span class='ocrx_word' id='word_1_440' title='bbox 2688 2878 2784 2914; x_wconf 85' lang='lat' dir='ltr'><strong>no-</strong></span> 
     </span>
     <span class='ocr_line' id='line_1_84' title="bbox 1708 2937 2786 3003; baseline 0.004 -16"><span class='ocrx_word' id='word_1_441' title='bbox 1708 2938 1932 2987; x_wconf 86' lang='lat' dir='ltr'><strong>minibus</strong></span> <span class='ocrx_word' id='word_1_442' title='bbox 1968 2937 2234 3002; x_wconf 84' lang='lat' dir='ltr'><strong>appellata</strong></span> <span class='ocrx_word' id='word_1_443' title='bbox 2261 2955 2277 2997; x_wconf 90' lang='lat'>;</span> <span class='ocrx_word' id='word_1_444' title='bbox 2314 2953 2504 3003; x_wconf 85' lang='lat' dir='ltr'><strong>nempe</strong></span> <span class='ocrx_word' id='word_1_445' title='bbox 2537 2943 2786 2991; x_wconf 86' lang='lat' dir='ltr'><strong>consules</strong></span> 
     </span>
     <span class='ocr_line' id='line_1_85' title="bbox 1705 3011 2785 3082; baseline 0.006 -20"><span class='ocrx_word' id='word_1_446' title='bbox 1705 3016 1722 3044; x_wconf 78' lang='lat'><strong>⁴</strong></span> <span class='ocrx_word' id='word_1_447' title='bbox 1746 3014 2026 3077; x_wconf 86' lang='lat' dir='ltr'><strong>ordinarii‚’</strong></span> <span class='ocrx_word' id='word_1_448' title='bbox 2055 3016 2071 3042; x_wconf 82' lang='lat'>⁸</span> <span class='ocrx_word' id='word_1_449' title='bbox 2088 3011 2330 3076; x_wconf 78' lang='lat' dir='ltr'><strong>suffecti,’</strong></span> <span class='ocrx_word' id='word_1_450' title='bbox 2364 3022 2420 3066; x_wconf 89' lang='lat' dir='ltr'><strong>et</strong></span> <span class='ocrx_word' id='word_1_451' title='bbox 2443 3018 2458 3044; x_wconf 82' lang='lat'>⁸</span> <span class='ocrx_word' id='word_1_452' title='bbox 2477 3018 2785 3082; x_wconf 83' lang='lat' dir='ltr'><strong>honorarii,’</strong></span> 
     </span>
     <span class='ocr_line' id='line_1_86' title="bbox 1708 3087 2790 3146; baseline 0.006 -8"><span class='ocrx_word' id='word_1_453' title='bbox 1708 3091 1817 3139; x_wconf 85' lang='lat' dir='ltr'><strong>sive</strong></span> <span class='ocrx_word' id='word_1_454' title='bbox 1839 3091 1854 3119; x_wconf 86' lang='lat'>‘</span> <span class='ocrx_word' id='word_1_455' title='bbox 1874 3087 2236 3141; x_wconf 62' lang='lat' dir='ltr'><strong>codicillares:</strong></span> <span class='ocrx_word' id='word_1_456' title='bbox 2303 3090 2407 3143; x_wconf 81' lang='lat' dir='ltr'><strong>Qui</strong></span> <span class='ocrx_word' id='word_1_457' title='bbox 2428 3092 2674 3143; x_wconf 86' lang='lat' dir='ltr'><strong>Calendis</strong></span> <span class='ocrx_word' id='word_1_458' title='bbox 2690 3094 2790 3146; x_wconf 77' lang='lat' dir='ltr'><strong>Ja-</strong></span> 
     </span>
     <span class='ocr_line' id='line_1_87' title="bbox 1710 3166 2791 3236; baseline 0.006 -22"><span class='ocrx_word' id='word_1_459' title='bbox 1710 3166 1904 3215; x_wconf 85' lang='lat' dir='ltr'><strong>nuariis</strong></span> <span class='ocrx_word' id='word_1_460' title='bbox 1941 3167 2266 3216; x_wconf 86' lang='lat' dir='ltr'><strong>consulatum</strong></span> <span class='ocrx_word' id='word_1_461' title='bbox 2305 3167 2524 3226; x_wconf 83' lang='lat' dir='ltr'><strong>inibant,</strong></span> <span class='ocrx_word' id='word_1_462' title='bbox 2561 3176 2621 3219; x_wconf 87' lang='lat' dir='ltr'><strong>et</strong></span> <span class='ocrx_word' id='word_1_463' title='bbox 2656 3185 2791 3236; x_wconf 84' lang='lat' dir='ltr'><strong>quo-</strong></span> 
     </span>
     <span class='ocr_line' id='line_1_88' title="bbox 1711 3242 2795 3308; baseline 0.004 -14"><span class='ocrx_word' id='word_1_464' title='bbox 1711 3258 1822 3294; x_wconf 90' lang='lat' dir='ltr'><strong>rum</strong></span> <span class='ocrx_word' id='word_1_465' title='bbox 1848 3244 2055 3293; x_wconf 86' lang='lat' dir='ltr'><strong>nomina</strong></span> <span class='ocrx_word' id='word_1_466' title='bbox 2094 3242 2244 3293; x_wconf 80' lang='lat' dir='ltr'><strong>fastis</strong></span> <span class='ocrx_word' id='word_1_467' title='bbox 2285 3245 2795 3308; x_wconf 71' lang='lat' dir='ltr'><strong>pra-scribebantur,</strong></span> 
     </span>
     <span class='ocr_line' id='line_1_89' title="bbox 1710 3320 2796 3377; baseline 0.006 -9"><span class='ocrx_word' id='word_1_468' title='bbox 1710 3325 1726 3347; x_wconf 84' lang='lat'><em>‘</em></span> <span class='ocrx_word' id='word_1_469' title='bbox 1746 3321 1984 3369; x_wconf 90' lang='lat' dir='ltr'><strong>consules</strong></span> <span class='ocrx_word' id='word_1_470' title='bbox 2004 3320 2284 3369; x_wconf 84' lang='lat' dir='ltr'><strong>ordinarii’</strong></span> <span class='ocrx_word' id='word_1_471' title='bbox 2315 3320 2623 3376; x_wconf 80' lang='lat' dir='ltr'><strong>audiebant.</strong></span> <span class='ocrx_word' id='word_1_472' title='bbox 2679 3326 2796 3377; x_wconf 80' lang='lat' dir='ltr'><strong>Qui</strong></span> 
     </span>
     <span class='ocr_line' id='line_1_90' title="bbox 1712 3397 2795 3466; baseline 0.006 -19"><span class='ocrx_word' id='word_1_473' title='bbox 1712 3397 1985 3447; x_wconf 86' lang='lat' dir='ltr'><strong>ordinariis</strong></span> <span class='ocrx_word' id='word_1_474' title='bbox 2041 3397 2404 3448; x_wconf 83' lang='lat' dir='ltr'><strong>abdicantibus</strong></span> <span class='ocrx_word' id='word_1_475' title='bbox 2460 3399 2513 3448; x_wconf 87' lang='lat' dir='ltr'><strong>in</strong></span> <span class='ocrx_word' id='word_1_476' title='bbox 2581 3401 2795 3466; x_wconf 80' lang='lat' dir='ltr'><strong>aliquot</strong></span> 
     </span>
     <span class='ocr_line' id='line_1_91' title="bbox 1711 3474 2797 3540; baseline 0.006 -16"><span class='ocrx_word' id='word_1_477' title='bbox 1711 3488 1916 3524; x_wconf 88' lang='lat' dir='ltr'><strong>menses</strong></span> <span class='ocrx_word' id='word_1_478' title='bbox 1979 3474 2423 3540; x_wconf 83' lang='lat' dir='ltr'><strong>subrogabantur,</strong></span> <span class='ocrx_word' id='word_1_479' title='bbox 2472 3477 2797 3532; x_wconf 83' lang='lat' dir='ltr'><strong>dicebantur</strong></span> 
     </span>
     <span class='ocr_line' id='line_1_92' title="bbox 1712 3550 2797 3623; baseline 0.007 -23"><span class='ocrx_word' id='word_1_480' title='bbox 1712 3553 1985 3601; x_wconf 86' lang='lat' dir='ltr'><strong>‘consules</strong></span> <span class='ocrx_word' id='word_1_481' title='bbox 2024 3550 2305 3614; x_wconf 79' lang='lat' dir='ltr'><strong>suffecti3&#39;</strong></span> <span class='ocrx_word' id='word_1_482' title='bbox 2339 3561 2396 3602; x_wconf 87' lang='lat' dir='ltr'><strong>et</strong></span> <span class='ocrx_word' id='word_1_483' title='bbox 2441 3554 2595 3619; x_wconf 86' lang='lat' dir='ltr'><strong>tales,</strong></span> <span class='ocrx_word' id='word_1_484' title='bbox 2639 3570 2692 3605; x_wconf 88' lang='lat' dir='ltr'><strong>e.</strong></span> <span class='ocrx_word' id='word_1_485' title='bbox 2737 3574 2797 3623; x_wconf 80' lang='lat' dir='ltr'><strong>g.</strong></span> 
     </span>
     <span class='ocr_line' id='line_1_93' title="bbox 1713 3626 2800 3695; baseline 0.007 -19"><span class='ocrx_word' id='word_1_486' title='bbox 1713 3626 1958 3677; x_wconf 88' lang='lat' dir='ltr'><strong>Calendis</strong></span> <span class='ocrx_word' id='word_1_487' title='bbox 1994 3628 2205 3677; x_wconf 86' lang='lat' dir='ltr'><strong>Martiis</strong></span> <span class='ocrx_word' id='word_1_488' title='bbox 2246 3628 2311 3678; x_wconf 90' lang='lat' dir='ltr'><strong>ad</strong></span> <span class='ocrx_word' id='word_1_489' title='bbox 2353 3629 2542 3695; x_wconf 82' lang='lat' dir='ltr'><strong>Maias,</strong></span> <span class='ocrx_word' id='word_1_490' title='bbox 2588 3631 2720 3683; x_wconf 86' lang='lat' dir='ltr'><strong>item</strong></span> <span class='ocrx_word' id='word_1_491' title='bbox 2762 3651 2800 3685; x_wconf 86' lang='lat' dir='ltr'><strong>a</strong></span> 
     </span>
     <span class='ocr_line' id='line_1_94' title="bbox 1711 3703 2803 3771; baseline 0.006 -18"><span class='ocrx_word' id='word_1_492' title='bbox 1711 3704 1868 3753; x_wconf 87' lang='lat' dir='ltr'><strong>Maiis</strong></span> <span class='ocrx_word' id='word_1_493' title='bbox 1888 3704 1953 3752; x_wconf 89' lang='lat' dir='ltr'><strong>ad</strong></span> <span class='ocrx_word' id='word_1_494' title='bbox 1980 3703 2168 3763; x_wconf 83' lang='lat' dir='ltr'><strong>Julias,</strong></span> <span class='ocrx_word' id='word_1_495' title='bbox 2193 3718 2223 3753; x_wconf 91' lang='lat' dir='ltr'><strong>a</strong></span> <span class='ocrx_word' id='word_1_496' title='bbox 2256 3704 2417 3756; x_wconf 83' lang='lat' dir='ltr'><strong>Juliis</strong></span> <span class='ocrx_word' id='word_1_497' title='bbox 2441 3705 2504 3754; x_wconf 89' lang='lat' dir='ltr'><strong>ad</strong></span> <span class='ocrx_word' id='word_1_498' title='bbox 2538 3706 2803 3771; x_wconf 78' lang='lat' dir='ltr'><strong>Septem·</strong></span> 
     </span>
     <span class='ocr_line' id='line_1_95' title="bbox 1714 3779 2800 3844; baseline 0.008 -16"><span class='ocrx_word' id='word_1_499' title='bbox 1714 3780 1850 3835; x_wconf 77' lang='lat' dir='ltr'><strong>brea,</strong></span> <span class='ocrx_word' id='word_1_500' title='bbox 1873 3795 1904 3829; x_wconf 89' lang='lat' dir='ltr'><strong>a</strong></span> <span class='ocrx_word' id='word_1_501' title='bbox 1926 3779 2326 3842; x_wconf 83' lang='lat' dir='ltr'><strong>Septembribus</strong></span> <span class='ocrx_word' id='word_1_502' title='bbox 2350 3779 2414 3830; x_wconf 89' lang='lat' dir='ltr'><strong>ad</strong></span> <span class='ocrx_word' id='word_1_503' title='bbox 2432 3780 2800 3844; x_wconf 75' lang='lat' dir='ltr'><strong>Novembres.</strong></span> 
     </span>
     <span class='ocr_line' id='line_1_96' title="bbox 1714 3855 2803 3921; baseline 0.007 -17"><span class='ocrx_word' id='word_1_504' title='bbox 1714 3873 1745 3904; x_wconf 81' lang='lat' dir='ltr'><strong>a</strong></span> <span class='ocrx_word' id='word_1_505' title='bbox 1772 3855 2148 3905; x_wconf 85' lang='lat' dir='ltr'><strong>Novembribus</strong></span> <span class='ocrx_word' id='word_1_506' title='bbox 2172 3855 2235 3905; x_wconf 90' lang='lat' dir='ltr'><strong>ad</strong></span> <span class='ocrx_word' id='word_1_507' title='bbox 2259 3855 2554 3921; x_wconf 70' lang='lat' dir='ltr'><strong>sanast-ias,</strong></span> <span class='ocrx_word' id='word_1_508' title='bbox 2578 3860 2803 3912; x_wconf 81' lang='lat' dir='ltr'><strong>ordina·</strong></span> 
     </span>
     <span class='ocr_line' id='line_1_97' title="bbox 1715 3931 2805 3996; baseline 0.001 -16"><span class='ocrx_word' id='word_1_509' title='bbox 1715 3931 1934 3993; x_wconf 77' lang='lat' dir='ltr'><strong>bantur3</strong></span> <span class='ocrx_word' id='word_1_510' title='bbox 1970 3932 2202 3996; x_wconf 76' lang='lat' dir='ltr'><strong>quamvis</strong></span> <span class='ocrx_word' id='word_1_511' title='bbox 2225 3931 2434 3981; x_wconf 86' lang='lat' dir='ltr'><strong>modum</strong></span> <span class='ocrx_word' id='word_1_512' title='bbox 2469 3933 2610 3985; x_wconf 82' lang='lat' dir='ltr'><strong>hunc</strong></span> <span class='ocrx_word' id='word_1_513' title='bbox 2645 3938 2805 3988; x_wconf 81' lang='lat' dir='ltr'><strong>ordi.</strong></span> 
     </span>
     <span class='ocr_line' id='line_1_98' title="bbox 1715 3998 2806 4077; baseline 0.008 -21"><span class='ocrx_word' id='word_1_514' title='bbox 1715 3998 1996 4056; x_wconf 83' lang='lat' dir='ltr'><strong>nandorum</strong></span> <span class='ocrx_word' id='word_1_515' title='bbox 2036 4007 2303 4057; x_wconf 87' lang='lat' dir='ltr'><strong>consulum</strong></span> <span class='ocrx_word' id='word_1_516' title='bbox 2341 4009 2579 4058; x_wconf 85' lang='lat' dir='ltr'><strong>nonnulli</strong></span> <span class='ocrx_word' id='word_1_517' title='bbox 2618 4012 2806 4077; x_wconf 79' lang='lat' dir='ltr'><strong>impe·</strong></span> 
     </span>
     <span class='ocr_line' id='line_1_99' title="bbox 1716 4083 2813 4147; baseline 0.01 -16"><span class='ocrx_word' id='word_1_518' title='bbox 1716 4092 1915 4134; x_wconf 88' lang='lat' dir='ltr'><strong>ratores</strong></span> <span class='ocrx_word' id='word_1_519' title='bbox 1963 4098 2058 4147; x_wconf 87' lang='lat' dir='ltr'><strong>pro</strong></span> <span class='ocrx_word' id='word_1_520' title='bbox 2116 4099 2209 4134; x_wconf 86' lang='lat' dir='ltr'><strong>suo</strong></span> <span class='ocrx_word' id='word_1_521' title='bbox 2249 4083 2469 4136; x_wconf 85' lang='lat' dir='ltr'><strong>arbitrio</strong></span> <span class='ocrx_word' id='word_1_522' title='bbox 2519 4091 2813 4144; x_wconf 76' lang='lat' dir='ltr'><strong>mutarint.</strong></span> 
     </span>
     <span class='ocr_line' id='line_1_100' title="bbox 1717 4159 2811 4222; baseline 0.006 -13"><span class='ocrx_word' id='word_1_523' title='bbox 1717 4164 1733 4190; x_wconf 82' lang='lat'>⁸</span> <span class='ocrx_word' id='word_1_524' title='bbox 1753 4161 2006 4210; x_wconf 85' lang='lat' dir='ltr'><strong>Consules</strong></span> <span class='ocrx_word' id='word_1_525' title='bbox 2024 4159 2039 4183; x_wconf 84' lang='grc'><strong><em>’</em></strong></span> <span class='ocrx_word' id='word_1_526' title='bbox 2087 4168 2264 4212; x_wconf 87' lang='lat' dir='ltr'><strong>autem</strong></span> <span class='ocrx_word' id='word_1_527' title='bbox 2315 4167 2330 4190; x_wconf 82' lang='lat'><em>‘</em></span> <span class='ocrx_word' id='word_1_528' title='bbox 2351 4161 2657 4221; x_wconf 83' lang='lat' dir='ltr'><strong>honorarii,’</strong></span> <span class='ocrx_word' id='word_1_529' title='bbox 2690 4171 2811 4222; x_wconf 77' lang='lat' dir='ltr'><strong>etsi</strong></span> 
     </span>
     <span class='ocr_line' id='line_1_101' title="bbox 1716 4238 2810 4309; baseline 0.007 -21"><span class='ocrx_word' id='word_1_530' title='bbox 1716 4253 1818 4288; x_wconf 91' lang='lat' dir='ltr'><strong>non</strong></span> <span class='ocrx_word' id='word_1_531' title='bbox 1844 4238 2011 4300; x_wconf 88' lang='lat' dir='ltr'><strong>ipsum</strong></span> <span class='ocrx_word' id='word_1_532' title='bbox 2035 4239 2366 4288; x_wconf 83' lang='lat' dir='ltr'><strong>consulatum</strong></span> <span class='ocrx_word' id='word_1_533' title='bbox 2386 4248 2565 4289; x_wconf 83' lang='lat' dir='ltr'><strong>essent</strong></span> <span class='ocrx_word' id='word_1_534' title='bbox 2585 4241 2810 4309; x_wconf 78' lang='lat' dir='ltr'><strong>adepti,</strong></span> 
     </span>
     <span class='ocr_line' id='line_1_102' title="bbox 1716 4314 2812 4384; baseline 0.008 -19"><span class='ocrx_word' id='word_1_535' title='bbox 1716 4329 1784 4365; x_wconf 83' lang='lat' dir='ltr'><strong>ex</strong></span> <span class='ocrx_word' id='word_1_536' title='bbox 1826 4315 2197 4382; x_wconf 80' lang='lat' dir='ltr'><strong>imperatorum</strong></span> <span class='ocrx_word' id='word_1_537' title='bbox 2234 4320 2411 4369; x_wconf 82' lang='lat' dir='ltr'><strong>tamen</strong></span> <span class='ocrx_word' id='word_1_538' title='bbox 2456 4314 2812 4384; x_wconf 78' lang='lat' dir='ltr'><strong>indulgentia</strong></span> 
     </span>
    </p>
   </div>
  </div>
 </body>
</html>
