3060 4902
791 377 854 425 0.
901 373 1145 425 Phth
1195 374 1525 424 saeuum
1581 375 1860 426 PANEG.

350 535 466 571 curn
489 535 646 571 nemo
671 530 794 572 tnnc
819 530 1009 572 metum
1041 523 1193 574 domo
1215 523 1416 572 extule-

349 600 417 649 rit
434 615 450 660 3
467 612 692 663 cumque
713 612 888 648 omnes
906 600 1088 663 reliqui
1108 598 1242 655 libri,
1257 601 1416 662 scrip·

350 677 391 726 ti
438 678 641 741 pariter
686 688 842 744 atque
892 678 1149 741 impressi,
1192 679 1418 727 habeant

349 756 572 816 amictas,
612 769 675 805 ac
714 769 830 803 cum
869 763 1125 817 praeterea
1159 755 1414 818 exemplis

350 837 576 887 constet.
621 832 878 880 Romanos
921 831 984 879 ad
1032 829 1250 880 affectus
1293 845 1411 879 sitos

350 906 699 957 ostendendos
732 907 889 955 variis
919 906 1276 956 occasionibus
1302 920 1412 957 ves·

349 983 569 1032 timenta
599 982 690 1032 sua
716 983 919 1045 jactare
943 991 998 1031 et
1023 989 1306 1032 concutere
1331 997 1410 1031 so-

348 1058 469 1108 litos
494 1073 630 1110 esse.
699 1059 816 1109 Non
842 1066 920 1108 est
944 1073 1092 1122 ergo,
1115 1073 1207 1108 cur
1231 1060 1411 1109 lectio·

348 1148 463 1183 nem
489 1134 749 1197 vulgatam
774 1133 1088 1184 deseramus.
1140 1136 1226 1184 Sic
1253 1135 1410 1185 Ovid.

349 1208 529 1259 Amor.
587 1224 677 1260 111.
724 1214 804 1259 11.
863 1215 946 1260 73.
1007 1226 1152 1275 seqq.
1197 1212 1412 1268 indicat,

350 1284 626 1351 aliquando
673 1288 1014 1351 jactationem
1073 1295 1305 1350 togarum
1360 1289 1410 1335 in

347 1364 659 1427 spectaculis
679 1364 803 1413 circi
825 1366 991 1413 locum
1012 1362 1267 1421 babuisse,
1288 1363 1409 1412 dum

346 1456 393 1492 e.
430 1457 480 1505 g.
528 1450 854 1505 spectatores
898 1442 1194 1506 significare
1237 1443 1410 1491 volne⁴

347 1519 469 1581 rint,
512 1519 732 1569 inertem
785 1519 1093 1582 agitatorem
1139 1517 1410 1582 quadriga·

345 1610 458 1644 rum
493 1597 836 1645 revocandum
862 1609 978 1644 esse
1003 1609 1030 1642 a
1053 1607 1237 1644 cursu:
1272 1596 1288 1622 ‘
1314 1595 1408 1642 Fa-

343 1671 510 1721 vimus
555 1673 771 1736 ignav03
827 1672 916 1720 sed
971 1686 1085 1720 eum
1143 1678 1408 1727 revocate,

344 1748 604 1810 Quirites,
644 1751 714 1799 Et
754 1749 877 1799 date
915 1747 1134 1812 jactatis
1180 1746 1406 1811 undique

343 1825 494 1889 signa
535 1820 687 1889 togis'.
766 1827 845 1874 En
891 1824 1168 1873 revocautl
1224 1831 1297 1884 at,
1341 1837 1406 1873 ne

340 1902 525 1951 turbet
556 1910 676 1965 toga
700 1910 838 1950 mota
863 1899 1096 1964 capillos,
1117 1899 1179 1948 In
1206 1909 1406 1950 nostros

340 1976 501 2028 abdas
528 1985 581 2028 te
607 1980 728 2028 licet
756 1992 913 2041 nsque
942 1975 1123 2026 sinus!
1186 1978 1274 2027 Sic
1289 1979 1404 2042 jac·

342 2055 469 2104 tatio
506 2059 739 2118 togarum
777 2055 978 2118 signum
1015 2054 1324 2118 explosionis
1350 2062 1404 2104 et

340 2130 687 2195 displicentiae
713 2131 871 2180 fuisse
899 2131 1120 2180 videtur.
1186 2132 1404 2180 Martia·

337 2208 402 2257 lis
423 2224 648 2273 quoque,
686 2223 812 2258 xnt.
839 2213 920 2258 99.
958 2209 1173 2271 respicit
1208 2224 1402 2258 morem

339 2295 575 2349 togarum
595 2287 646 2335 in
667 2286 1226 2349 theatrojactatarum:
1262 2289 1275 2313 ⁸
1295 2288 1402 2335 De·

337 2363 551 2420 licium‚’
583 2365 767 2429 inquit,
802 2370 994 2426 ‘parvo
1031 2363 1247 2411 donabis
1285 2363 1402 2412 dor·

339 2441 471 2491 cada
501 2450 652 2503 nato;
687 2441 915 2492 Jactatis
947 2441 1080 2490 solet
1119 2441 1249 2489 hanc
1287 2440 1402 2490 mit·

342 2524 456 2566 tere
481 2517 630 2566 turba
657 2516 829 2579 togis.’
896 2517 997 2566 Qui
1027 2529 1202 2565 versus
1235 2516 1402 2579 paullo

337 2592 678 2654 obscuriores,
696 2594 988 2654 interprete
1005 2595 1128 2642 Oct.
1150 2594 1407 2659 Ferrario,

339 2670 405 2720 de
432 2671 508 2719 Re
532 2671 678 2719 Vest.
704 2683 767 2719 ιι.
791 2673 873 2719 act.
909 2670 1201 2732 significare
1227 2671 1401 2720 viden·

337 2753 440 2801 tur,
473 2745 769 2800 dorcadem,
804 2745 913 2793 sive
951 2747 1171 2803 damam.
1212 2748 1401 2796 animal

337 2825 594 2884 timidum,
619 2825 669 2872 in
693 2838 862 2873 aream
902 2825 1131 2886 missum,
1153 2827 1293 2874 nullo
1316 2842 1401 2875 ca·

335 2914 458 2950 num
488 2905 706 2962 terrore,
730 2893 950 2948 seffsola
978 2908 1208 2963 togarum
1227 2902 1399 2963 jacta-

337 2978 498 3034 tione.
522 2978 771 3038 agitatum
796 2990 909 3024 esse
932 2991 960 3024 a
983 2978 1399 3040 spectatoribus3

337 3054 420 3102 vel
478 3054 659 3102 ludicri
706 3067 887 3102 caussa
933 3051 1234 3115 dorcadem,
1283 3053 1397 3102 sub-

326 3128 482 3191 jecta
529 3137 668 3192 toga,
711 3135 765 3176 et
800 3128 1025 3191 jactata,
1071 3127 1121 3175 in
1180 3127 1397 3179 sublime

333 3205 543 3253 missam
584 3218 714 3252 esse.
781 3204 884 3252 Sed
926 3204 1203 3266 aliquando
1242 3205 1394 3254 etiam

334 3279 491 3329 moris
531 3277 648 3343 fuit,
686 3287 762 3335 nt,
802 3291 896 3340 pro
935 3278 1138 3327 diversa
1175 3269 1395 3330 vestium

333 3356 563 3406 motione
600 3364 655 3406 et
694 3355 991 3417 agitatione,
1026 3355 1398 3418 compellaren-

335 3438 424 3482 tur
445 3440 499 3481 et
522 3431 900 3481 advocarentur
932 3431 986 3493 ii,
1017 3432 1103 3496 qui
1143 3433 1397 3483 accedere

333 3517 388 3560 ct
413 3511 592 3559 adesse
608 3506 941 3573 jubebantur.
977 3508 1064 3557 Sic
1085 3508 1264 3571 virgil.
1288 3511 1399 3559 AEn.

336 3596 462 3635 vt'tt.
485 3590 600 3634 ⁷11.
625 3599 772 3649 seqq.
825 3585 1000 3633 Nilum
1027 3585 1242 3648 inducit,
1266 3585 1398 3650 fugi.

333 3671 483 3713 entes
507 3668 562 3711 et
586 3663 749 3711 victos
779 3663 1000 3709 vestium
1035 3661 1317 3724 agitatione
1342 3672 1397 3713 et

331 3744 477 3788 motu
513 3736 576 3785 ad
611 3751 665 3785 se
703 3744 1012 3784 vocantem:
1047 3738 1277 3786 ‘Contra
1309 3754 1396 3787 au·

334 3813 481 3878 tem,’
503 3814 691 3876 inquit,
715 3814 729 3840 ‘
751 3827 934 3875 magno
959 3820 1257 3860 moerentem
1284 3828 1396 3862 cor·

330 3905 462 3956 pore
482 3890 682 3944 Nilum,
708 3889 1134 3950 pandentemque
1157 3889 1317 3953 sinus,
1341 3898 1396 3942 et

329 3972 447 4015 tota
492 3970 633 4013 veste
689 3975 961 4011 vocantem
1011 3963 1297 4012 Caeruleum
1343 3965 1394 4014 in

331 4039 584 4104 gremium
630 4038 992 4101 latebrosaque
1036 4036 1244 4086 flumina
1291 4039 1395 4088 vic-

331 4117 452 4167 tos.’
520 4114 718 4166 Adbaec
760 4115 1049 4177 agitatione
1089 4121 1144 4163 et
1186 4128 1397 4164 conens-

328 4195 470 4243 sione
493 4191 715 4241 vestium
741 4189 966 4239 dabatur
999 4190 1274 4253 aliquando
1298 4192 1396 4241 eti·

331 4283 414 4320 am
453 4268 654 4334 signum
692 4265 1048 4316 admirationis
1086 4272 1141 4315 et
1178 4267 1395 4331 applau-

1937 376 1988 424 1.
2016 358 2126 427 73.
2423 360 2555 429 937

1489 534 1596 571 sus.
1639 522 1728 572 Sic
1754 522 2015 586 Eunapius
2038 523 2088 571 in
2109 522 2318 575 Juliano
2342 523 2554 587 Sophis-

1491 605 1566 651 te,
1590 612 1707 660 pag.
1726 602 1836 647 129.
1862 597 2041 660 refert,
2062 600 2418 662 proconsulem
2445 598 2553 650 Ro·

1489 688 1714 735 manum,
1740 689 1947 737 gravem
1975 675 2221 737 judicem,
2247 675 2553 725 admiratum

1489 748 1836 813 eloquentiam
1905 750 2204 812 Proaeresii,
2269 752 2550 810 exsiluisse,

1488 825 1735 888 plausisse
1754 825 2012 889 manibus,
2027 834 2080 876 et
2100 833 2410 890 praetextam
2428 842 2552 878 con·

1488 903 1732 962 euasisse,
1757 903 1967 966 juvenis
1996 903 2059 952 ad
2096 919 2308 954 rnorem.
2376 906 2549 955 Etiam

1487 980 1590 1028 Dio
1615 981 1825 1031 Cassius
1861 981 1948 1029 lib.
1982 994 2098 1029 th.
2134 995 2251 1044 pag.
2283 985 2397 1030 699.
2432 995 2549 1030 nar-

1488 1062 1591 1119 rat,
1624 1056 1836 1104 Nerone
1875 1056 1927 1103 in
1963 1056 2219 1105 theatrum
2260 1071 2554 1120 progresso,

1484 1132 1662 1181 habitu
1687 1132 1983 1195 citharaedi,
2019 1148 2080 1182 ac
2118 1133 2323 1195 publice
2361 1147 2550 1183 canen·

1487 1215 1559 1264 te.
1593 1217 1758 1259 totum
1795 1210 2042 1272 populum
2080 1216 2423 1273 spectantem,
2459 1210 2547 1259 ad·

1485 1292 1774 1343 mirationis
1809 1293 2103 1359 favorisqne
2145 1293 2374 1343 testandi
2406 1307 2551 1343 cans-

1485 1385 1561 1426 sa,
1601 1371 1848 1433 plausisse
1892 1372 2149 1428 manibus,
2185 1378 2236 1420 et
2277 1370 2551 1420 vestimen-

1486 1445 1570 1493 tis.
1639 1446 1915 1509 Praercipue
1954 1455 2125 1495 autem
2162 1448 2383 1509 ingentis
2416 1447 2549 1496 la’ti·

1485 1521 1572 1570 tiae
1610 1521 1854 1572 indicium
1887 1522 1988 1572 fuit
2014 1523 2242 1587 jactatio
2281 1532 2549 1588 togarum3

1485 1597 1621 1660 quod
1647 1612 1711 1645 ex
1747 1598 1844 1647 hoc
1880 1599 1992 1647 loco
2019 1599 2176 1649 Plinii
2205 1606 2371 1662 patet,
2392 1614 2548 1663 quem

1484 1672 1716 1722 imitatus
1752 1689 1865 1723 esse
1899 1675 2106 1724 videtur
2131 1676 2474 1725 Mamertinus
2496 1677 2549 1726 in

1483 1748 1635 1797 Grat.
1670 1748 1792 1798 Act.
1823 1750 2036 1801 Juliano
2074 1750 2209 1813 Aug.
2234 1767 2280 1801 c.
2302 1757 2384 1802 89.
2423 1752 2550 1802 ‘Vi-

1481 1823 1689 1887 dimus,’
1732 1827 1912 1890 inquit,
1956 1834 1971 1856 ⁴
1997 1828 2247 1877 attonitos
2291 1829 2548 1879 admiran-

1480 1904 1609 1951 tium
1648 1905 1843 1967 vnltus,
1879 1904 2220 1955 multiformes
2255 1909 2545 1958 loetantium

1481 1987 1665 2041 status,
1687 1983 1859 2031 varios
1884 1995 2158 2045 corporum
2184 1990 2371 2033 motus.
2427 1984 2546 2034 Cla-

1480 2072 1647 2107 mores
1695 2059 1986 2107 incouditos
2043 2058 2390 2122 profundebat
2436 2062 2545 2112 lau-

1479 2132 1637 2182 dandi
1697 2133 1862 2182 effusa
1914 2135 2161 2183 libertas:
2222 2136 2546 2199 tripudiabat

1480 2210 1676 2258 crebris
1726 2211 1943 2259 saltibus
1991 2211 2285 2259 multitudo.
2354 2213 2544 2263 Nimiae

1480 2287 1679 2336 taetitiae
1704 2286 1908 2336 decoris
1934 2293 2055 2334 sunt
2077 2295 2130 2336 et
2158 2287 2428 2349 gravitatis
2453 2288 2547 2338 im·

1480 2377 1752 2411 memores.
1806 2362 1903 2410 Illa
1924 2363 2152 2425 jactatio
2178 2370 2435 2424 togarum,
2460 2364 2545 2413 illa

1479 2439 1736 2489 exultatio
1756 2454 2052 2501 corporum,
2070 2438 2413 2489 nescientibus
2438 2455 2540 2503 pae·
2570 2467 2577 2472 -

1480 2530 1546 2563 ne
1570 2516 1879 2579 bominibus,
1907 2515 2254 2563 excitabatur.
2323 2516 2544 2566 Omnem

1480 2591 1783 2640 modestiam
1827 2591 2025 2654 populi,
2061 2605 2261 2640 omnem
2296 2604 2546 2640 verecun-

1478 2666 1615 2716 diam
1663 2669 1756 2726 tui‚
1797 2669 1987 2730 gaudia
2029 2665 2223 2716 effrena
2264 2682 2545 2730 superave-

1479 2743 1632 2792 rant!
1698 2746 1788 2793 Sic
1832 2745 1983 2793 hodie
2027 2744 2303 2808 aliquando
2348 2744 2545 2808 videas,

1477 2820 1528 2868 in
1556 2820 1763 2882 publica
1789 2822 2085 2884 solennique
2118 2821 2325 2877 laetitia,
2353 2822 2543 2871 multos

1477 2908 1506 2943 e
1545 2898 1696 2959 plebe
1735 2897 1895 2960 pileos
1932 2912 2051 2945 suos
2087 2898 2137 2945 in
2179 2898 2397 2948 sublime
2423 2898 2543 2961 jac·
2625 2927 2629 2931 >

1475 2978 1607 3022 tare.
1674 2974 1810 3023 Quin
1850 2974 2005 3022 etiam
2046 2974 2183 3036 apud
2209 2980 2413 3022 veteres
2439 2988 2542 3024 non

1475 3064 1731 3111 nunquam
1751 3050 1970 3097 vestium
1990 3049 2211 3112 jactatio
2230 3064 2258 3096 e
2279 3050 2541 3098 contrario

1474 3134 1645 3175 metus
1682 3132 1738 3174 et
1778 3125 2146 3190 indignationis
2185 3125 2386 3187 signum
2423 3125 2542 3175 fuit.

1477 3201 1598 3250 Huc
1637 3199 1884 3262 refertur,
1925 3200 2058 3262 quod
2098 3202 2148 3248 in
2191 3200 2309 3250 Act.
2348 3200 2540 3265 Apost.

1478 3289 1625 3325 xxtt.
1664 3280 1746 3323 23.
1787 3275 2020 3338 legimus,
2060 3276 2264 3338 plebem
2308 3276 2539 3340 impiam,

1474 3367 1589 3402 cum
1610 3352 1855 3400 audiisset
1879 3350 2052 3400 divum
2072 3351 2312 3402 Paullum
2332 3352 2542 3403 Hebra-

1475 3429 1555 3479 ice
1591 3429 2002 3489 concionantem,
2039 3428 2448 3492 indignationem
2485 3439 2541 3484 et

1475 3506 1791 3557 iracundiam
1817 3520 1959 3553 suam
1994 3508 2317 3556 vestimentis
2353 3508 2450 3557 hac
2478 3510 2555 3560 il-·

1473 3581 1556 3630 lac
1579 3583 1799 3646 jactatis
1831 3581 2137 3644 prodidisse.
2202 3583 2540 3635 Taceo‘nunc

1474 3660 1576 3707 alia
1620 3658 1875 3721 exempla.
1946 3658 2152 3722 Itaque,
2192 3675 2289 3724 pro
2335 3661 2540 3712 diverso

1461 3735 1830 3795 jactandarum
1858 3737 2076 3784 vestium
2114 3737 2285 3800 modo,
2310 3738 2539 3787 diversa·

1474 3826 1573 3875 que
1595 3825 1793 3867 caussa,
1829 3813 1986 3860 etiam
2021 3811 2338 3861 diversorum
2377 3812 2537 3863 affec-

1473 3895 1617 3937 tuum
1644 3887 1891 3938 indicium
1916 3887 2014 3936 fuit
2038 3888 2291 3951 ejusmodi
2317 3891 2537 3940 vestium

1464 3965 1704 4029 jactatio.
1771 3964 1906 4013 Vide
1941 3966 2131 4014 Franc.
2159 3966 2535 4018 Bernardinum

1473 4041 1767 4089 Ferrarium
1788 4039 1853 4088 de
1870 4041 2119 4088 Veterum
2136 4040 2536 4095 Acclamationi·

1472 4117 1566 4166 bus
1590 4125 1644 4165 et
1669 4117 1883 4178 Plausu,
1908 4131 1968 4166 tt.
1992 4121 2042 4164 6.
2081 4117 2232 4165 Idem.

1540 4191 1652 4240 Noa
1690 4190 1915 4252 amictas]
1952 4192 2296 4243 Mamertinus
2332 4193 2532 4249 juliani

1469 4265 1807 4318 laudatione:
1849 4269 1864 4296 ‘
1890 4269 1940 4318 N
1948 4268 2079 4319 imiae
2105 4268 2304 4320 laetitiae
2328 4271 2534 4324 decoris
