3060 4902
752 368 825 415 c.
878 365 1124 415 punit
1173 364 1510 416 sEcuNnt
1558 366 1835 415 PANEG.
1910 368 1962 415 1.
2006 349 2117 417 28.

288 508 542 574 populns,
578 510 827 574 populus
869 523 973 560 non
1006 518 1214 575 prorsus
1239 526 1271 560 a
1302 526 1387 562 su·

291 588 534 651 spicione
559 589 785 637 violatae
823 589 1137 639 innocentiae
1172 589 1392 639 absolvi·

305 672 406 714 tur.
437 665 613 716 Miror
627 678 786 729 ergo,
804 679 904 715 cur
921 664 1255 727 Arutzenius,
1271 681 1390 716 curu

310 738 462 790 istaffi
489 741 688 790 variam
720 742 1005 791 lectionem
1035 743 1085 790 iu
1115 743 1390 805 Excerptis

317 817 622 881 Guelphicis
644 818 954 880 invenisset,
968 819 1078 868 ltaec
1095 818 1354 883 scripserit
1374 834 1389 870 ε

318 902 335 927 ⁶
359 894 590 944 Videtur
611 898 781 960 magis
803 909 917 944 esse
939 909 1003 944 ex
1033 896 1188 958 genio
1210 895 1392 957 Plinii,

318 977 373 1020 et
409 971 475 1020 ad
513 984 748 1021 normam
774 973 1241 1036 Panegyricornm‚
1275 986 1390 1036 qut

317 1049 582 1111 scriptura
604 1054 785 1099 exstat
806 1049 857 1097 in
881 1048 1105 1113 Guelph.
1140 1050 1202 1098 Id
1223 1055 1274 1098 tn
1283 1050 1391 1109 jam

319 1124 618 1173 innocentius
635 1126 825 1188 populo.
881 1122 995 1173 'Vel
1027 1125 1179 1174 scribi
1211 1128 1391 1190 possit,

318 1200 468 1249 elion
490 1200 823 1251 auxentius:
891 1201 1036 1249 Bene
1074 1209 1245 1251 tamen
1281 1201 1392 1264 egit

323 1280 403 1327 vir
421 1277 778 1341 doctissimus,
806 1278 965 1343 qnod,
997 1279 1211 1340 reliquis
1243 1280 1390 1329 libris

321 1354 448 1403 nihil
477 1355 821 1419 variantibus,
846 1354 1073 1404 nondum
1098 1363 1153 1405 et
1179 1357 1266 1405 hic
1300 1356 1391 1405 ali-

319 1429 445 1494 quid
480 1431 784 1480 mutaverit.
850 1430 1113 1493 Ceterum,
1147 1431 1391 1482 innocen-

325 1508 418 1572 tia,
440 1524 596 1574 qnam
623 1507 796 1558 laudnt
830 1508 1033 1558 Plinius
1062 1510 1113 1558 in
1153 1509 1390 1574 principe

323 1593 378 1635 et
419 1585 632 1650 populo,
671 1586 795 1635 alias
830 1587 937 1634 late
975 1593 1143 1649 patet,
1180 1589 1237 1634 et
1278 1582 1391 1635 fere

326 1662 569 1727 ati-quat
604 1668 619 1690 ⁰
645 1661 1074 1725 integritatem3’
1106 1668 1251 1712 certe
1274 1677 1390 1713 cum

324 1754 388 1786 ea
428 1750 572 1801 sepe
615 1739 977 1801 conjungitur-3
1032 1739 1106 1788 uti
1151 1739 1392 1790 Ciceroni

325 1812 560 1877 Philipp.
594 1826 684 1863 ιιι.
721 1818 802 1863 lo.
833 1814 1028 1864 dicitnr
1057 1821 1073 1844 ‘
1098 1829 1295 1865 summa
1319 1816 1393 1866 in·

327 1891 576 1953 tegritate
597 1897 654 1939 et
684 1891 983 1941 innocentia
1018 1890 1130 1940 vir!
1197 1892 1395 1942 Proeri·

326 1982 425 2033 pne
459 1982 557 2032 pro
579 1976 594 1998 ⁸
619 1969 974 2034 abstinentia,’
995 1976 1086 2018 aut
1110 1982 1174 2018 ea
1199 1971 1394 2020 virtute

327 2046 608 2111 accipitur,
631 2061 745 2112 que
771 2061 872 2096 nou
896 2046 1042 2096 malis
1068 2046 1267 2096 artibus
1291 2056 1395 2096 tra-

325 2123 401 2172 hit
425 2124 669 2188 rapitque
691 2124 878 2173 aliena.
943 2123 1121 2173 Talem
1148 2124 1396 2174 innocen·

327 2201 474 2262 tiam,
504 2215 537 2250 a
570 2200 788 2249 Vitellio
824 2202 875 2249 in
900 2200 1170 2265 provincia
1193 2200 1396 2265 praesti·

326 2283 431 2325 tam
456 2290 594 2338 esse,
621 2280 696 2327 ait
715 2277 935 2326 Suetou.
959 2292 1005 2326 c.
1028 2281 1077 2325 5.
1120 2274 1394 2339 sigillatim

326 2366 451 2415 vero
483 2355 501 2381 ⁸
528 2354 836 2403 innocentes
854 2352 869 2375 ’
906 2352 1173 2415 dicuntur,
1197 2352 1283 2417 qui
1309 2352 1396 2401 do·

323 2430 424 2494 uis,
461 2430 681 2496 aliisque
718 2431 866 2480 malis
902 2431 1121 2488 artibus,
1148 2442 1247 2480 uec
1284 2444 1397 2480 cor·

325 2509 575 2572 rumpunt
599 2507 747 2570 alios,
768 2521 862 2556 nec
891 2520 947 2555 se
979 2507 1236 2570 corrumpi
1262 2507 1396 2570 pati-

322 2590 502 2633 untur.
575 2582 692 2633 Hoc
715 2597 872 2632 sensu
907 2583 1144 2632 Ciceroni
1169 2583 1320 2633 Verr.
1343 2596 1397 2631 v.

323 2664 373 2708 ⁴.
398 2658 617 2722 judices
646 2664 702 2708 et
733 2665 988 2721 praetores
1022 2659 1259 2707 dicuntur
1281 2660 1296 2686 ¹
1322 2659 1396 2706 in-

319 2732 637 2796 nocentes3'
669 2740 725 2783 et
758 2734 825 2783 de
858 2732 1009 2784 Orat.
1040 2748 1079 2783 ι.
1099 2739 1182 2783 46.
1220 2733 1396 2783 lauda-

326 2817 413 2859 tur
438 2812 455 2839 ‘
478 2809 779 2859 innocentia
809 2810 1162 2873 judiciorum:
1183 2825 1395 2874 quorum

323 2895 517 2949 nempe
558 2885 738 2949 religio
771 2900 875 2934 non
917 2887 1150 2949 pecuniis
1183 2887 1396 2951 aliisque

327 2962 643 3026 corruptelis
664 2959 926 3026 perfracta
950 2969 1048 3012 est.
1113 2962 1195 3012 Sic
1214 2969 1268 3012 et
1288 2963 1396 3012 Cic.

323 3040 394 3088 od
429 3039 617 3088 Pamil.
653 3051 782 3088 xm.
819 3043 903 3088 64.
958 3039 1141 3089 Silium
1168 3054 1398 3103 proprae-

327 3124 496 3166 torem
538 3123 701 3179 rogat,
726 3117 741 3143 ‘
767 3130 831 3165 ne
861 3116 1118 3179 relinquat
1140 3116 1396 3166 hominem

325 3193 664 3244 innocentem
688 3192 753 3242 ad
783 3193 1002 3257 'alicujus
1025 3194 1101 3242 sni
1137 3194 1398 3243 dissimilis

323 3269 629 3332 questum?
692 3268 778 3319 Ita
810 3270 1004 3319 Dillius
1034 3269 1236 3319 Vocula
1258 3268 1396 3332 apud

322 3347 495 3396 Tacit.
519 3345 662 3395 Hist.
683 3357 761 3394 tv.
783 3350 868 3395 58.
892 3360 1008 3394 cnut
1033 3346 1255 3406 videret,
1277 3359 1399 3395 cen-

328 3424 593 3472 turionum
627 3423 948 3487 militumque
983 3423 1181 3472 animos
1204 3422 1322 3476 emi,
1346 3422 1399 3470 in

324 3499 568 3547 oratione
594 3500 732 3547 Deos
757 3508 1001 3561 precatus
1022 3506 1123 3559 est,
1145 3505 1202 3547 ut
1227 3504 1242 3528 ⁸
1265 3498 1400 3547 mili·

323 3574 470 3626 tibus
510 3573 756 3624 Romanis
791 3575 979 3623 diu-ent
1015 3571 1401 3622 innocentiam!

328 3653 509 3714 Atque
534 3650 668 3700 adeo
692 3651 893 3700 Plinius
918 3651 1074 3701 etiarn
1100 3650 1254 3713 dixit,
1274 3650 1397 3699 Tra-

317 3728 504 3790 jannm
530 3729 549 3755 ‘
573 3728 902 3777 innocentem
920 3725 934 3748 ⁹
962 3727 1168 3776 dedisse
1192 3729 1397 3791 congia·

325 3807 458 3853 rium
499 3804 725 3867 populo;
760 3818 877 3854 cum
915 3804 1000 3854 hic
1035 3817 1258 3853 amorem
1296 3804 1399 3853 isto

2399 352 2530 417 579

1535 513 1691 569 Quam
1703 514 1902 576 populus
1914 511 2121 576 accepit]
2145 508 2279 562 Nam
2304 516 2359 561 ut
2375 510 2531 561 Clau·

1464 587 1650 637 disuns
1705 589 1914 645 cecinit,
1968 594 1984 617 ⁶
2011 589 2132 638 Non
2175 587 2273 638 tibi
2320 589 2528 638 venales

1465 670 1680 728 captant
1721 666 1906 713 aeraria
1960 665 2166 728 plausus
2206 665 2530 729 Corruptura

1465 741 1656 802 fidem;
1682 739 2109 791 meritiaoffertur
2127 742 2405 805 inemptus,
2423 742 2528 791 Pu-

1465 832 1522 869 ra
1549 828 1743 878 niente,
1768 816 1952 867 favor?
2019 820 2091 867 At
2122 818 2172 866 in
2206 832 2342 867 noxa
2366 832 2530 882 popu⁴

1462 895 1544 944 lus
1564 895 1791 958 videtur,
1808 909 1924 945 cum
1942 895 2175 951 noxioso,
2194 895 2365 945 lucelli
2384 909 2531 945 cans-

1465 986 1540 1030 sa,
1561 972 1829 1021 blanditur
1851 980 1902 1021 et
1927 972 2090 1024 favet.
2125 973 2260 1037 Lips.

1536 1050 1708 1098 Paullo
1738 1050 1894 1099 minus
1910 1085 1922 1099 .
1941 1086 1952 1100 .
1972 1051 2174 1114 quinque
2195 1048 2369 1114 millia]
2401 1051 2533 1102 Post

1466 1128 1481 1154 ⁴
1506 1125 1661 1189 plus,'
1695 1128 1711 1154 ‘
1740 1127 1997 1191 amplius,'
2034 1130 2050 1157 ⁸
2074 1129 2276 1185 minus:
2309 1130 2534 1192 particud

1469 1201 1569 1250 lam
1596 1209 1610 1230 ⁸
1635 1202 1827 1265 quam,’
1861 1219 1976 1268 quae
2002 1207 2148 1268 sequi
2172 1205 2415 1269 debebat,
2438 1221 2532 1256 sae·

1469 1279 1587 1342 pius
1613 1279 1802 1344 omitti,
1835 1282 1910 1329 uti
1935 1288 1988 1330 et
2013 1282 2107 1332 hoc
2132 1283 2280 1344 loco;
2317 1297 2398 1332 res
2424 1283 2532 1332 vul-

1469 1355 1641 1416 gatior
1662 1362 1760 1417 est,
1781 1370 1935 1419 quam
1959 1372 2072 1422 qua·
2105 1359 2338 1420 pluribus
2359 1373 2532 1408 exem·

1469 1430 1571 1492 plis
1594 1433 1918 1493 comprobari
1941 1432 2147 1482 debeat.
2179 1434 2397 1484 Interim
2414 1434 2535 1483 vide

1468 1505 1820 1556 Turscllinum
1853 1507 1919 1557 de
1953 1509 2152 1559 Partic.
2186 1524 2236 1559 c.
2260 1515 2342 1560 21.
2375 1517 2428 1560 et
2450 1515 2535 1559 96.

1469 1591 1525 1631 et
1553 1584 1732 1633 Sanct.
1758 1586 1809 1633 in
1837 1584 2063 1635 MinerV.
2091 1600 2168 1636 lv.
2200 1591 2248 1637 7.
2286 1588 2372 1636 nbi
2394 1587 2534 1652 sigil-

1471 1660 1616 1711 latim
1641 1662 1751 1726 agit
1772 1662 1841 1712 de
1861 1666 2115 1727 particula
2140 1663 2360 1730 ‘quanm'
2413 1666 2536 1729 Lip-

1465 1738 1546 1785 sio
1566 1752 1803 1787 uumerus
1821 1740 2048 1804 quinque
2065 1742 2296 1803 millium,
2313 1755 2406 1804 pro
2423 1740 2535 1806 opi·

1472 1813 1567 1863 bus
1596 1815 1835 1864 Romanis
1855 1817 1986 1866 haud
2012 1819 2139 1868 satis
2164 1819 2373 1882 grandis
2395 1820 2534 1869 visus

1469 1899 1582 1949 θοις
1629 1891 1720 1939 sed
1760 1890 1981 1942 fortasse
2016 1896 2066 1944 hi
2103 1897 2196 1944 soli
2239 1895 2437 1960 urbani,
2474 1910 2537 1951 ac

1467 1966 1680 2029 quidem
1703 1967 1906 2030 ingenui
1925 1967 2089 2030 fuere,
2114 1979 2311 2035 praeter
2331 1986 2455 2036 quos
2481 1976 2537 2021 et

1472 2041 1834 2108 nancietum,
1869 2045 1956 2110 qui
1995 2046 2238 2096 alimenta
2269 2056 2539 2111 caperent.

1470 2117 1720 2168 Schwarz.

1541 2196 1760 2259 Quinque
1791 2198 1945 2247 millia
1973 2199 2306 2262 ingenuorum]
2342 2200 2539 2250 Nume-

1473 2285 1562 2320 rus
1584 2272 1718 2321 haud
1761 2274 1990 2336 grandis,
2013 2290 2109 2343 pro
2142 2275 2327 2338 opibus
2354 2276 2540 2325 Roma·

1470 2349 1573 2410 nis,
1621 2357 1708 2397 aut
1744 2349 1898 2411 copia
1934 2353 2033 2399 alia
2074 2350 2536 2412 frumentantium;

1473 2423 1567 2472 sed
1594 2425 1897 2489 notandum,
1920 2428 2053 2491 quod
2072 2428 2380 2490 ingenuorum
2396 2429 2540 2484 dicit.
2604 2437 2616 2449 ·

1477 2500 1594 2550 Non
1632 2502 1816 2565 passim
1857 2505 2167 2567 conquioivit
2206 2506 2413 2561 liberos,
2448 2516 2541 2557 aut

1473 2578 1718 2640 libertos3
1767 2580 1858 2628 sed
1892 2580 2134 2641 ingenuos
2170 2581 2462 2644 duintaxat,
2486 2589 2542 2632 et

1473 2654 1734 2716 sanguinis
1758 2657 2015 2718 purioris:
2054 2672 2119 2707 ex
2156 2659 2339 2722 quibus
2376 2660 2543 2721 miles,

1474 2739 1529 2782 et
1555 2732 1675 2781 alibi
1703 2734 1854 2781 utiles
1881 2734 2039 2795 cives,
2061 2735 2377 2798 legerentur.
2406 2735 2542 2799 Lips-

1541 2808 1883 2871 Ingenuorum]
1920 2810 2180 2874 Ingenuus
2198 2820 2296 2874 est,
2318 2812 2402 2875 qui
2424 2826 2539 2861 uae·

1473 2887 1615 2933 citur
1660 2885 1809 2933 liber.
1888 2886 2046 2935 Liber
2101 2897 2273 2936 autem
2329 2888 2540 2950 dicitnr,

1473 2961 1581 3024 qui,
1612 2961 1720 3008 sive
1757 2975 1818 3007 ex
1857 2961 2055 3010 duobus
2088 2962 2323 3024 ingenuis
2365 2963 2543 3012 matri·

1475 3037 1648 3084 monio
1683 3036 1855 3084 editus
1883 3045 1991 3097 est;
2028 3037 2138 3086 sive
2181 3052 2244 3085 ex
2284 3037 2539 3086 libertinis

1473 3113 1708 3174 duobus3
1744 3113 1852 3161 sive
1888 3127 1953 3161 ex
1994 3107 2157 3163 altero
2196 3113 2456 3176 libertino,
2485 3123 2543 3164 et

1476 3188 1645 3238 altero
1683 3190 1919 3248 ingenuo,
1957 3198 2126 3238 uatus.
2183 3189 2358 3239 Instit.
2384 3190 2471 3239 lib.
2498 3202 2539 3244 1.

1475 3264 1558 3311 tit.
1583 3268 1631 3313 4.
1657 3264 1721 3312 de
1748 3264 1930 3327 Ingen.
1965 3265 2183 3314 Putat-ol.

1515 3339 1776 3408 ,Aluntur-J
1809 3342 1992 3390 Testes
2009 3342 2155 3405 hujus
2172 3341 2386 3404 Trajani
2411 3341 2542 3392 libe-

1475 3417 1640 3466 ralitis
1683 3415 1804 3477 Dio,
1838 3422 1894 3465 et
1928 3419 2139 3471 nummi,
2163 3418 2216 3466 iu
2252 3419 2413 3480 ipsius
2435 3434 2540 3469 me-

1475 3495 1689 3543 moriam
1714 3495 1840 3543 cusi.
1878 3495 2029 3544 Idem.

1541 3571 1626 3619 Ex
1645 3570 1917 3635 Itineribus]
1951 3571 2080 3621 Haec
2104 3570 2262 3621 verba
2287 3587 2351 3622 ex
2376 3574 2542 3637 negli-

1475 3648 1649 3711 gentia
1673 3648 2006 3712 praetermisit
2027 3648 2267 3698 librarius
2286 3652 2335 3698 iu
2359 3652 2540 3700 codice

1473 3725 1784 3789 Guelplnico.
1848 3727 1933 3775 De
1955 3725 1970 3752 ‘
1999 3726 2236 3775 tribubus
2261 3726 2544 3789 Romanis:

1472 3817 1590 3867 quae
1616 3803 1783 3853 adhuc
1801 3803 1948 3852 fuere
1966 3809 2066 3853 tem
2076 3804 2286 3868 poribus
2304 3805 2543 3868 Trajani,

322 3878 616 3946 impendio,
667 3893 770 3929 non
815 3880 1016 3930 veniam
1060 3880 1399 3939 crudelitatis,
1464 3879 1577 3943 jam
1603 3893 1761 3942 supra
1784 3881 1999 3943 egimus,
2019 3893 2155 3930 xxv.
2179 3884 2228 3929 2.
2264 3881 2510 3931 Schwart-

319 3956 613 4021 quoesierit.
683 3956 852 4023 Dixit,
894 3963 949 4006 et
995 3958 1241 4020 populum
1280 3959 1295 3985 ⁴
1322 3957 1398 4006 in·

326 4030 634 4094 nocentem'
669 4027 936 4095 accepisse
966 4032 1101 4082 istud
1142 4034 1397 4097 congiari-

324 4123 439 4170 nm;
471 4110 591 4175 quia
606 4123 800 4173 nempe
818 4109 869 4157 id
888 4123 989 4166 non
1009 4110 1174 4165 minis,
1194 4124 1291 4159 uon
1315 4118 1396 4161 tu·

325 4187 499 4248 multu,
540 4200 647 4235 non
684 4184 897 4250 fraude,
936 4199 1038 4234 non
1080 4186 1398 4250 adulatione,

322 4263 589 4330 elicuerat,
613 4270 710 4315 sut
735 4271 1051 4315 extorserat.
1086 4264 1239 4314 Idem.

1539 3955 1607 4004 Ee
1629 3955 1826 4019 quanto]
1862 3956 2127 4006 Particula
2148 3963 2214 4019 et,
2238 3973 2352 4022 quae
2378 3959 2543 4022 primo

1472 4030 1674 4081 iutuitu·
1703 4033 1911 4082 videtur
1954 4033 2263 4088 redundare,
2300 4035 2397 4082 lioc
2425 4035 2542 4081 loco

1471 4110 1661 4172 partim
1703 4109 1863 4158 babet
1902 4109 2004 4157 vim
2041 4109 2442 4170 consecutivam,
2484 4116 2543 4158 et

1475 4201 1569 4249 pro
1595 4186 1610 4212 ‘
1638 4195 1743 4234 tum
1761 4185 1775 4206 '
1807 4185 2013 4248 ponitur
2039 4201 2053 4244 ;
2092 4185 2208 4233 dum
2235 4184 2544 4243 ostenditur,

1474 4262 1596 4326 quid
1624 4268 2023 4312 consecuturum
2049 4262 2134 4315 sit,
2150 4261 2189 4311 si
2209 4261 2294 4311 Dii
2317 4261 2541 4324 Trojano
