3060 4902
748 429 820 477 c.
872 422 1116 478 emuli
1162 424 1488 478 saeuum
1525 402 1814 479 'esuum
1893 428 1944 477 1.

364 572 669 636 frustraque
706 587 946 637 praenes.
982 571 1133 637 plebe]
1166 573 1383 623 Beroal-

1986 413 2098 479 26.
2386 414 2519 481 569

1456 576 1611 623 extra
1632 573 1880 638 parietes,
1913 587 2095 637 proces
2126 572 2421 639 (proceres)
2442 576 2518 625 dl-

300 650 412 704 dus,
448 650 751 715 Gryphins.
786 650 1083 711 sichardus,
1116 649 1382 699 Livineius
1455 657 1669 713 cuntur,
1697 664 1778 712 eo,
1809 652 1945 716 quod
1990 653 2158 715 primo
2207 654 2517 714 procedant.

297 726 799 792 habentsrustraque
818 729 1053 793 princeps,
1067 728 1219 792 plebe.
1274 728 1381 776 Pu-

300 806 557 866 teolsnus,
573 805 1179 868 Catanoeus,Manutius,
1193 805 1228 856 J
1234 812 1379 867 unta,

299 880 651 939 Philomusns.
674 883 979 943 Rhenanus,
1001 883 1063 930 R.
1085 889 1139 930 et
1168 881 1241 929 H.
1263 882 1379 931 Ste-

299 960 472 1022 phani,
510 960 749 1021 Navius,
781 959 1007 1018 Eizevir,
1030 958 1378 1023 Boxhornius,

299 1042 353 1083 et
374 1035 661 1097 cellarius,
678 1035 874 1085 omissa
891 1032 1039 1083 simul
1064 1036 1250 1098 copula
1270 1051 1379 1100 que,

301 1108 538 1161 referunt
557 1111 769 1171 frustra
800 1113 1039 1174 princeps,
1074 1111 1224 1175 plebe.
1272 1113 1378 1162 Ve-

299 1202 409 1237 rum
431 1188 518 1237 hic
543 1196 631 1238 est
657 1188 1025 1245 inconcinnus,
1046 1197 1102 1239 et
1126 1189 1378 1254 quodam-

301 1263 453 1313 modo
481 1263 691 1313 hiulcus
728 1278 919 1314 sermo.
983 1265 1089 1316 Cur
1110 1266 1246 1315 enim
1270 1266 1377 1317 Pli-

299 1339 430 1402 nius,
453 1339 570 1389 sine
595 1339 840 1403 emphasi
876 1345 934 1388 et
972 1337 1158 1402 figura,
1190 1340 1270 1390 bis
1299 1355 1377 1391 re-

300 1422 508 1479 peteret
566 1415 716 1466 idem
784 1415 1090 1465 vocabulum
1140 1418 1377 1481 princeps,

301 1492 436 1555 quod
461 1492 735 1555 proxime,
775 1497 898 1539 ante
923 1492 1032 1541 haec
1057 1492 1237 1555 verba,
1262 1495 1375 1558 jam

300 1576 562 1630 posuerat,
585 1575 656 1618 et
668 1567 749 1617 cui
774 1568 824 1615 in
846 1567 1017 1630 priore
1035 1570 1149 1618 loco
1171 1571 1377 1633 signan-

300 1644 402 1693 tius
415 1643 708 1694 addiderat
724 1642 954 1704 hrono»,
969 1643 1115 1693 bonus
1129 1646 1379 1711 princeps?

301 1716 610 1776 Adimam:
634 1718 814 1769 deficit
841 1720 1075 1783 quadam
1095 1736 1214 1774 vox.
1248 1725 1378 1776 Quis

299 1803 375 1845 est
393 1797 530 1846 enim
553 1797 673 1860 ille,
696 1810 846 1863 quem
873 1797 1135 1863 princeps,
1155 1804 1379 1863 tanquam

297 1872 524 1932 defectum
539 1887 745 1936 corpore
759 1877 913 1935 caput,
933 1878 1120 1923 tuetur?
1155 1874 1238 1924 An
1262 1885 1377 1926 tue·

302 1956 384 1998 tur
418 1956 511 1999 ‘se
552 1958 615 1998 et
655 1950 924 2012 imperium
959 1948 1166 1999 suum?’
1221 1951 1376 2003 Quod

297 2023 517 2075 durioris
531 2023 801 2087 ἐλλείψεως
816 2026 1248 2090 complementum
1260 2041 1377 2092 sug-

306 2103 435 2166 gerit
483 2103 796 2152 Catanaeus.
884 2100 960 2151 At
1003 2103 1288 2166 planiorem
1324 2112 1378 2155 et

300 2179 698 2229 concinniorem
721 2179 857 2228 hunc
883 2178 1239 2243 locuni,pr'out
1258 2195 1375 2232 eum

299 2254 350 2304 in
364 2264 632 2306 contextu
650 2256 1048 2320 exprimendum
1064 2259 1376 2316 curavimus,

299 2330 546 2383 referunt
573 2332 784 2382 codices
817 2332 1083 2390 Vaticani,
1120 2334 1376 2385 Salisbur-

301 2410 488 2472 gensis,
511 2409 1034 2474 Guelpherbytsnus‚
1059 2425 1219 2472 meus,
1243 2412 1378 2463 liber

297 2485 613 2548 Vossianus,
650 2494 704 2535 et
742 2485 913 2536 codex
949 2494 1099 2537 vetus
1125 2488 1377 2552 Livinei13

302 2563 388 2627 qui
410 2578 621 2625 omnes,
645 2577 740 2626 pro
764 2563 1016 2612 vocabulo
1032 2563 1273 2628 princeps,
1298 2580 1375 2615 re·

299 2648 505 2703 ponunt
540 2654 774 2704 procem.
842 2638 1041 2689 Eodem
1064 2641 1218 2690 modo
1242 2642 1375 2692 inte·

299 2730 444 2780 grum
476 2717 623 2766 hunc
646 2717 816 2766 locum
843 2716 954 2779 jam
986 2715 1224 2767 ediderat
1248 2718 1373 2768 Cus-

300 2793 569 2856 pinianus.
629 2792 808 2843 Codex
826 2793 1135 2844 Parisiensis
1154 2794 1372 2846 eandem

296 2884 483 2920 vocem
488 2884 713 2933 proceres
722 2869 952 2924 exhibet,
971 2870 1075 2959 sqla
1090 2872 1276 2934 copula
1288 2887 1375 2936 que

298 2947 683 3009 pretermissa.
738 2925 1068 3012 Quanquam³
1071 2961 1196 2997 vero
1213 2949 1371 2998 etiam

299 3023 534 3086 Lipsius,
571 3022 849 3087 Gruterus,
870 3023 1210 3085 Parisienses,
1243 3026 1373 3075 Ber·

299 3112 589 3161 neggerns,
635 3098 888 3160 Hackius,
933 3100 1165 3158 Patarol,
1212 3102 1372 3167 Ceva,

297 3189 482 3224 vocem
511 3175 649 3224 hanc
664 3189 882 3240 proceres
894 3176 1001 3238 jam
1029 3176 1371 3240 prodiderint,

300 3250 349 3300 hi
376 3258 561 3300 tamen
583 3264 757 3300 omnes
779 3252 827 3301 ei
865 3253 1030 3301 otiose
1053 3253 1203 3301 simul
1228 3253 1371 3301 addi-

299 3321 498 3376 derunt
521 3342 708 3377 nomen
723 3329 940 3392 princeps
954 3345 974 3386 ‚-
995 3328 1128 3392 quod
1145 3330 1373 3379 hocloco

298 3403 524 3458 fortasse
547 3420 614 3454 ex
647 3404 852 3455 nomine
871 3419 1106 3468 proceres,
1133 3421 1372 3469 compen.

300 3488 452 3536 diose
477 3482 680 3547 scripto
697 3482 1052 3537 ortum,modo
1073 3483 1252 3538 solum,
1270 3498 1374 3533 mo-

299 3562 370 3613 do
392 3561 586 3611 deinde
610 3573 725 3608 cum
761 3572 887 3607 vero
921 3558 1126 3610 nomine
1159 3575 1377 3621 proceres

299 3639 670 3702 conjunctum,
700 3635 859 3684 libros
897 3632 1144 3699 quosdam
1180 3635 1373 3686 inutili-

302 3724 388 3765 ter
410 3713 715 3777 occupavit.
762 3710 919 3760 Liber
945 3712 1085 3774 prior
1101 3712 1280 3770 Gudii,
1296 3713 1371 3760 lo-

301 3806 365 3841 co
402 3789 642 3842 vocabuli
677 3802 910 3852 proceres,
948 3788 1123 3854 prodit
1156 3789 1373 3853 priores,-

301 3869 413 3926 sed,
440 3868 540 3916 nisi
580 3865 633 3915 in
675 3866 773 3914 boc
815 3863 951 3913 forte
984 3866 1147 3916 lateat
1185 3879 1370 3915 nomen

297 3946 547 4010 primores,
602 3945 823 4005 prestat
879 3939 1105 3988 retinere
1142 3956 1374 4005 proceres.

302 4023 534 4072 Proeeres
556 4021 699 4079 vero,
732 4014 1017 4065 secundnm
1041 4016 1228 4068 Isidor.
1251 4017 1372 4066 Ori-

304 4100 408 4163 gin.
442 4112 529 4149 tx.
572 4100 624 4147 ⁴.
656 4102 673 4124 ’
698 4098 827 4144 sunt
881 4094 1141 4157 principes
1181 4095 1369 4144 civium

304 4179 381 4225 vel
416 4173 677 4233 civit-tin
716 4170 871 4236 quasi
914 4171 1188 4233 procedes,
1230 4171 1367 4235 quod

304 4261 421 4301 ante
439 4265 619 4301 omnes
644 4250 848 4297 bonore
876 4247 1193 4310 precedant.
1259 4247 1369 4296 Un-

302 4331 364 4380 de
387 4340 440 4383 et
475 4331 655 4397 capita
697 4323 950 4379 trabium,
987 4338 1100 4389 quae
1140 4315 1373 4376 eminent

1453 726 1596 777 Hinc
1620 734 1789 777 autem
1815 727 1880 777 ad
1916 728 2165 791 primores
2189 726 2327 777 facta
2352 738 2515 779 trans·

1451 803 1605 864 lati03
1630 805 1768 869 quod
1795 820 1822 853 e
1845 813 2021 855 cetera
2039 794 2367 856 multitudine
2390 809 2517 857 emi·

1451 878 1614 928 nent.'
1679 880 1899 944 Dubito,
1928 897 1992 930 an
2029 881 2230 932 firmum
2267 884 2354 940 sit,
2377 885 2514 948 qnod

1453 954 1692 1006 Isidorus
1717 956 1948 1005 de'voce
1970 972 2146 1019 proces,
2165 961 2404 1022 procedes,
2425 962 2514 1010 ha·

1451 1031 1562 1082 bet.
1644 1033 1751 1082 Alii
1794 1034 1897 1082 alia
1936 1031 2084 1094 ἔτυμα
2119 1045 2446 1098 proponunt;
2481 1051 2513 1091 e

1453 1109 1640 1174 quibus
1664 1109 1784 1159 mihi
1811 1111 2133 1174 potissimum
2160 1111 2336 1174 placet
2366 1113 2515 1160 Grae-

1452 1200 1514 1236 ca
1536 1187 1702 1250 origo,
1738 1201 1770 1236 a
1795 1186 2039 1251 προέχειν,
2060 1188 2327 1249 prominere
2340 1205 2360 1248 ,·
2394 1189 2515 1239 hine

1450 1262 1676 1327 προεχὴς,
1707 1272 1763 1314 et
1794 1265 1991 1314 AEolice
2014 1263 2245 1329 προεχὴρ,
2282 1265 2515 1328 eminens,

1450 1342 1737 1403 prominens.
1806 1341 2118 1392 Arntzenius
2138 1357 2202 1390 ex
2227 1341 2356 1393 Aur.
2386 1343 2511 1393 Vie-

1452 1425 1566 1468 tore
1606 1420 1741 1468 Caes.
1761 1434 1809 1469 c.
1833 1424 1879 1467 l.
1905 1426 1960 1468 et
1980 1424 2061 1469 26.
2091 1419 2345 1475 ostendit„
2367 1433 2515 1468 sena-

1453 1503 1594 1546 tores
1614 1497 1938 1560 potissimum
1956 1512 2174 1560 proceres
2189 1497 2356 1546 dictos
2381 1513 2515 1551 esse.

1452 1574 1711 1624 Poterant
1745 1583 1920 1624 tamen
1961 1575 2059 1623 boc
2105 1576 2310 1624 nornine
2356 1575 2511 1625 etiam

1453 1651 1842 1713 conspectiores
1898 1649 2096 1699 ordinis
2148 1651 2403 1714 equestris
2460 1657 2516 1700 et

1453 1727 1645 1790 plebeii
1670 1727 1920 1784 homines,
1956 1735 2007 1775 et
2040 1726 2324 1789 generatim
2348 1727 2513 1790 quivis

1453 1804 1685 1867 primarii
1709 1804 1865 1866 cives,
1884 1810 1939 1852 et
1963 1803 2261 1865 optimates,
2281 1817 2514 1865 compre·

1451 1879 1629 1928 hendi.
1691 1880 1837 1930 Livio
1863 1894 1926 1928 ιι.
1951 1883 2034 1928 20.
2068 1880 2298 1943 equitum
2325 1879 2513 1928 Roma-

1452 1969 1631 2005 norum
1651 1955 1902 2019 primores
1925 1955 2081 2003 etiam
2100 1954 2342 2004 dicuntur
2359 1956 2375 1983 ‘
2393 1970 2513 2019 pro-

1451 2045 1602 2080 ceres
1633 2031 1959 2095 juventutis.’
2022 2030 2349 2087 Gaudebam,
2388 2032 2513 2080 mihi

1452 2108 1675 2171 primum
1719 2122 1784 2157 ex
1824 2107 2014 2156 indicio
2052 2107 2247 2157 codicis
2299 2108 2401 2156 mei
2456 2116 2514 2157 et

1451 2183 1694 2235 editionis
1750 2184 2073 2248 cuspiniani,
2119 2185 2325 2246 (cetera
2375 2184 2511 2232 enim

1449 2260 1680 2310 subsidia
1699 2261 1941 2323 deinceps
1955 2259 2159 2307 demum
2176 2267 2359 2308 nactus
2376 2257 2513 2321 sum)

1450 2337 1755 2400 contigisse,
1776 2345 1836 2386 ut
1874 2337 2007 2383 hunc
2030 2336 2221 2395 locum,
2246 2335 2511 2397 hucusque

1451 2413 1605 2476 vulgo
1629 2412 1988 2475 depravatum,
2029 2410 2262 2475 pristinae
2298 2410 2509 2475 integri·

1451 2490 1550 2538 tati
1596 2489 1873 2538 restituere
1920 2501 2147 2551 possem,
2210 2486 2345 2536 unde
2392 2501 2512 2536 vera

1447 2565 1608 2615 Plinii
1631 2565 1893 2615 sententia
1910 2563 2062 2614 facile
2078 2565 2298 2613 eluceat.
2334 2562 2511 2628 Atque

1448 2641 1581 2692 hanc
1605 2641 2019 2692 emendationem
2061 2642 2216 2688 etiam
2242 2639 2510 2689 Gesnerus

1448 2725 1504 2769 et
1527 2718 1841 2768 Arntzenius
1877 2717 2122 2781 amplecti
2157 2717 2281 2766 nihil
2307 2716 2511 2765 dubita-

1449 2802 1590 2846 runt.
1661 2796 1735 2845 At
1754 2796 1898 2856 vide,
1929 2795 2054 2860 quid
2075 2796 2196 2844 huic
2220 2795 2511 2858 reposuerit

1446 2873 1818 2923 Heumaunus!
1855 2871 2061 2934 ‘Ergo,’
2082 2872 2268 2935 inquit,
2300 2877 2313 2898 ⁴
2335 2885 2510 2920 veram

1448 2953 1760 3014 scripturam
1783 2952 1856 3000 sic
1878 2952 2127 2999 restituo:
2170 2951 2398 2997 Occasum
2416 2949 2511 2996 rei·

1442 3028 1647 3091 publicoe
1690 3029 1937 3081 accelerat,
1991 3025 2124 3089 plebe
2173 3027 2402 3085 neglecta,
2454 3031 2511 3073 ut

1446 3106 1680 3166 desectum
1742 3117 1934 3167 corpore
1993 3107 2151 3164 caput,
2206 3105 2509 3149 natuturam-

1446 3199 1534 3246 que
1566 3181 1782 3230 instabili
1834 3180 2034 3244 pondere
2071 3174 2311 3226 ruitur-ccl
2378 3175 2510 3224 ΜὶΙιί

1449 3265 1649 3308 tantum
1700 3257 1856 3307 animi
1912 3270 2013 3304 non
2066 3262 2168 3316 est,
2229 3261 2288 3302 ut
2335 3267 2507 3302 verum

1447 3335 1778 3396 scripturam,
1808 3340 1862 3380 et
1892 3328 2306 3380 emendationem
2334 3327 2510 3376 mode-

1448 3417 1575 3458 ratae
1602 3406 1799 3457 criticae
1825 3412 2214 3467 congruentem,
2248 3404 2509 3453 existima-

1448 3500 1578 3546 rem,
1599 3490 2043 3543 ostentaremque,
2075 3480 2117 3527 si
2141 3493 2204 3527 ex
2229 3477 2374 3527 brevi
2396 3493 2510 3527 sen·

1449 3564 1615 3617 tentia
1639 3561 1829 3610 veteris
1860 3555 2155 3621 scriptoris,
2192 3561 2368 3605 contra
2393 3570 2513 3605 auc·

1449 3639 1711 3688 toritatem
1736 3636 1961 3686 omniurn
1998 3633 2205 3683 omnino
2241 3632 2510 3695 librorum,

1449 3723 1555 3763 tres
1573 3728 1746 3772 voces,
1763 3711 2101 3774 ‘frustraque,
2120 3721 2377 3772 proceres,
2397 3715 2509 3756 tue·

1449 3789 1571 3847 tnr,'
1588 3791 1878 3851 rejicerem,
1891 3795 1945 3835 et
1961 3776 2129 3842 aliam,
2147 3785 2229 3847 cuj
2239 3800 2296 3832 us
2315 3783 2506 3831 nullum

1449 3863 1660 3930 prorsus
1702 3864 1971 3927 vestigium
2010 3870 2251 3924 apparet,
2297 3859 2507 3907 aliunde

1448 3943 1720 3998 adscitam,
1764 3939 2112 3997 intruderem;
2167 3934 2408 3993 maxime,
2462 3935 2508 3984 si

1448 4017 1612 4067 multo
1656 4015 1841 4070 lenior,
1885 4020 1937 4061 et
1984 4026 2048 4059 ex
2096 4010 2324 4073 antiquis
2364 4008 2508 4056 libris

1447 4094 1782 4154 luculentior,
1837 4088 2134 4153 proferatur
2190 4084 2508 4135 emendatio.

1447 4171 1690 4222 Schwurz.

1513 4246 1767 4306 Desectam
1789 4257 1977 4304 corpore
1997 4239 2164 4301 caput]
2199 4238 2243 4286 1.
2267 4251 2314 4285 c.
2333 4189 2509 4298 Caput

1448 4337 1669 4388 corpore
1693 4320 2021 4374 destitutum,
2056 4315 2165 4365 sive
2192 4319 2509 4363 truncatum.
