3060 4902
752 381 815 427 o.
861 377 1108 427 emim
1160 375 1494 427 saeuum
1542 374 1823 425 nnnc.
1901 376 1947 424 1.
1990 362 2104 439 57,

380 526 565 584 Quibus
581 523 826 589 sepositis]
860 521 1116 586 ‘Seponi’
1148 521 1382 571 homines

308 601 577 664 dicuutur,
611 600 705 665 qui
739 599 821 646 vel
857 604 1046 661 sponte
1078 595 1142 645 ad
1175 604 1382 661 tempus

309 694 366 728 se
390 692 420 726 a
444 677 606 727 certis
625 674 850 737 negotiis
868 674 1237 737 sejungunt,et
1258 688 1383 737 qua-

305 754 352 804 si
374 754 645 808 abdicant.
667 751 898 814 aliasque
918 764 999 798 res
1023 757 1205 799 curant
1224 764 1240 809 3
1268 763 1314 795 v.
1331 763 1382 812 g.

308 832 454 894 apud
485 830 655 879 Tacit.
692 827 834 877 Hist.
873 840 937 875 n.
957 830 1039 876 33.
1073 825 1089 853 ‘
1112 825 1382 876 Interesse

309 921 504 971 pugna
536 906 925 968 imperatorem,
959 916 1023 950 an
1056 901 1255 964 seponi.
1277 916 1382 949 me-

309 984 414 1032 lius
455 981 609 1038 foret,
646 979 952 1029 dubitavere
978 975 1012 1025 ε’
1059 978 1140 1025 vel
1185 978 1272 1040 qui
1316 976 1382 1026 ab

310 1059 535 1109 aliorum
572 1064 876 1117 conspectu,
913 1061 1159 1118 tanquam
1198 1053 1382 1111 odiosi,

312 1137 369 1185 in
393 1135 495 1184 alia
532 1134 645 1183 loca
683 1138 1046 1188 removentur3
1084 1143 1130 1177 v.
1157 1144 1206 1192 g.
1241 1128 1381 1192 apud

309 1212 483 1262 Tacit.
506 1209 695 1260 Annal.
723 1222 800 1258 iv.
821 1211 903 1256 «u.
954 1212 968 1233 ⁴
995 1206 1196 1254 Sororis
1223 1219 1382 1268 nepo·

313 1297 425 1337 tem
466 1285 699 1349 seposuit
734 1282 997 1344 Augustus
1028 1281 1080 1330 in
1115 1280 1381 1330 civitatem

313 1364 720 1421 Massiliensem,
757 1360 845 1409 ubi
883 1359 1057 1423 specie
1095 1357 1381 1408 studiorum

311 1455 506 1491 nomen
530 1438 670 1488 exilii
694 1434 992 1500 tegeretur.'
1046 1435 1201 1499 Apud
1227 1434 1384 1484 eund.

313 1516 460 1567 Hist-
498 1528 538 1564 1.
576 1518 659 1563 88.
687 1513 987 1576 ‘Sepositus
1019 1525 1114 1574 per
1150 1525 1237 1560 eos
1274 1511 1384 1559 dies

313 1592 590 1644 Cornelius
605 1588 879 1640 Dolabella
892 1588 942 1637 in
959 1587 1209 1638 coloniam
1226 1587 1383 1651 Aqui·

314 1666 530 1718 uatem-⁹
597 1665 751 1730 Apud
794 1665 1012 1714 Sueton.
1030 1664 1145 1714 Tib.
1166 1678 1281 1726 cap.
1306 1667 1387 1712 15.

313 1748 331 1772 ⁸
372 1744 614 1808 Agrippa
653 1741 895 1791 abdicato
940 1748 1099 1804 atque
1138 1738 1387 1802 seposito,

314 1830 519 1873 certum
564 1826 697 1883 erat,
730 1819 814 1867 tini
862 1832 1008 1881 spem
1052 1817 1388 1867 successionis

313 1896 655 1950 incumbere!
700 1897 872 1945 Etiam
895 1898 910 1924 ⁴
930 1894 1210 1959 sepositus·
1231 1908 1387 1956 gene-

315 1976 475 2025 ratim
511 1974 705 2024 dicitnr
749 1980 1008 2033 remotus3
1063 1986 1113 2019 v.
1157 1985 1208 2034 g.
1248 1969 1386 2033 apud

317 2051 558 2102 Martini.
600 2051 846 2114 Spectac.
890 2049 1056 2112 epigr.
1099 2051 1148 2096 3.
1201 2052 1217 2074 ‘
1254 2048 1386 2097 Quae

316 2135 425 2177 tam
451 2129 681 2191 seposita
705 2133 805 2185 ent,
833 2140 950 2189 quae
983 2138 1109 2189 gens
1146 2130 1249 2172 tam
1275 2123 1388 2171 bar·

315 2204 468 2266 bara,
497 2204 692 2258 Caesar,
734 2203 813 2250 Ex
848 2215 947 2265 qua
986 2206 1252 2264 spectator
1290 2214 1388 2248 non

317 2283 390 2332 sit
415 2282 465 2330 in
491 2281 621 2329 urbe
649 2280 800 2329 tua?'
851 2280 953 2328 Hic
986 2277 1001 2304 ‘
1026 2277 1238 2340 sepositi
1261 2274 1276 2297 '
1312 2277 1391 2325 di-

318 2367 512 2409 cuntur
546 2359 579 2406 ii
611 2358 718 2423 qui,
742 2363 859 2421 post
889 2356 1182 2404 exantlatos
1206 2353 1392 2418 magis·

321 2443 516 2499 tratus,
532 2441 717 2498 sponte
734 2438 1058 2483 secesserant
1079 2431 1129 2480 in
1149 2444 1240 2480 sua
1257 2445 1389 2494 prae·

319 2515 434 2575 dia,
456 2520 514 2562 ut
539 2512 747 2576 privati,
781 2526 842 2560 ac
876 2511 1037 2559 veluti
1068 2509 1284 2572 sejuncti
1326 2509 1390 2557 ab

321 2590 539 2640 urbanis
565 2589 806 2651 negotiis,
831 2589 1090 2637 viverent.
1122 2588 1271 2635 Idem.

391 2668 455 2716 In
489 2666 628 2729 rura]
664 2666 752 2714 Sic
791 2664 954 2713 Atilio
993 2664 1193 2725 Regulo
1231 2662 1392 2712 conti·

323 2744 447 2807 git;
502 2742 580 2791 sic
625 2742 874 2792 Quinctio
915 2741 1222 2789 Cincinnato
1256 2739 1394 2788 aliis·

322 2834 447 2884 que.
480 2818 614 2868 Vide
641 2818 753 2865 Val.
774 2817 921 2866 Max.
948 2831 1025 2866 lv.
1047 2820 1096 2866 4.
1132 2815 1354 2865 Putat-01.

392 2896 458 2945 In
478 2892 616 2955 rura]
652 2895 713 2943 C.
731 2894 943 2942 Atilium
971 2894 1225 2956 Regulum
1244 2893 1392 2942 intel·

321 2973 464 3035 ligii,
489 2973 623 3020 illius
659 2972 843 3034 Reguli
880 2970 1059 3033 filium,
1083 2972 1168 3036 qui
1208 2978 1393 3033 captus

323 3052 639 3112 occisusque
664 3063 694 3096 a
717 3048 892 3097 Poenis
928 3046 1043 3096 fuit.
1111 3046 1253 3095 Huic
1278 3060 1395 3109 cog·

323 3139 518 3176 nomen
533 3125 761 3174 Serrano
786 3125 869 3173 alii
886 3124 1103 3180 faciunt,
1128 3132 1179 3173 et
1199 3124 1396 3173 Plinius

324 3206 569 3252 xvim&
605 3200 773 3265 ‘quod
798 3210 1057 3265 serentem
1090 3202 1401 3251 invenerunt

324 3279 440 3328 dati
475 3277 732 3328 honores.'
797 3278 899 3327 Alii
924 3289 1096 3328 tamen
1117 3279 1396 3328 Sarranum

323 3353 584 3409 scribunt,
606 3354 754 3419 quasi
785 3355 1000 3418 Tyrium
1039 3355 1119 3403 vel
1157 3354 1398 3415 Poenum,

327 3433 454 3496 quia
480 3440 631 3496 pater
654 3431 793 3493 apud
817 3446 904 3481 eos
929 3438 1180 3481 mortuns.
1244 3427 1397 3483 Adde

330 3508 391 3558 1..
409 3506 713 3560 Quinctium
733 3508 1112 3561 Cincinnatum.
1129 3507 1210 3556 cui
1228 3506 1399 3555 aranti

327 3583 595 3635 dictatura
619 3584 811 3634 delata.
877 3584 981 3633 Sed
1021 3594 1191 3633 tamen
1222 3584 1271 3633 hi
1297 3598 1399 3632 non

330 3661 494 3710 toties
535 3660 802 3708 consules:
860 3660 1036 3723 itaque
1082 3660 1279 3708 dictum
1321 3665 1401 3708 est

328 3736 558 3787 oratorie
581 3744 635 3785 et
660 3737 712 3784 ἐν
730 3734 922 3792 πλάτει,
944 3736 1011 3785 de
1035 3736 1148 3785 aliis
1168 3734 1402 3798 ejusdem

330 3815 433 3863 evi
452 3821 507 3862 et
534 3813 878 3875 paupertatis.
911 3812 1046 3874 Lips.

395 3889 736 3952 progr-avem]
794 3889 1091 3951 Pei-gravem
1139 3888 1308 3937 Livin.
1351 3888 1402 3938 in

334 3975 467 4019 text.
510 3964 683 4015 sedin
707 3966 958 4030 margine,
992 3965 1161 4016 ‘forte
1191 3980 1401 4028 pra-gru·

329 4042 472 4094 vem!

403 4123 472 4173 Ut
488 4118 815 4188 flagrarem]
847 4117 965 4169 Jam
1002 4118 1262 4167 Livineius
1284 4131 1406 4167 con-

324 4199 557 4263 jecerat,
599 4210 896 4263 praegravem
939 4209 1050 4243 esse
1114 4194 1408 4256 legendum,

335 4274 420 4326 ubi
447 4275 604 4340 vulgo
628 4275 849 4338 legimus
865 4284 1160 4334 pergruoem·
1224 4265 1400 4334 Atque

2392 359 2523 429 809

1457 522 1556 570 eni
1593 520 1745 572 istam
1769 520 2126 584 conjecturam
2144 517 2352 570 firmant
2376 519 2524 571 codi-

1456 611 1545 647 ces
1584 598 1714 646 Mss.
1753 596 2079 652 parisiensis,
2113 597 2345 645 Venetus
2384 604 2525 646 uter·

1459 688 1578 737 que,
1603 673 2111 736 Guelpherbytanus,
2133 679 2187 721 et
2209 686 2372 720 meus.
2437 672 2527 723 Sic

1459 762 1585 797 vero
1626 748 1784 799 etiam
1826 748 2044 811 Lipsius,
2085 756 2139 797 et
2178 747 2383 810 quidam
2420 749 2529 813 alii,

1457 823 1592 875 banc
1615 826 1891 874 lectionem
1915 823 2210 873 ediderunt.
2270 824 2523 889 Equidem

1458 901 1874 967 praepositiones,
1909 916 2011 963 proe
2048 907 2103 949 et
2143 915 2246 964 per,
2281 915 2348 950 ex
2386 916 2525 952 com-

1458 977 1649 1040 pendio
1665 977 1936 1040 scripturas
1955 979 2004 1025 in
2020 975 2283 1026 codicibus
2300 979 2530 1042 antiquis

1458 1068 1527 1102 aa*
1536 1067 1601 1116 pe
1617 1052 1881 1114 confundi,
1898 1052 2282 1102 animadvertas
2299 1069 2315 1115 3
2353 1055 2528 1116 placet

1458 1138 1654 1190 tamen,
1681 1130 1763 1178 hic
1792 1130 1972 1193 magis,
1999 1144 2315 1193 prem-avem,
2340 1137 2528 1195 utpote

1457 1206 1723 1257 distinctis
1769 1207 1935 1256 literis
1996 1221 2319 1270 expressum,
2375 1223 2527 1274 quam

1452 1298 1749 1347 pergi-avem,
1773 1284 1872 1346 legi
1895 1300 1911 1345 ς
1945 1299 2060 1333 cum
2083 1284 2219 1333 illius
2242 1285 2384 1333 vocis
2410 1301 2529 1336 usus

1460 1373 1575 1407 sevo
1616 1360 1853 1408 Pliniano
1889 1358 2047 1408 fuerit
2086 1359 2528 1414 familiarissimus.

1456 1435 1549 1484 Uti
1593 1448 1714 1483 vero
1751 1449 1934 1484 nomen
1985 1435 2206 1499 simplex
2248 1452 2415 1498 pave,
2450 1439 2526 1487 ita

1458 1510 1618 1560 etiam
1640 1511 1983 1575 compositum
2016 1526 2283 1575 pregrave,
2315 1514 2526 1577 proprie

1458 1600 1562 1635 non
1608 1589 1772 1636 solum
1810 1595 1958 1637 notat
1995 1588 2153 1649 idem,
2189 1588 2325 1652 quod
2366 1589 2528 1640 babet

1462 1661 1684 1726 pondus,
1707 1670 1797 1712 aut
1820 1662 1957 1727 quod
1984 1664 2326 1727 ponderosum
2349 1671 2451 1723 est,
2475 1671 2533 1716 et

1462 1746 1664 1796 onerat.
1698 1739 1848 1802 cujus
1880 1740 2104 1792 notionis
2140 1740 2376 1803 exempla
2415 1756 2531 1805 pas-

1462 1816 1555 1864 sim
1593 1823 1900 1879 occurrunt;
1936 1817 2029 1866 sed
2061 1818 2235 1877 etiam,
2265 1817 2399 1882 quod
2422 1833 2533 1868 mo·

1461 1891 1672 1955 lestum,
1709 1899 1765 1942 et
1789 1893 1902 1941 aliis
1928 1893 2169 1955 invisum,
2194 1901 2353 1959 atque
2388 1894 2533 1946 odio·

1461 1984 1594 2032 snm,
1618 1984 1678 2019 ac
1702 1970 1865 2019 minus
1888 1970 2160 2020 tolerabile
2182 1978 2281 2020 est.
2314 1972 2401 2023 Sic
2422 1972 2534 2023 Pli-

1462 2046 1578 2095 nius
1618 2047 1809 2109 Major,
1844 2061 1944 2097 vn.
1978 2052 2028 2099 6.
2065 2048 2148 2097 ubi
2173 2047 2241 2097 de
2282 2049 2534 2114 Vipsanio

1464 2123 1701 2187 Agrippa
1718 2140 1888 2174 sermo
1913 2133 2013 2187 est,
2036 2126 2050 2152 ‘
2067 2127 2240 2175 Soceri
2259 2142 2531 2191 pra-grave

1463 2199 1774 2249 servitium.'
1839 2200 1925 2250 Sic
1947 2211 1999 2248 et
2024 2202 2192 2252 Tacit.
2225 2203 2447 2270 saepius3
2484 2218 2536 2252 v.

1463 2292 1513 2341 g.
1538 2277 1678 2327 Hist.
1705 2291 1740 2325 ι.
1762 2281 1844 2325 21.
1889 2279 1904 2305 ⁸
1931 2279 2074 2327 Otho
2099 2277 2532 2341 tingebat‚...prae-

1463 2368 1676 2418 gravem
1697 2368 1750 2401 se
1778 2353 1973 2402 Neroni
1999 2351 2196 2402 fnisse?
2247 2354 2395 2404 Idem
2423 2356 2531 2404 An-

1464 2431 1564 2480 nal.
1604 2444 1684 2479 ιι.
1726 2433 1806 2478 19.
1857 2435 1871 2459 ⁴
1897 2431 1987 2479 Sin
2030 2444 2279 2494 prospere
2318 2432 2532 2496 egisset,

1463 2505 1843 2555 formidolosum
1871 2507 1985 2569 paci
2007 2507 2169 2556 virum
2188 2507 2462 2572 insignem.
2478 2517 2537 2558 et

1463 2582 1654 2643 ignavo
1690 2581 1915 2645 principi
1949 2583 2300 2647 praegravem.'
2366 2584 2538 2636 Recte

1465 2665 1643 2708 monet
1668 2657 2000 2721 Arntzenius‚
2025 2661 2157 2709 lianc
2182 2675 2379 2723 vocem,
2409 2675 2534 2724 pra-

1460 2746 1676 2794 gravem.
1701 2747 1800 2782 nou
1835 2733 1919 2783 iiic
1956 2734 2285 2785 referendam
2320 2751 2436 2786 esse
2471 2737 2538 2788 ad

1465 2823 1595 2858 onus
1620 2810 1777 2874 ipsius
1802 2814 2122 2874 consulatus,
2154 2813 2275 2878 quia
2296 2815 2435 2863 nulla
2459 2816 2534 2864 in·

1468 2884 1535 2933 de
1575 2886 1738 2947 gloria
1776 2887 2000 2950 Trajano
2034 2890 2230 2952 acquiri
2270 2891 2543 2955 potuisset,

1469 2961 1510 3011 si
1538 2961 1661 3024 fuga
1684 2962 1874 3012 laboris
1911 2972 1964 3012 et
1990 2965 2334 3013 molestiarum
2359 2980 2538 3016 curam

1468 3040 1799 3103 reipublice,
1846 3046 2085 3103 tanquam
2118 3041 2213 3090 sibi
2250 3054 2539 3100 onerosam,

1470 3116 1736 3179 suscipere
1776 3114 2146 3165 detrectasset.
2208 3116 2385 3180 Atque
2408 3118 2541 3169 adeo

1465 3207 1764 3255 proegraoem
1786 3194 2004 3257 exponit
2041 3209 2133 3256 per
2166 3194 2238 3254 id,
2266 3193 2402 3258 quod
2430 3196 2538 3244 Pli-

1471 3271 1586 3320 nius
1605 3270 1775 3333 paullo
1791 3278 1909 3319 ante
1926 3271 2147 3332 dixerat,
2168 3279 2181 3300 ⁸
2200 3273 2540 3331 invidiosum‚’

1472 3348 1615 3408 item,
1636 3348 1772 3410 quod
1796 3347 1978 3395 durum
1999 3356 2053 3396 et
2071 3348 2396 3400 intolerabile
2417 3351 2541 3401 libe-

1474 3437 1544 3472 rae
1571 3423 1789 3483 civitati,
1816 3424 1960 3486 quasi
1986 3425 2283 3473 continuum
2309 3428 2539 3475 consula-

1474 3506 1582 3548 tum
1609 3498 1855 3561 principis
1881 3500 2009 3560 pati.
2076 3499 2269 3559 Credo,
2292 3500 2425 3551 hanc
2449 3517 2541 3552 ex·

1476 3574 1808 3639 plicationem
1833 3572 1985 3639 facile
2010 3576 2183 3625 multis
2207 3578 2332 3626 satis
2364 3578 2543 3629 verisi-

1475 3652 1646 3700 milem
1687 3651 1848 3699 visum
1887 3651 1979 3711 iri;
2014 3667 2045 3701 a
2083 3668 2184 3717 qua
2223 3669 2322 3704 nec
2359 3670 2459 3719 ego
2490 3657 2542 3706 in

1475 3726 1767 3775 universum
1793 3740 1901 3774 sum
1929 3727 2157 3778 alienus:
2199 3738 2325 3792 puto
2350 3738 2543 3789 tamen,

1477 3801 1841 3852 Germanicum
1858 3802 2217 3865 interpretem,
2235 3806 2543 3865 Dammium,

1478 3878 1679 3927 acutius
1718 3878 2030 3928 seutentiam
2065 3880 2222 3929 Plinii
2260 3882 2546 3943 inspexisse

1476 3966 1530 4006 et
1551 3957 1889 4018 expressisse,
1908 3956 2112 4021 quando
2126 3959 2235 4006 liaec
2254 3958 2411 4007 verba
2427 3960 2546 4010 red-

1477 4033 1629 4093 didit,
1663 4033 1737 4079 als
1770 4032 1872 4080 eine
1913 4047 1973 4080 zu
2016 4033 2239 4094 wichtige
2281 4037 2378 4084 und
2409 4036 2545 4086 iiber·

1475 4110 1683 4170 miissige
1694 4108 1821 4156 chre.
1887 4108 2101 4157 Scilicet
2126 4111 2140 4136 ‘
2164 4111 2443 4172 praegravis
2460 4113 2550 4163 lio-

1478 4183 1604 4234 nor’
1640 4182 1829 4231 «licitur
1862 4181 1959 4230 hoc
1987 4183 2099 4231 loco
2124 4182 2548 4248 praeponderans,

1480 4259 1720 4324 eximius,
1755 4260 2074 4323 praecipuus,
2113 4260 2430 4329 ampliorque
2457 4265 2547 4318 ho·
