3060 4902
533 349 665 416 816

539 509 779 562 trantur.’
841 507 927 559 Cf.
967 507 1228 557 vechner-i
1268 507 1605 557 Hellenolex.

541 602 583 637 1.
624 593 704 637 18.
772 586 952 635 Nihilo
989 586 1156 634 minus
1196 592 1369 634 tamen
1414 586 1509 634 lioc
1552 584 1603 632 in

539 666 654 715 loco
678 664 849 714 malim
876 664 1160 724 vulgatam,
1184 669 1237 710 et
1254 678 1285 710 a
1306 660 1497 710 ceteris
1519 674 1605 709 co·

538 739 739 789 dicibus
764 740 891 787 Mss.
914 738 1162 801 librisque
1188 738 1393 786 excusis
1416 735 1603 786 confir·

538 823 729 865 matam
753 816 1028 865 lectionem
1052 813 1203 863 tueri.
1240 813 1391 861 Idem.

604 895 819 944 Ambitio
843 893 1021 956 magis]
1057 894 1227 955 Mag-is
1249 892 1392 942 abest
1420 892 1487 940 V.
1518 891 1605 940 Li·

539 972 639 1022 υἱπ.
671 979 836 1032 recte,
873 978 930 1020 ut
962 969 1188 1033 videtur,
1211 977 1265 1018 et
1288 971 1508 1019 honesta
1533 968 1604 1017 el-

539 1050 678 1113 lipsi.
715 1049 961 1097 Rmersh.

607 1125 780 1188 Livor]
816 1126 904 1174 Ita
927 1132 980 1174 et
1004 1123 1263 1173 Ausonius
1288 1123 1603 1185 interpreta-

544 1211 647 1266 tur,
669 1202 732 1252 ad
760 1202 1067 1253 Gratianum
1091 1218 1105 1253 z
1141 1208 1155 1229 ‘
1181 1200 1295 1249 Scis
1327 1207 1527 1263 septem
1551 1205 1607 1248 et

541 1281 725 1330 decem
782 1279 1078 1329 consulatus
1120 1276 1433 1337 Domitiani,
1477 1289 1604 1339 quos

540 1357 630 1406 ille
671 1354 863 1404 invidia
897 1355 1087 1404 alteros
1122 1351 1458 1416 provehendi,
1482 1366 1606 1402 con·

541 1429 791 1481 tinuando
814 1428 1117 1478 conseruit.’
1152 1428 1285 1492 Lips.

611 1507 767 1564 Quum
783 1505 928 1567 livor]
954 1506 1067 1554 Etsi
1085 1504 1333 1554 vocabulo
1359 1510 1373 1533 ‘
1393 1502 1606 1560 livoris,’

542 1598 637 1646 pro
662 1583 878 1645 invidia,
914 1596 1015 1631 non
1041 1581 1154 1645 ipse
1178 1581 1365 1630 Cicero
1390 1594 1511 1628 usus
1534 1580 1606 1628 vi-

541 1658 768 1717 deatur;
821 1657 871 1706 id
915 1665 1089 1705 tamen
1135 1664 1293 1704 aetate
1340 1654 1607 1704 Ciceronis

541 1735 644 1785 fuit
670 1736 934 1784 usitatum.
991 1734 1079 1782 Sic
1105 1734 1170 1780 D.
1196 1733 1390 1780 Brutus
1411 1732 1474 1779 ad
1494 1732 1606 1780 Cic.

542 1811 688 1860 Fam.
730 1823 813 1858 xi.
848 1813 928 1857 10.
962 1810 1068 1858 ‘Tu
1110 1823 1141 1857 a
1177 1814 1323 1858 certo
1366 1822 1518 1856 sensu
1552 1813 1607 1856 et

543 1901 669 1936 vero
686 1884 893 1949 judicas
925 1883 992 1933 de
1024 1883 1207 1933 nobis:
1242 1883 1380 1948 quod
1413 1884 1498 1932 isti
1541 1898 1607 1933 ne

541 1962 757 2017 faciant.
779 1976 977 2010 summa
993 1960 1354 2009 malevolentia
1370 1965 1424 2008 et
1447 1959 1608 2008 livore

538 2035 933 2102 impediuntur.'
1004 2037 1090 2086 Ita
1117 2050 1239 2085 vero
1271 2043 1322 2084 et
1348 2034 1610 2085 Ausonius

543 2116 594 2164 in
634 2113 920 2178 gratiarum
952 2112 1157 2162 actione
1189 2112 1252 2159 ad
1278 2111 1609 2173 Gratianum,

541 2206 591 2241 c.
636 2193 713 2252 11.
760 2188 927 2244 livori,
969 2188 1078 2237 sive
1122 2187 1354 2249 invidiae,
1407 2188 1609 2251 tribuit,

542 2264 678 2330 qnod
728 2264 1060 2331 Domitianus
1097 2275 1275 2310 omnes
1312 2261 1607 2310 consulatus

543 2340 951 2406 praeoccuparit,
987 2346 1043 2387 et
1080 2337 1296 2401 privatis
1327 2337 1607 2401 praeripue-

542 2417 647 2467 rit:
682 2424 694 2444 ⁸
719 2414 866 2477 Scis,’
901 2415 1092 2479 iuquit,
1124 2413 1342 2463 ‘decem
1388 2428 1449 2463 ac
1490 2426 1606 2478 sep-

545 2502 649 2541 tem
674 2492 964 2541 Domitiani
995 2492 1318 2552 consulatus,
1347 2506 1475 2554 quos
1501 2490 1607 2546 ille,

541 2566 738 2617 invidia
773 2566 963 2615 alteros
1001 2567 1338 2627 provehendi,
1371 2566 1607 2615 coutinu-

544 2642 680 2693 ando
712 2642 998 2704 conseruit,
1022 2642 1095 2689 ita
1126 2642 1177 2689 iu
1209 2642 1321 2703 ejus
1356 2641 1608 2690 aviditate

542 2719 759 2774 derisos,
778 2724 834 2766 ut
860 2725 936 2765 tot
960 2732 1075 2766 eum
1094 2718 1295 2780 paginae
1316 2718 1608 2780 Fastorum,

543 2807 752 2844 suorum
797 2793 951 2840 immo
993 2790 1341 2853 fastidiorum,
1385 2791 1609 2843 fecerint

541 2870 875 2931 insolentem,
917 2883 1014 2918 nec
1053 2871 1321 2933 potuerint
1352 2878 1608 2934 praestare

542 2945 787 2997 felicem)
857 2946 1029 2995 Nihilo
1062 2946 1227 2994 minus
1258 2947 1411 2995 etiarn
1445 2946 1607 2996 ambi·

544 3023 617 3072 tio
640 3021 903 3071 dominata
928 3029 1008 3070 est
1038 3021 1089 3071 in
1115 3022 1435 3086 expetendo,
1470 3022 1605 3072 aliis-

539 3112 645 3163 que
681 3097 1052 3161 praeripiendo,
1096 3100 1385 3155 consulatu,
1422 3112 1607 3161 agnos·

544 3181 699 3223 ceute
737 3174 850 3235 ipso
892 3175 1096 3223 Seneca
1132 3173 1197 3222 de
1238 3174 1326 3222 Ira
1365 3188 1404 3224 1.
1440 3178 1518 3224 16.
1555 3176 1605 3223 in

541 3252 677 3301 fine:
703 3254 719 3281 ‘
741 3253 998 3301 Videatur
1012 3260 1066 3301 et
1086 3253 1298 3302 ambitio
1316 3254 1487 3315 magni
1503 3255 1609 3304 aui·

543 3331 647 3380 mi:
691 3344 793 3379 non
831 3339 914 3381 est
948 3338 1196 3381 contenta
1216 3331 1492 3381 honoribus
1517 3345 1607 3380 an·

542 3407 690 3465 nuis;
725 3406 767 3454 si
791 3405 902 3455 fieri
930 3414 1125 3470 potest,
1157 3423 1257 3457 uuo
1288 3409 1491 3457 nomine
1517 3423 1606 3457 oc·

543 3497 736 3546 cupare
757 3481 918 3532 fastos
941 3485 1070 3546 vult,
1096 3498 1189 3547 per
1207 3498 1409 3533 omnem
1428 3484 1605 3533 orbem

544 3559 722 3608 titulos
743 3558 1055 3621 disponere.'
1100 3560 1227 3606 Cum
1258 3573 1380 3606 vero
1404 3559 1605 3608 Plinius

543 3632 694 3693 dicit,
714 3647 818 3680 non
851 3636 867 3661 ‘
887 3633 1179 3682 ambitionis
1203 3631 1215 3653 '
1246 3634 1428 3696 magis,
1454 3649 1605 3697 quam

546 3709 561 3735 ‘
583 3708 761 3756 livoris
786 3715 840 3757 et
868 3709 1203 3771 malignitatis
1222 3708 1236 3730 ’
1270 3723 1404 3771 esse,
1427 3724 1605 3760 omnes

544 3798 707 3833 anuos
734 3784 1004 3846 possidere
1028 3784 1193 3845 velle3
1229 3786 1435 3835 videtur
1468 3793 1605 3837 ‘am-

545 3860 828 3910 bitionem'
868 3875 961 3923 pro
1006 3860 1201 3909 virtute
1241 3862 1479 3924 quadam,
1514 3869 1606 3912 aut

545 3944 696 3988 certe
719 3951 813 4001 pro
835 3937 996 3999 magis
1021 3939 1323 3986 excusando
1347 3939 1493 4001 vitio,
1516 3937 1604 3987 lia-

543 4014 736 4074 buisse,
779 4026 932 4076 quam
969 4012 1294 4075 ‘invidiam’
1325 4021 1417 4063 aut
1461 4013 1603 4064 aliud

545 4088 744 4138 vitium.
783 4089 852 4138 Et
878 4087 1060 4138 eadem
1084 4089 1347 4138 sententia
1369 4087 1466 4139 fuit
1492 4090 1601 4138 Sal·

543 4167 685 4215 lustii
722 4166 771 4214 in
809 4167 967 4217 Catil.
1002 4180 1118 4229 cap.
1157 4169 1236 4214 11.
1270 4165 1404 4215 ‘Sed
1436 4166 1603 4231 primo

542 4241 706 4306 magis
728 4242 961 4302 ambitio,
979 4257 1135 4309 quam
1153 4242 1389 4300 avaritia,
1407 4243 1603 4294 animos

1224 363 1444 413 NOTAE
1493 361 1904 412 VARIORUM
1956 362 2039 410 IN

1678 505 1938 556 hominnm
1963 506 2280 568 exercebat3
2315 504 2453 571 quod
2477 510 2650 556 tamen
2674 506 2749 556 vi·

1682 585 1808 633 tium
1848 584 2062 647 propius
2095 585 2342 633 virtutum
2374 587 2528 631 erat.'
2590 583 2748 634 Unde

1681 669 1736 709 et
1759 660 1961 708 Seneca
1994 662 2060 709 de
2092 660 2253 709 Brev.
2276 661 2437 714 Vitae,
2459 673 2505 707 c.
2526 663 2575 707 6.
2610 661 2626 686 ⁴
2647 660 2749 709 Ce-

1681 735 1803 795 teri,
1825 736 2025 784 etiamsi
2053 750 2184 784 vana
2208 735 2388 798 glot-iaz
2416 734 2637 796 imagine
2671 744 2749 785 te-

1681 821 1923 868 neantur,
1936 812 2169 875 speciose
2187 817 2359 859 tamen
2375 810 2588 858 errant.'
2609 811 2747 860 Item

1683 889 1936 954 Quinctil.
1979 888 2158 937 Instit.
2189 888 2341 938 Orat.
2376 901 2413 958 .¹·
2441 891 2519 937 11.
2555 888 2657 937 ‘Et
2689 889 2750 937 li-

1682 973 1765 1014 cet
1794 966 1906 1027 ipsa
1931 965 2109 1014 vitium
2137 964 2206 1013 sit
2232 963 2468 1024 ambitio,
2504 961 2750 1027 frequen·

1683 1047 1762 1090 ter
1788 1049 1960 1089 tamen
1982 1053 2161 1088 caussa
2187 1040 2435 1088 virtutum
2457 1038 2578 1088 est.’
2613 1040 2750 1089 Con-

1683 1117 1885 1167 feratur
1907 1117 2066 1167 Corte
2088 1115 2154 1165 ad
2179 1116 2395 1165 citatum
2417 1115 2652 1166 Sallustii
2675 1116 2750 1165 lo·

1683 1208 1819 1243 cum.
1855 1193 2100 1242 Scau-m.

1753 1270 1928 1317 Omnes
1955 1283 2104 1317 anuos
2130 1266 2393 1331 possidere]
2431 1266 2477 1315 1.
2503 1281 2551 1313 e.
2573 1266 2753 1331 singn-

1683 1344 1745 1393 lis
1781 1343 1928 1392 annis
1965 1343 2062 1392 sibi
2100 1344 2425 1392 consulatum
2465 1341 2750 1398 vindicare.

1681 1435 1749 1470 ne
1773 1421 1885 1469 aliis
1923 1419 1987 1469 ad
2017 1434 2132 1468 eum
2171 1417 2455 1481 gerendum
2488 1417 2635 1467 locus
2668 1433 2750 1467 re-

1683 1498 1967 1562 linquatur.
2002 1497 2055 1547 J.
2073 1496 2133 1544 F.
2158 1495 2456 1544 Gronovius
2478 1495 2531 1543 in
2547 1508 2643 1545 suo
2660 1510 2753 1545 ex·

1684 1573 1915 1636 emplari,
1942 1585 2037 1634 pro
2062 1569 2220 1620 v'erbo
2249 1570 2507 1633 possidere,
2530 1577 2752 1620 annota-

1683 1649 1760 1698 vit
1782 1650 2027 1707 obsidet-e,-
2061 1647 2190 1696 satis
2213 1647 2419 1711 quidem
2441 1645 2751 1707 commode3

1682 1725 1771 1774 sed
1818 1726 1882 1786 is,
1925 1733 1983 1774 nt
2024 1724 2230 1787 opinor,
2266 1736 2332 1771 ex
2373 1722 2583 1785 ingenio
2615 1723 2752 1773 banc

1683 1800 2100 1850 emendationem
2140 1799 2396 1859 tentavit;
2432 1805 2619 1861 utpote
2663 1801 2751 1849 cni

1684 1879 1852 1927 nullus
1893 1876 2024 1925 alius
2064 1874 2195 1925 liber
2227 1872 2560 1938 suffragatur.
2630 1876 2751 1926 Nec

1685 1954 1979 2002 necessaria
2015 1953 2125 2001 hoec
2163 1952 2382 2000 mutatio
2421 1959 2522 2013 est,
2561 1966 2681 2001 cum
2715 1953 2753 2003 ii

1685 2030 1967 2093 principes,
1991 2029 2080 2092 qui
2114 2028 2260 2092 quasi
2297 2027 2602 2076 continuum
2625 2040 2751 2078 con-

1685 2109 1908 2157 sulatum
1948 2106 2045 2155 sibi
2087 2103 2436 2164 vlndicarunt,
2469 2119 2641 2167 neque
2683 2104 2752 2155 ad

1682 2183 1816 2231 hunc
1853 2182 2098 2230 bonorem
2138 2178 2444 2242 capiendum
2478 2180 2595 2228 aliis
2632 2180 2753 2228 reli·

1684 2268 1905 2321 querunt
1926 2257 2142 2318 aditum,
2157 2256 2268 2320 pari
2289 2255 2591 2319 metaphora
2614 2262 2751 2305 ‘om-

1682 2349 1772 2383 nes
1816 2332 2018 2395 anuos,’
2050 2341 2139 2382 aut
2174 2331 2392 2393 ‘fastos,
2428 2333 2749 2396 occupasse,'

1683 2410 2011 2468 ‘obsedisse,’
2034 2416 2125 2460 aut
2141 2415 2156 2438 ‘
2173 2408 2506 2475 possedisse,’
2525 2408 2636 2461 dici
2660 2424 2750 2475 po-

1684 2490 1893 2540 tuerint.
1932 2489 2084 2537 Idem.
2714 2522 2723 2527 -

1750 2566 2008 2628 Purpura]
2062 2565 2199 2616 Quia
2243 2563 2484 2613 consules
2527 2563 2583 2613 in
2631 2570 2752 2629 toga

1683 2648 1965 2707 praetexta,
2001 2640 2053 2689 id
2091 2648 2192 2698 est,
2229 2642 2312 2690 cui
2343 2641 2526 2690 limbus
2551 2655 2750 2706 pnrpu-

1684 2734 1803 2768 reus
1828 2718 2074 2768 adtextus
2099 2725 2260 2767 esset.
2326 2717 2519 2766 Eadem
2553 2727 2612 2767 et
2634 2719 2751 2769 aliis

1682 2794 2075 2857 magistratibus
2108 2794 2347 2858 quidemr
2385 2794 2478 2843 sed
2516 2794 2640 2845 ideo
2663 2796 2753 2844 ad-

1683 2871 1761 2920 dit
1799 2878 2084 2920 ‘summum
2121 2868 2315 2924 dcem?
2349 2870 2472 2933 quia
2497 2869 2590 2919 isti
2614 2884 2753 2921 sum·

1682 2948 1750 2997 mi
1776 2948 1913 2996 inter
1938 2948 2070 2996 illos.
2104 2946 2241 3009 [ἀρε.

1749 3024 1989 3086 Purpura
2010 3023 2175 3087 decas]
2214 3022 2457 3085 Purpura
2479 3024 2752 3074 consulum

1682 3099 1889 3148 Gabino
1926 3099 2032 3148 ritu
2069 3099 2246 3148 cincta
2284 3097 2401 3147 fuit.
2471 3099 2750 3151 claudian.

1682 3176 1883 3225 Honor.
1914 3176 1930 3203 ‘
1959 3175 2266 3238 cinctusque
2310 3173 2563 3224 Gabinos·
2587 3176 2751 3225 Dives

1684 3251 1982 3315 Hydaspeis
1997 3259 2239 3314 augescat
2255 3264 2480 3313 purpura
2495 3249 2757 3314 gemmis!

1682 3344 1836 3393 quem
1873 3329 2102 3377 cinctum
2134 3327 2394 3378 Gabinum
2429 3327 2751 3378 Claudianus

1684 3412 1835 3453 vocat
1881 3404 2006 3453 alibi
2050 3402 2361 3466 ‘pacificum
2403 3410 2461 3452 et
2505 3403 2753 3461 civilem,'

1682 3482 1821 3546 quia,
1845 3481 1967 3530 licet
1992 3481 2078 3529 illo
2101 3485 2374 3528 uterentur
2411 3477 2549 3528 bella
2584 3480 2753 3530 iudic-

1683 3558 1787 3607 turi
1802 3557 2059 3619 consules,
2072 3563 2127 3605 ut
2146 3556 2419 3619 plurimum
2434 3554 2752 3620 Romoeage-

1683 3633 1826 3694 bant,
1846 3640 1901 3682 et
1921 3635 2152 3696 ipsorum
2171 3631 2298 3695 ἀρχὴ
2316 3640 2428 3680 erat
2442 3631 2647 3695 ἄοπλοε,
2664 3635 2753 3683 ias·

1682 3725 1820 3759 mune
1840 3709 1900 3758 ab
1913 3710 2062 3758 armis
2079 3709 2343 3772 imperium.
2365 3721 2477 3758 avi.
2503 3713 2553 3757 8.
2576 3710 2732 3759 Beris.

1748 3786 2099 3849 Proecerptum]
2136 3785 2433 3834 Delibatnm
2471 3785 2626 3837 initio
2660 3801 2752 3836 an·

1681 3862 1752 3912 ni.
1818 3863 1953 3912 Nam
1988 3861 2320 3911 Domitianus
2354 3867 2511 3926 atque
2543 3862 2634 3911 alii
2661 3876 2751 3912 aa·

1681 3953 1803 3987 num
1834 3937 1945 3986 fere
1974 3937 2277 4001 aperiebant
2299 3954 2315 3986 ε
2351 3945 2407 3987 et
2444 3947 2573 3988 tnnc
2609 3937 2752 3993 suffi-

1681 4013 1908 4063 ciebant.
1941 4014 2081 4076 Lips.

1740 4088 2086 4152 Pru-ceruum]
2102 4088 2203 4138 Vix
2221 4088 2554 4153 degustatum
2573 4104 2589 4151 ;
2611 4090 2752 4155 quod

1682 4167 1839 4215 moris
1870 4166 2175 4216 Domitiano
2209 4163 2332 4226 fuit,
2359 4172 2496 4214 teste
2531 4165 2755 4218 Sueton.

1681 4256 1797 4306 cap.
1823 4246 1901 4295 1³.
1936 4242 1952 4270 ‘
1975 4242 2175 4294 Omnes
2194 4241 2567 4308 (consulatus)
2598 4257 2751 4308 pene
