3060 4902
477 399 608 465 564

476 558 657 610 oribus
691 555 863 606 verbis
896 553 1202 617 particulam
1236 553 1367 598 sonst
1408 546 1544 595 inse-

478 635 618 684 ruit:
661 631 817 682 Wenn
849 634 977 678 sonst
1013 630 1097 677 der
1125 631 1212 687 tog
1234 626 1362 680 kam,
1383 624 1445 670 du
1465 622 1546 671 ein

476 711 656 759 solches
688 707 978 769 geschencke
1016 703 1325 764 ausgeiheilet
1363 700 1544 761 warde,

478 790 560 849 ὅτ.
625 787 691 834 Ει
717 783 922 841 deinde,
953 794 1068 829 cum
1101 776 1438 839 exponendus
1464 790 1544 823 es·

467 870 562 921 ¹set
585 869 806 912 eventus
832 857 1157 921 precantium
1192 862 1245 903 et
1277 852 1540 901 blandien-

479 940 608 990 tium
655 944 924 1003 parentum
966 949 1025 983 ac
1061 932 1359 991 liberorum,
1400 929 1543 993 quasi

477 1017 728 1077 scriptum
762 1013 970 1075 fuisset,
993 1010 1080 1064 At,
1116 1024 1211 1073 pro
1234 1009 1327 1062 Ac.
1353 1008 1405 1054 in
1432 1019 1544 1053 ver-

478 1093 685 1150 nacula,
721 1090 834 1139 aber
865 1088 1064 1150 optime
1106 1084 1368 1147 reposuit:
1415 1082 1546 1130 Aber

476 1170 556 1217 die
594 1168 792 1217 meister·
835 1165 1075 1213 schickten
1114 1163 1191 1210 ein
1229 1160 1545 1218 vergebliches

463 1245 633 1310 flehen
653 1259 710 1292 zu
736 1245 842 1291 dem
864 1242 1034 1290 tuuben
1056 1239 1169 1287 ohre
1188 1236 1545 1297 ihreffuimten,

475 1322 559 1382 ξε.
626 1320 715 1368 Sic
760 1327 815 1367 et
857 1319 1139 1371 Gesnerus,
1182 1313 1544 1361 animadverso

477 1397 576 1446 hoc
609 1394 760 1444 obvio
791 1392 1116 1442 librariorum
1142 1388 1349 1447 mendo,
1376 1388 1426 1435 iu
1455 1402 1542 1433 no-

477 1473 547 1522 tis
570 1486 715 1521 novae
740 1469 1002 1523 editionis,
1025 1466 1290 1521 indicavit,
1312 1479 1365 1511 se
1391 1464 1544 1510 malie

478 1548 823 1598 adversativae
844 1544 1112 1610 particulae
1130 1543 1217 1601 At,
1239 1555 1332 1603 pro
1350 1540 1442 1599 Ac,
1462 1538 1545 1586 hic

476 1627 647 1676 locum
683 1624 825 1674 dare.
895 1623 1140 1671 Ceterum
1177 1618 1369 1673 nescio,
1405 1616 1544 1665 unde

479 1702 765 1765 Gryphius,
811 1697 1111 1758 Sit-bardua,
1151 1702 1205 1742 et
1248 1693 1543 1756 Stephanus

479 1777 760 1827 sumserint
800 1787 981 1823 vocem
1018 1770 1202 1831 inritis,
1242 1782 1413 1830 quiam,
1451 1781 1546 1830 pro

480 1853 658 1914 irritiS,
682 1852 733 1899 in
760 1849 988 1912 margine
1019 1846 1300 1895 editionum
1337 1859 1543 1893 suarum

480 1932 826 1987 annotarunt,
853 1926 1032 1989 utique
1056 1938 1155 1972 non
1179 1923 1404 1983 dignam,
1429 1935 1544 1984 quae

478 2008 531 2056 in
556 2011 857 2055 contextum
881 2000 1130 2052 orationis
1157 1997 1546 2047 admitteretur.

482 2084 638 2132 Idem.

542 2158 703 2208 Aures
737 2153 1094 2218 ‹td-strepebant]
1130 2151 1353 2201 Codices
1394 2152 1543 2200 Vati·

483 2235 618 2295 cani,
659 2232 1087 2293 Saiisburgensis,
1126 2228 1547 2289 Gueipberbyta-

481 2327 596 2374 nus,
639 2319 694 2359 et
733 2309 866 2358 liber
913 2308 1054 2371 prior
1100 2304 1257 2354 Gudii
1300 2303 1549 2352 exhibent

483 2388 844 2451 obstrepebant3
891 2384 1057 2434 ceteri
1102 2382 1285 2443 scripti
1334 2382 1548 2443 impres·

483 2466 632 2529 sique
657 2463 1006 2524 adstrepebaut.
1057 2461 1287 2507 Verbum
1311 2464 1325 2486 ⁸
1352 2458 1548 2506 obstre-

484 2541 640 2606 pere’
682 2541 765 2588 bic
811 2542 977 2588 locum
1012 2536 1203 2584 habere
1242 2549 1342 2582 nou
1381 2549 1550 2597 posse,

484 2625 667 2668 censet
690 2616 1037 2673 Arntzenius3
1076 2619 1375 2676 propterea,
1411 2610 1549 2673 quod

484 2696 535 2746 id
577 2708 677 2743 nou
715 2693 812 2742 nisi
848 2692 914 2739 de
952 2691 1156 2752 ingrato
1195 2702 1321 2737 sono
1360 2688 1552 2750 accipi·

485 2778 622 2831 atur,
658 2770 743 2819 ubi
768 2766 1164 2817 adversantibus
1189 2770 1243 2812 et
1266 2765 1549 2813 reciaman-

483 2848 622 2898 tibus
658 2846 928 2895 sententiis
962 2844 1089 2893 alios
1128 2842 1423 2904 fatigamini,
1462 2848 1552 2890 aut

481 2926 708 2987 strepitu
741 2921 1152 2985 indignationem
1187 2926 1415 2968 nostram
1453 2919 1552 2979 sig-

483 3002 787 3062 nificamus3
820 3008 976 3064 prout
1003 3001 1148 3062 plura
1172 2998 1323 3061 hujus
1348 2996 1552 3058 generis

485 3078 727 3141 exempla
774 3077 980 3126 Cortius
1023 3074 1176 3123 affert
1230 3074 1294 3122 ad
1338 3073 1553 3121 Sallust.

487 3154 647 3203 Catil.
698 3166 857 3202 xxxr.
893 3157 942 3200 8.
1007 3152 1224 3210 Verum,
1258 3148 1445 3203 nescio,
1485 3162 1551 3195 an

486 3230 599 3277 baec
647 3230 849 3290 ingrata
889 3227 1032 3276 notio
1074 3227 1126 3272 in
1169 3224 1459 3272 universum
1497 3229 1552 3272 et

485 3304 679 3368 ubique
714 3303 974 3352 tribuatur
1003 3301 1120 3349 huic
1146 3300 1321 3349 verbo.
1391 3301 1552 3350 Certe

488 3382 719 3437 Curtius,
748 3380 836 3428 ubi
860 3379 1037 3428 luxum
1068 3384 1122 3425 et
1146 3390 1382 3439 pompam
1407 3384 1551 3424 vete·

486 3472 601 3506 rum
626 3455 793 3504 Indiae
814 3469 1016 3518 regum,
1039 3466 1166 3502 vm.
1184 3459 1232 3501 9.
1248 3456 1331 3499 25.
1355 3450 1550 3499 descri-

485 3532 583 3588 bit.
619 3531 672 3579 id
715 3534 925 3579 verbum
964 3530 1029 3577 de
1064 3539 1219 3576 cantu
1259 3527 1449 3586 avium,
1484 3526 1550 3576 ab

484 3607 778 3657 hominibus
798 3606 973 3666 docto,
998 3610 1214 3664 usurpat
1239 3618 1253 3663 3
1289 3617 1440 3666 quem
1464 3602 1551 3649 vix

486 3686 672 3748 opinor
704 3697 912 3742 gravem
936 3681 1314 3742 molestumque
1338 3693 1449 3728 esse
1474 3681 1550 3728 in-

489 3759 857 3823 telligendum:
891 3765 905 3786 ⁴
931 3755 1144 3817 Ramis,’
1179 3755 1365 3819 inquit,
1387 3756 1403 3781 ‘
1428 3769 1550 3802 aves

488 3835 742 3898 pendent,
797 3846 922 3897 quas
979 3842 1138 3880 cantu
1193 3831 1342 3879 seriis
1400 3829 1552 3878 rebus

488 3909 791 3974 obstrepere
831 3907 1153 3957 docuerunt!
1220 3904 1553 3955 Manifestius

488 3985 625 4033 idem
673 3983 886 4033 verbum
924 3982 990 4031 de
1031 3983 1134 4030 tevi
1176 3988 1430 4046 gratoque
1468 3996 1554 4030 sn·

490 4076 640 4110 snrro
686 4073 936 4126 aquarum
982 4059 1317 4114 manantium,
1371 4066 1425 4108 et
1485 4058 1551 4107 ad

490 4153 721 4187 somnum
776 4149 868 4185 nos
933 4134 1287 4196 invitantium,
1338 4132 1553 4184 adhibet

493 4213 686 4263 Horat.
729 4211 901 4276 Epod.
946 4226 1010 4261 tt.
1060 4215 1143 4261 28.
1198 4217 1213 4239 ‘
1254 4211 1551 4275 Fontesque

494 4289 716 4355 lymphis
731 4289 1049 4355 obstrepunt
1064 4286 1551 4351 manantibus,som·

1177 405 1395 454 NOTAE
1448 402 1851 451 VARIORUM
1905 400 1981 449 IN

1617 559 1708 593 nos
1748 542 1884 607 quod
1930 539 2115 590 invitet
2155 537 2335 589 leves-³
2401 539 2520 589 Non
2560 551 2688 601 ergo

1621 620 1833 669 verbum
1870 626 1885 648 ‘
1910 615 2252 679 obstrepere,’
2289 625 2505 681 propter
2531 615 2692 678 signi·

1616 696 1914 753 ficationem
1940 694 2189 756 strepitus
2224 692 2446 747 molesti,
2482 691 2692 755 (quam-

1619 786 1773 835 quam
1801 779 1852 818 et
1892 769 1933 817 is
1969 768 2294 831 precantium
2321 769 2572 829 strepitus
2597 782 2689 815 au·

1620 847 1758 896 ribus
1778 846 2169 894 insolentiorum
2198 844 2488 907 principum
2530 841 2690 891 facile

1619 924 1789 987 gravis
1816 922 2056 970 accidere
2083 919 2336 985 potuerit)
2354 917 2443 967 sed
2474 925 2690 982 propter

1619 1001 1856 1061 σύνταξιν,
1911 1001 2078 1047 minus
2125 999 2207 1047 hic
2259 996 2464 1046 admitti
2513 1010 2690 1059 posse,

1619 1078 1740 1126 mihi
1758 1077 1984 1124 videtur.
2011 1072 2430 1138 Quotquotenim
2446 1073 2691 1135 exempla

1620 1152 1770 1215 hujus
1811 1151 1955 1200 verbi
1993 1151 2113 1198 mihi
2148 1151 2416 1213 hucusque
2441 1163 2691 1197 occurre-

1621 1237 1761 1289 ruut,
1798 1227 1848 1275 in
1887 1228 1964 1275 his
2006 1224 2154 1287 iliud,
2192 1226 2280 1274 nbi
2315 1239 2415 1273 non
2449 1223 2690 1273 absolute

1621 1304 1847 1367 ponitur,
1904 1317 2074 1350 casum
2145 1303 2358 1350 tertium
2423 1300 2690 1351 adsciscit.

1622 1383 1772 1430 Licet
1810 1381 1945 1428 enim
1984 1387 2039 1428 et
2074 1379 2169 1427 hoc
2204 1378 2438 1432 verbum,
2470 1382 2691 1439 propter

1623 1459 2043 1523 praepositionem
2084 1457 2158 1514 ob,
2188 1471 2252 1505 ex
2286 1470 2388 1518 qua
2421 1455 2692 1521 componi·

1622 1543 1723 1590 tur.
1759 1550 1932 1584 casum
1956 1542 2199 1597 quartum
2234 1533 2509 1581 admittere
2536 1544 2691 1594 posse

1623 1611 1893 1671 videatur;
1930 1613 1981 1659 in
2026 1612 2102 1659 his
2140 1619 2311 1659 tamen
2353 1608 2524 1659 verbis
2564 1623 2689 1658 usus

1621 1689 1998 1752 quammaxime
2051 1686 2365 1751 spectandus
2422 1694 2524 1734 est.
2615 1685 2694 1734 At

1625 1765 1832 1814 verbum
1879 1768 1893 1794 ⁴
1929 1763 2274 1827 adstrepere,'
2319 1763 2550 1828 quamvis
2587 1774 2693 1813 non

1624 1849 1724 1890 tam
1752 1844 1949 1906 antiqui
1974 1857 2111 1902 usus,
2134 1856 2284 1905 qnam
2306 1841 2322 1868 ‘
2345 1840 2699 1903 obstrepere,’

1623 1918 1759 1967 inter
1792 1920 2046 1968 Romanos
2082 1915 2239 1966 fuisse
2276 1915 2532 1976 videatur,
2577 1928 2694 1963 evo

1622 2002 1794 2044 tamen
1845 1995 2082 2043 Pliniano
2124 1993 2247 2043 satis
2306 1992 2551 2040 usitatum
2597 1991 2695 2039 tri-

1622 2076 1834 2134 tumque
1882 2070 1999 2118 fuit.
2084 2069 2168 2131 Id,
2212 2069 2343 2126 sicut
2389 2066 2695 2129 perhibetur

1622 2148 1957 2210 utplurimum
1987 2145 2268 2209 gratiorem
2305 2144 2602 2206 strepitum,
2638 2148 2697 2192 et

1623 2223 1926 2285 applausum
1998 2220 2274 2286 quendam,
2329 2231 2695 2281 assensumque

1623 2306 1842 2357 notare3
1891 2300 1961 2347 ita
2009 2297 2317 2346 utrumlibet
2357 2310 2553 2356 casnm,
2583 2296 2705 2344 sive‘

1625 2376 1834 2423 tertium
1861 2376 1968 2422 sive
1990 2381 2248 2438 quartum,
2269 2373 2457 2436 partim
2483 2387 2549 2420 ex
2571 2386 2695 2422 ana·

1623 2451 1781 2513 logia,
1822 2451 2013 2513 partim
2047 2466 2110 2500 ex
2151 2465 2262 2512 usu,
2303 2447 2399 2497 sibi
2437 2448 2695 2512 adjungit.

1624 2526 1809 2575 Casum
1849 2526 2005 2574 dandi
2045 2525 2193 2575 addit
2224 2526 2271 2573 ei
2302 2524 2467 2574 Tacit.
2506 2522 2697 2573 Annal-

1624 2618 1705 2651 xt.
1759 2608 1834 2664 17.
1885 2605 1899 2629 ‘
1936 2601 2296 2665 Adstrepebat
2341 2601 2498 2664 huic,’
2552 2601 2693 2665 (scil.

1626 2680 1783 2739 Italo,
1829 2679 2209 2727 Cheruscorum
2271 2677 2424 2741 regi.)
2469 2677 2693 2727 ‘alacre

1625 2753 1846 2817 vulgus,'
1880 2754 1930 2801 h.
1968 2768 2016 2801 e.
2058 2768 2184 2802 sono
2227 2768 2484 2803 armorum
2524 2755 2696 2817 tripu-

1625 2831 1825 2894 diisque
1851 2831 2174 2895 approbabat
2205 2831 2342 2880 bunc
2368 2844 2544 2893 regem
2568 2847 2585 2896 ς
2617 2832 2696 2880 uti

1625 2910 1793 2958 Tacit.
1830 2908 1975 2957 Hist.
2001 2921 2055 2955 v.
2081 2911 2159 2955 17.
2189 2907 2255 2956 de
2289 2908 2374 2956 illo
2404 2907 2698 2958 Germano-

1626 2998 1738 3031 rum
1786 2997 1929 3032 more
1976 2984 2224 3046 loquitur.
2295 2980 2380 3030 Cf.
2429 2982 2567 3030 idem
2626 2981 2695 3031 de

1628 3061 1809 3109 Germ.
1845 3074 1964 3122 cap.
1991 3062 2070 3106 11.
2120 3057 2310 3106 Casum
2345 3057 2502 3105 etiam
2541 3070 2697 3106 accu-

1627 3137 1773 3186 sandi
1795 3138 1929 3184 idem
1955 3137 2170 3185 verbum
2196 3135 2471 3200 aliquando
2492 3136 2698 3198 recipit.

1628 3213 1714 3262 Sic
1748 3213 1939 3261 cecinit
1964 3212 2211 3274 Caipuru.
2244 3212 2430 3274 Eciog.
2468 3225 2543 3260 tv.
2569 3216 2618 3259 2.
2642 3216 2695 3263 8.

1627 3293 1641 3319 ‘
1669 3289 1875 3341 Quidve
1899 3289 1994 3336 sub
2017 3289 2112 3336 hac
2139 3289 2370 3351 platano,
2395 3301 2550 3349 quam
2575 3300 2696 3350 gar·

1628 3367 1768 3413 rulus
1811 3363 2072 3426 adstrepit
2101 3363 2303 3423 humor,
2337 3363 2398 3412 In
2425 3365 2562 3413 lecta
2584 3372 2694 3413 sta·

1628 3441 1769 3489 tione
1814 3439 1996 3488 sedes?
2063 3438 2229 3489 Juvat
2269 3438 2476 3487 humida
2519 3436 2697 3489 forsan

1628 3518 1783 3580 Ripa,
1824 3518 2064 3580 levatque
2099 3514 2234 3562 diem
2272 3513 2428 3562 vicini
2478 3514 2697 3577 spiritus

1627 3594 1791 3642 amnis
1807 3591 1843 3640 ?’
1913 3590 2212 3654 cujusmodi
2253 3590 2474 3653 plurium
2512 3589 2700 3640 verbo-

1626 3684 1738 3718 rum
1775 3674 2091 3718 structuram
2133 3671 2400 3730 exponunt
2439 3679 2698 3728 gramma-

1626 3747 1733 3795 tici.
1820 3745 2095 3798 Absolute,
2150 3750 2202 3791 et
2249 3743 2360 3791 sine
2409 3755 2531 3790 casu
2575 3756 2697 3805 per-

1626 3836 1784 3884 sonae,
1809 3821 1986 3885 posuit
2009 3820 2105 3868 hoc
2130 3817 2345 3868 verbum
2364 3817 2533 3866 Tacit.
2555 3816 2697 3867 Hist.

1628 3914 1701 3948 ιν.
1721 3903 1804 3948 49.
1837 3901 1853 3927 ‘
1880 3897 2129 3948 Centurio
2151 3929 2165 3945 .
2188 3929 2200 3942 .
2219 3909 2405 3958 magna
2424 3907 2548 3943 voce
2572 3894 2699 3945 iaeta

1631 3976 1804 4025 Pisoni
1823 3976 2012 4037 omnia,
2034 3981 2277 4038 tanquam
2299 3970 2545 4034 principi,
2568 3985 2697 4020 con·

1629 4062 1864 4120 tinuare3
1902 4058 2104 4117 obvios,
2131 4065 2186 4108 et
2209 4056 2395 4106 subitoe
2431 4057 2504 4105 rei
2540 4056 2698 4106 mira-

1627 4139 1743 4187 culo
1786 4136 2060 4200 attonitos,
2103 4139 2160 4183 nt
2202 4132 2384 4182 eadem
2422 4130 2698 4196 adstrepe-

1628 4219 1764 4274 rent,
1783 4209 2016 4262 hortari.'
2081 4209 2327 4261 Ceterum
2359 4208 2529 4256 surdas
2557 4222 2700 4258 nares

1630 4287 1833 4340 Plinius
1857 4293 2029 4352 vocat,
2065 4300 2187 4351 non,
2221 4299 2335 4351 quar
2360 4290 2568 4348 natura,
2600 4285 2697 4335 sed
