3060 4902
494 358 626 424 764

495 530 550 568 se
591 519 1006 583 improbandam;
1052 535 1168 571 cum
1209 520 1401 575 multis,
1442 534 1559 584 quae

495 594 668 657 affert,
713 599 964 661 exemplis
1009 604 1233 652 constet,
1273 596 1562 661 conjuncti·

498 688 583 723 vas
607 675 889 738 particulas
926 676 1002 723 sic
1033 675 1201 722 solere
1224 673 1453 721 diversos
1477 688 1562 721 ca-

497 766 580 800 sus
619 759 956 800 connectere.
1026 752 1143 800 Nou
1187 752 1299 814 jam
1349 750 1560 812 disputo

497 825 563 874 de
599 828 698 876 illis
733 828 1013 891 exemplis3
1051 833 1278 876 attamen
1317 828 1445 875 hauc
1484 826 1561 889 ip-

496 917 606 953 sam
652 903 930 953 lectionem
965 904 1016 951 in
1054 903 1225 952 Plinio
1258 903 1432 951 statim
1469 901 1562 949 im·

497 980 717 1043 probare
743 980 877 1028 haud
906 995 1104 1030 vereor.
1163 981 1395 1028 Primum
1423 978 1561 1026 enim

497 1056 609 1105 haec
657 1057 904 1120 varietas,
961 1071 1075 1120 qnae
1114 1057 1237 1104 nihil
1286 1055 1560 1118 elegantiae

497 1132 675 1193 habet,
725 1133 1030 1183 adversatur
1076 1133 1309 1182 omnibus
1354 1131 1563 1195 reliquis

498 1209 673 1270 libris3
714 1209 902 1258 deiude
927 1211 1110 1258 saltem
1137 1209 1312 1259 Plinio
1338 1209 1563 1257 insolens

498 1284 744 1347 loquendi
772 1285 901 1333 ratio
925 1293 1001 1334 est
1024 1301 1039 1345 3
1074 1299 1134 1334 ac
1160 1284 1401 1349 denique,
1425 1282 1562 1347 quod

500 1368 668 1421 caput*
701 1364 774 1409 rei
806 1372 900 1415 est,
937 1362 1033 1408 hoc
1080 1361 1131 1409 in
1175 1360 1310 1420 loco,
1347 1369 1566 1423 propter

500 1449 723 1499 sequeus
765 1437 1089 1500 vocabulum,
1124 1437 1385 1485 insuavem
1410 1444 1464 1485 et
1486 1437 1565 1484 in·

499 1519 703 1576 gratam
750 1514 1235 1574 pronuntiationem,
1279 1513 1387 1562 sive
1423 1531 1564 1562 κακο·

498 1586 691 1649 iperium,
748 1587 928 1650 efficit,
990 1588 1307 1652 voluptatibus
1361 1589 1569 1649 ignibus.

500 1665 703 1714 Plinius
732 1673 904 1713 autem
943 1664 1060 1712 ideo
1103 1665 1327 1726 addidit,
1367 1673 1565 1714 statuas

499 1742 787 1790 Domitiani
821 1742 873 1789 in
905 1743 1165 1803 voluptates
1198 1741 1476 1802 homiuum,
1515 1756 1564 1791 v.

500 1833 551 1881 g.
575 1819 623 1867 iu
651 1818 850 1880 pocula,
880 1818 1148 1881 variosque
1177 1825 1404 1872 ornatus,
1434 1818 1566 1880 igni-

500 1894 595 1942 bus
632 1906 744 1941 esse
781 1899 1023 1948 mutatas,
1061 1899 1119 1941 ut
1154 1893 1285 1941 hauc
1323 1893 1565 1941 mutatio-

500 1984 616 2019 nem
641 1977 929 2031 oppoueret
956 1970 1175 2032 pristino
1199 1971 1383 2018 terrori
1401 1979 1454 2018 et
1473 1970 1566 2018 mi-

501 2047 580 2094 nis
605 2045 881 2094 earundem
905 2052 1206 2094 statuarum.
1242 2046 1392 2095 Idem.

565 2122 730 2172 Simili
753 2124 1042 2185 reverentia]
1102 2124 1234 2174 Quae
1268 2124 1471 2172 scilicet
1496 2122 1566 2172 si-

499 2201 635 2250 milis
681 2200 747 2249 sit
796 2202 868 2250 illi
911 2202 1242 2262 reverentiae,
1277 2201 1568 2264 modestiae,

501 2294 600 2343 qua
621 2278 894 2340 recusasti,
920 2285 1144 2327 statuam
1169 2285 1310 2327 tuam
1334 2278 1385 2325 iu
1414 2277 1570 2342 Capi·

501 2356 626 2406 tolio
651 2355 912 2404 collocari.
951 2355 1102 2403 Idem.

567 2434 731 2484 Simili
773 2433 1065 2497 reverentia]
1103 2434 1162 2483 Ei
1202 2434 1426 2493 scilicet,
1465 2447 1568 2499 qua

499 2510 727 2560 Deorum
763 2511 1029 2574 fastigium
1066 2512 1332 2560 recusasti.
1386 2512 1566 2576 Sequi-

500 2597 603 2650 tur,
635 2590 761 2650 apud
800 2589 1007 2636 Genium
1036 2591 1185 2648 terum,
1219 2586 1270 2636 id
1307 2596 1404 2648 est,
1428 2589 1567 2636 domi

501 2673 625 2715 tuae.
664 2666 809 2727 Mox,
831 2666 957 2727 apud
974 2665 1164 2712 Numen
1187 2664 1452 2728 Jovis,lioc
1471 2674 1569 2727 est,

499 2740 551 2789 in
578 2741 854 2801 Capitolio.
891 2740 1051 2787 Licin.

567 2815 733 2864 Simili
757 2813 1041 2877 reverentia]
1078 2815 1181 2878 ῐΙΙί,
1201 2830 1301 2880 qua
1325 2824 1466 2867 stare
1491 2818 1565 2866 in-

501 2897 586 2941 ter
609 2894 753 2941 Deos
785 2908 1010 2941 recusas.
1047 2891 1178 2953 Lips.

565 2969 713 3032 Apud
749 2969 981 3032 Genium]
1017 2969 1243 3032 Singulis
1277 2968 1566 3020 hominibus

504 3044 729 3093 Genium
756 3046 1041 3108 assignavit
1068 3046 1380 3111 antiquitas:
1409 3054 1566 3111 atque

501 3121 544 3169 is
570 3122 735 3184 majtts
762 3130 813 3169 et
844 3122 1067 3170 sanctius
1102 3122 1295 3186 aliquid
1334 3122 1444 3185 ipso
1477 3124 1565 3171 ho·

501 3199 659 3246 mine.
730 3199 917 3260 ltaque
962 3199 1115 3259 vulgo
1166 3200 1298 3261 ‘per
1342 3199 1566 3248 Genium

501 3274 721 3336 alicujus
742 3272 756 3294 ’
788 3275 951 3322 soleat
980 3288 1153 3335 orare,
1176 3274 1456 3335 obtestari,
1481 3276 1566 3338 ju-

504 3361 635 3397 rare.
705 3348 808 3398 Sed
849 3357 1045 3414 quanto
1079 3352 1241 3413 magis
1287 3352 1566 3415 principis!

502 3426 686 3489 quibus
732 3429 886 3476 etiam
932 3428 1198 3486 modestia,
1231 3431 1417 3491 passim
1462 3438 1566 3479 sta·

503 3510 627 3560 tuae,
655 3519 778 3561 arae,
819 3505 1033 3567 templa,
1066 3518 1180 3553 cum
1207 3504 1568 3566 inscriptione.

502 3591 696 3631 cnuto.
719 3593 1006 3629 casamo:
1041 3580 1176 3642 quod
1203 3581 1401 3642 lapides
1423 3596 1566 3631 uum-

499 3655 672 3719 mique
707 3656 920 3716 docent,
954 3667 1009 3705 et
1044 3657 1322 3705 Suetonius
1352 3658 1403 3706 in
1431 3659 1568 3722 Aug.

500 3746 618 3796 cap.
640 3737 723 3782 60.
761 3733 914 3781 Ηιιυο
949 3746 1073 3795 ergo
1105 3732 1368 3794 colebant,
1393 3736 1436 3782 si
1462 3750 1566 3786 non

500 3810 663 3874 ipsum
711 3810 1034 3874 principem:
1093 3821 1149 3858 et
1195 3810 1433 3874 Caligula
1477 3828 1566 3876 ap.

502 3888 720 3937 Sueton.
756 3899 944 3935 xxvir-
962 3890 1012 3935 6.
1043 3887 1058 3915 ‘
1079 3886 1325 3951 quosdam
1351 3888 1565 3938 interse-

498 3964 572 4015 cit
597 3961 732 4028 quod
769 3976 1026 4026 uunquam
1066 3976 1160 4025 per
1194 3961 1418 4012 Genium
1450 3964 1565 4027 ejus

500 4038 854 4105 dejerassent.’
903 4040 1158 4089 Miuutius
1178 4040 1343 4101 Felix,
1361 4041 1376 4066 ‘
1396 4041 1564 4090 Caesa·

502 4133 610 4168 rum
656 4132 845 4168 numen
891 4117 1155 4177 invocant,
1199 4117 1263 4164 ad
1311 4116 1562 4180 imagines

499 4197 815 4258 supplicant,
849 4196 1092 4251 Genium,
1129 4193 1224 4242 hoc
1257 4200 1338 4242 est
1372 4195 1564 4244 daemo-

500 4285 639 4333 nem,
661 4272 938 4335 implorant
959 4287 973 4322 ε
1007 4278 1063 4322 et
1088 4276 1169 4320 est
1188 4269 1260 4319 eis
1283 4270 1442 4320 tutius
1467 4286 1564 4335 per

1192 377 1407 426 NOTAE
1459 375 1873 426 vammum
1925 376 2006 427 IN

1636 519 1785 571 Jovis
1814 518 2037 568 Genium
2072 518 2332 583 peJerare,
2355 533 2508 582 qnam
2536 515 2715 582 regis!

1641 593 1793 643 Adde
1817 596 2037 645 Tertull.
2057 595 2280 659 Apolog.
2301 611 2349 646 c.
2374 601 2458 646 28.
2496 597 2649 645 Idem.

1706 669 1911 718 Genium
1937 669 2096 731 tuum]
2131 671 2400 721 Tradente
2420 672 2713 721 Censorino

1642 745 1705 794 de
1732 748 1830 796 Die
1857 748 2061 808 Natali,
2094 763 2212 810 cap.
2250 753 2298 797 3.
2334 749 2350 776 ‘
2372 747 2598 798 Genius'
2635 748 2716 798 di·

1641 821 1777 870 citur
1799 828 1814 849 ‘
1831 823 1998 880 Deus,
2036 824 2184 887 cnjus
2210 825 2261 872 in
2288 826 2471 886 tutela,
2489 832 2550 874 ut
2572 825 2714 888 quis-

1641 912 1741 961 que
1769 906 1917 947 natus
1942 907 2039 961 est,
2064 901 2207 949 vivit.
2271 900 2394 959 Hic,
2417 902 2528 951 sive
2555 900 2714 964 quod,

1640 981 1699 1026 ut
1745 988 2012 1038 genamur,
2058 983 2239 1036 curat3
2283 976 2392 1024 sive
2431 976 2569 1040 quod
2611 990 2714 1025 una

1642 1051 1851 1113 genitur
1887 1051 2186 1113 uobiscum;
2220 1053 2329 1101 sive
2364 1053 2544 1115 etiam,
2569 1053 2711 1116 quod

1641 1141 1732 1176 nos
1759 1128 1962 1190 genitos
1995 1130 2210 1193 suscipit
2233 1144 2295 1179 ac
2320 1137 2530 1191 tuetur;
2565 1136 2715 1180 certe

1641 1218 1673 1252 a
1702 1203 1941 1266 geueudo
1979 1204 2037 1268 [i.
2072 1219 2117 1253 e.
2155 1206 2442 1270 gignendo]
2477 1207 2712 1270 appella-

1641 1279 1767 1329 tur.’
1833 1280 2000 1330 Sicuti
2022 1296 2146 1345 ergo
2170 1297 2316 1331 suum
2340 1283 2527 1346 cuique
2551 1283 2717 1332 homi-

1641 1356 1713 1418 ui,
1749 1358 1885 1413 loco,
1925 1359 2137 1421 aliisque
2173 1358 2345 1415 rebus,
2382 1361 2588 1423 genium
2624 1358 2716 1408 ad·

1643 1451 1787 1499 esse3
1833 1438 1908 1486 ita
1948 1438 2298 1500 potentiorem
2338 1438 2717 1501 augustiorem-

1642 1528 1741 1577 que
1790 1514 2109 1577 principibus
2155 1530 2216 1564 ac
2257 1515 2379 1564 viris
2424 1515 2715 1565 illustribus

1646 1589 1948 1652 praesidere‚
1988 1591 2242 1640 creditum
2282 1600 2380 1641 est.
2445 1591 2580 1640 Inde
2621 1607 2719 1654 per

2105 1667 2115 1678 .
2162 1668 2172 1678 .
2217 1666 2231 1687 ,
2281 1667 2293 1678 .

1643 1742 1887 1806 litabant,
1910 1759 2071 1808 eaque
2098 1747 2443 1808 praestabant,
2461 1760 2576 1809 quae
2600 1745 2717 1795 Diis

1643 1820 1886 1882 praestari
1935 1819 2012 1869 fas
2052 1828 2185 1870 erat.
2261 1821 2538 1870 Vocabant
2580 1821 2719 1872 huuc

1643 1894 1864 1944 Genium
1890 1898 2047 1946 etiarn
2070 1896 2236 1959 Τύχην
2254 1895 2506 1962 Καίσαρος.
2541 1898 2719 1947 Multo

1643 1977 1852 2020 vetusta
1873 1974 2187 2022 monimenta
2213 1981 2267 2023 et
2293 1974 2596 2023 numismata
2626 1987 2719 2023 ex·

1645 2054 1777 2106 taut,
1799 2047 1849 2097 in
1867 2050 2050 2112 quibus
2070 2050 2317 2099 memoria
2339 2050 2536 2099 ‘-Genii
2561 2048 2717 2098 Prin-

1643 2125 1850 2187 cipum,’
1883 2126 1992 2175 sive
2027 2126 2400 2190 Augustorum,
2440 2133 2720 2188 servatur;

1643 2215 1693 2250 v.
1717 2216 1768 2265 g.
1794 2193 1931 2265 apud
1959 2202 2116 2251 Grut.
2143 2218 2261 2266 pag.
2285 2216 2422 2251 cvu.
2444 2215 2497 2251 n.
2519 2205 2573 2250 9.

1924 2292 2117 2328 oemio.
2152 2291 2427 2328 casanvm

1812 2367 2188 2403 niceana-we.
2228 2356 2406 2404 vluc.
2439 2366 2553 2404 rac·

1644 2431 1801 2497 Apud
1825 2431 2066 2491 euudem,
2101 2445 2219 2495 pag.
2243 2443 2507 2481 mcxxxv.
2529 2434 2582 2481 6.

1855 2522 2050 2557 oemio.
2074 2520 2160 2556 Ac.
2195 2520 2497 2557 ΜΛιεετΑτι

1643 2598 1770 2634 ιω».
1791 2598 2088 2647 Ακτομικι.
2115 2598 2215 2632 ιηι.
2243 2597 2471 2634 fenicis.
2498 2596 2716 2634 avovn·

1642 2675 1706 2714 m.
1730 2674 2018 2712 avutam.
2053 2673 2423 2710 Avaamauvs.
2448 2672 2713 2711 navens·

2100 2749 2265 2786 stmvs

1978 2827 2211 2863 unum.
2240 2826 2366 2863 mvs

1708 2891 1777 2940 Et
1820 2905 1937 2954 pag.
1974 2904 2132 2940 cxix.
2171 2892 2225 2940 iu
2260 2891 2577 2942 monimento
2610 2889 2716 2942 fra·

1644 2973 1780 3015 trum
1804 2967 2109 3018 Arvalium:

1753 3057 1831 3092 m.
1856 3058 2175 3094 cama-ono.
2199 3058 2289 3094 on.
2306 3057 2593 3097 nuatum.
2617 3060 2713 3096 nn·

1642 3133 1825 3169 nonis.
1852 3134 1985 3170 Avo.
2023 3133 2369 3171 Genusium.
2401 3134 2543 3171 ιονι.
2567 3136 2624 3171 Β.
2647 3136 2711 3172 ιι.

1641 3195 1701 3259 [i.
1724 3213 1772 3247 e.
1810 3199 2004 3247 Bovem
2043 3200 2281 3262 marem,]
2317 3211 2538 3247 {vuom-
2583 3212 2716 3249 vac-

1641 3285 1777 3323 cam.
1802 3287 2087 3323 armamus.
2115 3287 2357 3324 vaccau.
2375 3287 2713 3325 coucoamae

1643 3362 1884 3399 vaccam.
1907 3364 2098 3399 oemio.
2122 3363 2590 3414 ινεινεπᾼνιινκ,
2611 3354 2715 3401 &c-

1643 3426 1813 3475 Etiam
1840 3427 1975 3475 iuter
2013 3429 2205 3489 Caroli,
2239 3427 2404 3477 Ducis
2427 3426 2715 3478 Arachota-

1644 3503 1714 3558 ni,
1755 3504 2064 3554 numismata
2101 3500 2481 3568 Imperatorum
2527 3506 2716 3555 Roma·

1643 3593 1846 3640 norum,
1868 3581 1999 3631 Tab.
2032 3593 2129 3630 xx.
2158 3596 2211 3629 n.
2246 3585 2294 3630 8.
2324 3583 2377 3632 iu
2402 3596 2611 3632 nummo
2635 3597 2718 3633 re·

1646 3663 1991 3720 praeseutatur
2010 3658 2211 3708 Genius
2233 3658 2279 3707 N
2287 3658 2472 3713 cronia,
2487 3648 2717 3709 seminuss

1642 3732 1758 3795 dus,
1782 3734 1931 3783 modo
1948 3734 2191 3798 juvenili,
2226 3742 2368 3783 stans
2398 3743 2526 3783 ante
2550 3749 2714 3792 aram,

1642 3808 1831 3859 dextra
1868 3820 2121 3874 pateram,
2157 3812 2287 3859 laeva
2321 3824 2485 3860 cornu
2524 3814 2715 3876 copiae,

1641 3893 1844 3951 tenens,
1867 3902 1983 3936 cum
2006 3887 2365 3949 inscriptione,
2389 3900 2588 3940 onum.
2616 3902 2717 3938 Av-

1640 3976 1820 4014 ovsrr.
1847 3978 1889 4014 s.
1914 3976 1963 4014 c.
2029 3964 2189 4012 Simili
2228 3962 2389 4026 figura
2411 3965 2568 4013 etism
2607 3966 2716 4016 Ge-

1638 4042 1754 4091 nius
1779 4043 1971 4107 Populi
2000 4043 2214 4093 Romaui
2237 4057 2382 4105 saepo
2404 4043 2458 4092 in
2490 4046 2715 4095 nummis

1638 4120 2020 4170 occurritt‘nisi
2048 4119 2253 4180 credas,
2288 4118 2453 4183 figura
2483 4120 2585 4170 ista
2612 4136 2716 4172 non

1640 4196 1898 4260 designari
1942 4197 2110 4258 ipsum
2150 4194 2389 4245 Genium.
2426 4196 2717 4259 Principis.

1640 4281 1731 4326 aut
1761 4274 1955 4339 Populi
1996 4272 2253 4332 Romani3
2280 4273 2373 4323 sed
2408 4275 2584 4338 potius
2620 4276 2720 4326 Se-
