3060 4902
438 353 612 421 1098

439 513 572 576 fuit;
607 512 675 563 sit
708 509 844 575 apud
882 523 973 560 vos
1017 507 1287 559 modestia
1320 503 1499 558 locus-⁹

443 591 592 642 Idem
614 588 769 640 Catil.
794 602 831 638 1.
849 592 897 637 3.
932 588 947 614 ‘
966 585 1103 637 Quid
1128 592 1228 642 est,
1252 583 1499 647 Catilina,

439 668 574 733 quod
593 669 703 732 jam
728 667 947 730 amplius
971 672 1241 730 expectes,
1262 664 1306 713 si
1329 676 1501 727 neque

438 760 540 795 nox
574 743 804 794 tenebris
838 743 1120 793 obscurare
1142 749 1320 802 „emtus
1356 737 1500 789 nefa-

439 823 563 877 rios.
605 835 703 870 nec
747 820 949 883 privata
991 818 1172 867 domus
1215 816 1500 881 parietibus

438 899 707 949 continere
754 911 932 946 vocem
972 894 1347 958 conjurationis
1395 899 1500 942 tua

439 976 645 1039 potest?
681 975 723 1023 si
768 973 1106 1026 illustrantur,
1142 971 1184 1020 si
1222 973 1502 1031 erumpunt

440 1052 667 1102 omnis?’
695 1050 905 1100 Phaedr.
933 1064 1006 1099 ιν.
1035 1052 1113 1098 19.
1161 1049 1175 1076 ‘
1197 1048 1251 1097 Si
1283 1047 1500 1112 pulchre

440 1128 605 1190 vides,
646 1129 809 1179 Quam
834 1141 933 1175 non
970 1125 1284 1175 conveniens
1320 1135 1498 1171 aurum

439 1206 510 1255 sit
533 1206 654 1254 vitae
669 1219 817 1261 meoe,
832 1203 1169 1267 Respondeas
1181 1199 1504 1251 clementer.'

443 1282 567 1331 Non
607 1295 808 1344 parum,
841 1288 897 1329 ut
930 1280 1131 1344 opinor,
1163 1277 1228 1328 ad
1264 1277 1398 1326 hunc
1424 1278 1499 1326 lo·

438 1372 557 1407 enm
597 1356 956 1406 illustrandum
1002 1358 1161 1404 etiam
1207 1353 1502 1414 conferent,

435 1435 477 1483 si
502 1441 807 1497 repetantur
827 1448 906 1494 ea,
933 1448 1043 1496 quae
1062 1447 1235 1495 supra,
1260 1432 1322 1480 ad
1345 1445 1433 1482 xc.
1449 1436 1501 1481 6.

442 1525 507 1560 ex
548 1511 653 1560 vita
696 1511 851 1560 Plinii
896 1510 1053 1559 nostri
1086 1510 1201 1572 jam
1239 1510 1502 1560 sitnotavi.

450 1588 693 1638 Schmun.

511 1667 670 1714 Carsu
701 1666 901 1728 quodum
933 1664 1203 1728 protectus]
1243 1662 1502 1724 intelligit

438 1749 719 1807 praeturam
745 1740 841 1789 sub
878 1742 1179 1790 Domitiano
1204 1746 1401 1804 gestam
1436 1740 1500 1788 E-

446 1820 565 1883 pist.
591 1832 675 1868 ιιι.
699 1822 780 1868 11.
814 1817 981 1866 Livia.

506 1896 899 1960 Cursuquodom]
936 1895 1076 1957 Sive,
1094 1894 1342 1955 quondam.
1382 1891 1503 1955 Lip-

439 1985 562 2020 stus.

510 2044 795 2107 Provectus]
829 2044 912 2093 Ad
948 2043 1267 2094 tribunatum
1292 2050 1347 2094 et
1371 2057 1505 2108 prae·

443 2131 629 2180 turam,
658 2124 826 2186 Epist.
853 2136 942 2172 ιιι.
961 2126 1040 2172 11.
1077 2121 1231 2170 Idem.

509 2203 668 2251 Cursu
702 2202 901 2264 quodam
936 2199 1213 2264 protectus]
1240 2199 1255 2226 ⁴
1277 2198 1471 2248 Cursus
1490 2195 1503 2216 '

439 2279 764 2342 μεταφορικῶς
787 2278 999 2342 ponitur
1024 2291 1118 2341 pro
1139 2277 1154 2303 ‘
1177 2290 1331 2326 cursu
1345 2276 1507 2326 hono-

443 2355 593 2420 rum,'
616 2356 745 2414 sive,
768 2370 865 2420 pro
890 2357 1089 2404 ratione
1111 2359 1163 2403 et
1182 2352 1334 2401 ruodo
1352 2351 1506 2401 solito

444 2431 659 2498 petendi
684 2431 1139 2496 consequendique
1165 2430 1399 2481 honores.
1421 2428 1508 2477 Ita

442 2513 596 2576 plane
620 2510 849 2574 loquitur
872 2509 979 2558 Cic.
1000 2523 1092 2571 pro
1118 2508 1295 2557 Plane.
1318 2521 1438 2570 cap.
1455 2508 1506 2555 7.

440 2595 454 2616 ⁴
478 2588 675 2647 Doceo‚
719 2586 817 2635 Cn.
857 2584 1132 2634 Plancium
1172 2597 1272 2632 non
1317 2582 1505 2644 obrep-

443 2666 569 2714 sisse
594 2663 657 2713 ad
676 2665 943 2724 honorem,
966 2660 1057 2710 sed
1082 2674 1145 2709 eo
1168 2658 1369 2707 venisse
1387 2670 1506 2707 cur-

439 2755 521 2802 su,
565 2741 652 2804 qui
698 2752 905 2801 semper
943 2737 1177 2801 patuerit
1219 2734 1507 2784 hominibus

441 2818 571 2868 ortis
607 2816 705 2865 hoc
740 2821 917 2864 nostro
948 2813 1177 2878 equestri
1201 2812 1351 2862 loco-⁸
1416 2811 1508 2862 Sic

444 2896 634 2945 Cicero
677 2892 835 2941 etiam
881 2890 1004 2940 alibi
1064 2890 1311 2939 translate
1353 2888 1509 2947 dixit,

441 2973 455 3001 ‘
482 2969 638 3018 animi
663 2977 718 3019 et
744 2968 1012 3017 industriae
1031 2981 1236 3016 cursum
1257 2965 1291 3029 ς’
1315 2973 1329 2995 ·
1352 2965 1509 3015 bene·

442 3047 686 3097 volentiae
710 3059 914 3094 cursum
930 3043 963 3102 ;'
992 3042 1216 3104 ‘ingenii
1249 3055 1455 3091 cursum
1474 3038 1510 3101 ς’
1535 3064 1546 3073 ’

444 3130 458 3152 ⁴
480 3121 687 3172 vivendi
712 3119 959 3171 cursum.’
1025 3120 1112 3169 Sic
1136 3125 1192 3169 et
1207 3120 1406 3169 Noster
1421 3130 1509 3181 ge-

443 3198 666 3248 neratim
692 3198 836 3261 ponit
853 3212 949 3261 pro
964 3195 1207 3245 instituto
1221 3201 1277 3244 et
1299 3192 1509 3243 vivendi

441 3274 661 3331 ratione,
685 3275 889 3337 Paneg.
914 3286 1078 3322 xntrt.
1102 3277 1152 3321 3.
1177 3271 1369 3326 ‘Tene‚
1394 3271 1508 3320 Cae·

440 3366 545 3413 sar,
566 3351 702 3400 hunc
722 3348 962 3399 cursum-⁸
989 3348 1149 3398 Simili
1172 3346 1509 3398 translatione

442 3441 563 3476 mox
587 3426 718 3475 dicit
742 3425 965 3486 Plinius,
991 3426 1007 3453 ‘
1031 3423 1256 3487 Longius
1278 3424 1379 3472 iter
1404 3436 1511 3471 ma·

444 3504 516 3554 lui
532 3507 566 3565 ς’
601 3504 635 3553 i.
672 3515 722 3552 e.
759 3502 959 3552 tardius
987 3500 1051 3551 ad
1078 3500 1329 3565 petendos
1352 3500 1510 3550 hono·

442 3595 528 3629 res
577 3578 863 3643 procedere
916 3579 1091 3635 malui,
1135 3582 1509 3642 expectaturus

444 3664 682 3721 tempora
704 3656 938 3706 meliora.
989 3655 1147 3705 Haud
1167 3670 1318 3705 secus
1336 3667 1509 3716 supra,

442 3748 545 3785 vn.
570 3739 620 3784 1.
642 3734 729 3798 ’,Ο
750 3748 935 3783 novum
961 3741 1118 3797 atque
1138 3730 1422 3781 inauditum
1443 3730 1510 3781 ad

444 3812 793 3877 principatum
828 3810 930 3860 iter
946 3808 978 3858 l'
1061 3810 1133 3859 Et
1168 3809 1333 3872 Epist.
1378 3821 1511 3858 vul.

446 3893 527 3938 1⁸0.
560 3895 575 3919 ⁶
595 3889 800 3940 Quibus
833 3886 1013 3936 videor
1034 3901 1061 3934 a
1087 3900 1201 3935 meo
1226 3894 1416 3949 tuoque
1439 3885 1511 3934 la·

443 3970 555 4015 tere
577 3979 799 4029 pronum
831 3964 899 4014 ad
930 3964 1151 4014 honores
1178 3964 1278 4012 iter
1302 3962 1512 4013 relictu-

442 4041 565 4091 rus!
643 4042 747 4092 Sed
796 4049 852 4092 et
892 4041 1112 4091 eandem
1158 4040 1513 4103 metaphoram

442 4118 716 4170 continuat
757 4119 978 4175 Plinius,
1015 4117 1197 4169 addito
1232 4116 1512 4181 participio

436 4200 706 4258 provectus,
723 4196 756 4244 i.
773 4210 822 4245 e.
838 4202 1121 4259 promotus.
1140 4194 1333 4258 Supra,
1356 4206 1511 4244 xuv·

438 4269 454 4294 ‘
474 4270 591 4324 Hos
617 4284 743 4336 ergo
777 4270 1051 4337 provehis,’
1089 4270 1123 4321 i.
1152 4284 1201 4322 e.
1235 4282 1510 4337 promoves

1131 363 1350 413 NoTAE
1398 361 1807 413 vammum
1857 361 1939 412 ΙΝ

1577 504 1642 555 ad
1679 505 1935 556 bonores:
1971 510 2029 554 et
2062 516 2215 555 xus.
2249 503 2417 555 ‘Boni
2456 518 2648 569 prove·

1574 581 1805 632 huntur-⁹
1869 581 2040 632 Tacit.
2065 581 2210 631 uisi.
2234 595 2274 632 ι.
2297 585 2344 631 1.
2362 584 2378 609 ⁸
2396 581 2648 643 Dignita-

1576 664 1680 706 tem
1703 662 1929 706 nostram
1944 671 1977 707 a
1993 655 2316 719 Vespasiano
2329 655 2648 716 inchoatam.

1573 749 1604 782 a
1624 733 1749 783 Tito
1781 731 2004 788 auctam.
2039 747 2071 781 a
2109 733 2410 784 Domitiano
2436 732 2648 795 longius

1577 820 1893 873 provectam,
1918 824 2018 859 non
2050 809 2352 859 abnuerim.'
2419 808 2649 859 Codices

1575 887 1817 937 Vaticani
1836 890 1986 937 3461.
2007 894 2061 936 et
2089 891 2234 937 14⁷⁶.
2256 887 2381 936 item
2405 894 2459 935 et
2480 885 2650 936 Gnei-

1577 963 1947 1028 pherbytanns,
1971 977 2067 1027 pro
2089 962 2540 1025 pronumtiatum
2558 975 2649 1011 ac·

1576 1047 1758 1088 curate
1780 1038 1971 1089 habent
1991 1038 2250 1101 projectas.
2299 1039 2406 1089 Pro
2427 1039 2651 1101 quadan,

1578 1115 1808 1165 referunt
1839 1118 2094 1180 qnondam,
2127 1116 2280 1165 iidem
2311 1115 2522 1164 codices
2543 1114 2652 1163 Va·

1579 1192 1757 1255 ticeni,
1792 1192 2218 1255 salisburgensis,
2246 1190 2400 1240 ambo
2435 1191 2650 1251 Veneti,

1577 1275 1632 1318 et
1672 1267 2014 1330 Parisiensis3
2052 1281 2207 1331 quam
2243 1265 2551 1331 particulam
2593 1272 2652 1315 ct

1579 1345 1783 1409 Lipsius
1830 1344 2076 1409 probasse
2131 1344 2373 1405 videtur;
2429 1357 2529 1393 nec
2582 1356 2653 1392 ea

1578 1420 1719 1471 forte
1743 1421 2052 1484 simpliciter
2074 1428 2155 1470 est
2178 1419 2485 1484 rejicienda.
2538 1419 2649 1469 Sed

1580 1511 1743 1560 prave
1767 1496 1932 1546 edidit
1950 1496 2239 1546 Beroaldus
2253 1497 2508 1559 quoddam.
2532 1495 2651 1545 Nec

1579 1573 1745 1623 codex
1771 1571 2098 1628 Parisiensis,
2133 1579 2191 1621 et
2211 1572 2448 1621 Venetus
2470 1575 2523 1620 2.
2554 1584 2653 1634 pro

1578 1649 1743 1705 malui,
1766 1656 1908 1698 recte
1932 1648 2168 1712 reposuit
2191 1648 2377 1697 naluit.
2410 1645 2652 1696 Schwar-

1581 1740 1706 1775 zius.

1648 1802 2020 1852 Insidiosissime
2052 1800 2289 1866 principe]
2329 1798 2656 1859 Domitiano,

1582 1881 1679 1933 sub
1710 1896 1811 1946 qno
1849 1881 2050 1930 Plinius
2093 1879 2268 1930 fuerat
2310 1877 2549 1928 tribunus
2592 1884 2653 1928 et

1583 1968 1793 2025 preetor.
1828 1959 2051 2009 Pulnrol.

1647 2037 1913 2099 Antequam
1929 2034 2237 2099 profiteretur
2252 2031 2437 2097 odiant]
2470 2031 2654 2083 Primo

1581 2114 1715 2162 enim
1766 2112 1967 2176 imperii
2025 2120 2261 2173 tempore
2312 2109 2653 2160 Domitianus

1581 2190 1597 2216 ‘
1624 2203 1784 2254 usque
1809 2187 1940 2238 adeo
1966 2186 2033 2236 ab
2055 2186 2196 2236 omni
2229 2184 2378 2235 caede
2405 2185 2654 2238 abhorre·

1581 2265 1689 2327 bat,
1713 2296 1729 2312 .
1759 2299 1772 2315 .
1802 2296 1817 2312 .
1842 2270 1900 2313 nt
1936 2262 2146 2313 edicere
2181 2261 2545 2323 destinaverit,
2582 2276 2652 2312 ne

1582 2342 1742 2392 boves
1767 2336 2194 2390 immolarentur!
2230 2337 2447 2387 Sueton-
2464 2352 2584 2400 cap.
2598 2341 2652 2388 ⁹.

1581 2419 1710 2470 Mox
1737 2417 1802 2468 ad
1834 2415 2090 2468 soevitiam
2126 2413 2374 2473 omnium,
2407 2421 2464 2464 et
2488 2412 2554 2464 ad
2579 2414 2654 2464 ci-

1583 2497 1720 2546 vium
1776 2496 1966 2550 caedes,
2007 2492 2267 2543 convertit
2300 2491 2546 2548 animum,
2591 2498 2654 2542 nt

1582 2571 1763 2621 videre
1797 2578 1876 2621 cst
1912 2568 2049 2633 apud
2085 2565 2305 2616 eundem
2343 2567 2565 2616 Sneton.
2594 2573 2656 2618 et

1582 2649 1830 2709 Dionem.
1906 2645 2232 2696 Adnotatum
2278 2651 2333 2694 et
2379 2658 2540 2707 snpra
2584 2642 2654 2694 ad

1583 2739 1783 2779 xum.
1803 2730 1860 2775 et
1881 2734 2178 2773 nxxxvm.
2211 2721 2364 2771 Iden.

1652 2804 1775 2852 Cum
1795 2799 2027 2863 viderem]
2075 2799 2229 2849 Libet
2265 2799 2365 2849 bne
2403 2799 2657 2850 transcri-

1582 2879 1707 2930 bere
1751 2877 2164 2939 annotationem,
2202 2890 2357 2941 qnam
2379 2878 2658 2942 scriptam

1584 2970 1789 3006 mecum
1819 2954 2219 3004 communicavit
2249 2953 2325 3002 vir
2345 2954 2657 3005 humanissi-

1584 3046 1696 3081 mus
1739 3028 2036 3093 cbristoph.
2093 3027 2232 3092 Aug.
2265 3028 2608 3081 Heumannns
2639 3045 2656 3080 z

1582 3110 1598 3138 ‘
1619 3111 1779 3173 Lego,
1814 3107 1999 3171 inquit,
2032 3106 2095 3163 si,
2130 3121 2238 3155 cans
2269 3107 2494 3158 videren-
2559 3108 2661 3158 Est

1584 3189 1723 3240 enim
1757 3185 2040 3251 anaphora,
2074 3188 2138 3248 si,
2172 3186 2237 3245 si,
2265 3186 2331 3250 si,
2364 3186 2408 3236 si
2436 3187 2661 3252 deniqne.

1585 3266 1834 3317 Ceterum
1869 3277 2055 3327 magna
2078 3262 2200 3313 huic
2228 3263 2344 3313 loco
2368 3265 2659 3326 pulchritu-

1586 3341 1655 3392 do
1680 3340 1929 3401 demitur,
1949 3341 1993 3390 si
2019 3354 2120 3389 non
2147 3346 2293 3390 recte
2313 3340 2662 3404 intelligatur.

1585 3421 1703 3472 Nec
1735 3433 1859 3470 vero
1900 3419 2000 3469 loci
2033 3419 2188 3482 buJ'us
2224 3432 2402 3469 verum
2444 3433 2658 3470 sensn-

1585 3499 1730 3562 cepit
1754 3496 1978 3561 Lipsius,
2014 3496 2068 3545 in
2098 3509 2193 3545 sua
2230 3495 2382 3558 hujus
2412 3495 2660 3561 Panegy-

1586 3575 1682 3624 rici
1707 3574 1942 3625 editione
1961 3572 2357 3636 Antverpiensi.
2427 3572 2659 3623 Bandins

1589 3667 1712 3702 vero
1735 3664 1829 3701 sua
1851 3650 1902 3699 in
1939 3648 2173 3701 editione
2197 3649 2367 3699 locum
2391 3649 2525 3699 bunc
2547 3663 2663 3699 ma·

1589 3731 1667 3796 gis
1697 3728 2008 3794 depravavit
2047 3725 2183 3777 falsa
2217 3727 2662 3789 interpunctione.

1585 3808 1663 3859 Ut
1701 3813 1846 3856 recte
1870 3819 1987 3855 enm
2009 3798 2295 3867 capianius,
2330 3803 2529 3854 similes
2551 3801 2661 3855 for-

1587 3886 1751 3934 mulas
1775 3881 2058 3948 producam
2074 3895 2140 3931 ex
2158 3881 2372 3932 Ovidio.
2411 3881 2486 3939 Is,
2500 3882 2663 3932 Trist-

1586 3975 1628 4014 1.
1651 3966 1699 4012 2.
1716 3963 1945 4011 oth-106.
1974 3966 1988 3987 ⁴
2008 3957 2123 4009 Into
2139 3958 2235 4019 ita,
2253 3959 2296 4008 si
2315 3952 2463 4008 scit‘is
2484 3959 2560 4020 ;si
2574 3973 2662 4009 nse

1588 4051 1733 4089 meus
1769 4034 1991 4088 abstulit
2023 4048 2191 4097 error,
2210 4034 2490 4099 Stultaqne
2513 4048 2662 4088 mens

1585 4114 1756 4178 nobis,
1783 4128 1887 4164 non
1924 4112 2208 4172 scelerata,
2237 4109 2360 4161 fuit.
2428 4110 2668 4163 Quanti-

1588 4192 1681 4242 bet
1704 4204 1736 4241 e
1767 4189 1989 4240 minimis
2021 4186 2198 4238 domui
2231 4187 2277 4236 sl
2315 4185 2538 4239 favimus
2568 4189 2665 4246 illi,

1588 4268 1750 4335 Sique
1778 4275 1892 4319 rate
1914 4262 2139 4330 Augusti
2170 4262 2547 4330 publicajussa
2568 4266 2668 4318 mi·
