3060 4902
584 372 716 440 844

589 539 728 583 tatus
749 538 861 584 est:
894 535 912 566 ⁴
951 535 1094 585 Dicit
1123 536 1436 601 Secundus,'
1460 540 1649 604 inquit,

587 615 808 662 ‘horum
855 616 1176 664 consulatum
1225 614 1385 665 fuisse
1440 620 1648 667 minoris

586 689 878 753 dignitatis,
913 706 1068 755 quem
1092 695 1421 756 accepissent
1445 710 1475 744 a
1511 697 1647 746 Ner·

587 781 670 827 va,
702 782 854 831 quam
891 769 1122 831 tertium,
1148 785 1298 832 quem
1323 772 1649 834 accepissent

586 858 617 892 a
635 843 878 906 Trajano,
901 845 986 906 qui
1007 844 1172 908 major
1195 854 1309 895 erat
1336 856 1485 911 patre
1513 850 1648 898 Ner-

586 918 689 968 va.’
722 919 833 968 Etsi
859 934 980 970 vero
1002 921 1199 970 Plinius
1225 922 1379 980 infra,
1405 938 1647 975 mxxxix.

586 1001 635 1046 l.
673 1011 768 1060 per
799 999 1178 1062 προσωποποιΐαν
1218 1002 1470 1052 allocutus
1512 1005 1647 1053 Ner·

586 1088 703 1122 vam
730 1073 887 1137 dixit,
921 1076 936 1105 ‘
964 1077 1129 1127 Quam
1159 1079 1333 1127 laetum
1371 1080 1484 1137 tibi,
1508 1081 1646 1144 quod

585 1156 915 1212 comparatus
952 1150 1059 1201 filio
1095 1161 1182 1201 tuo
1208 1154 1477 1203 vincerisl’
1510 1164 1647 1205 atta·

585 1239 705 1274 men
746 1234 870 1276 tunc
906 1242 1009 1277 non
1050 1235 1207 1293 negat
1242 1230 1465 1288 Plinius,
1497 1248 1647 1297 aeque

585 1303 758 1365 magni
818 1304 1077 1354 aestimata
1125 1305 1283 1355 fuisse
1344 1309 1530 1359 Nervae
1586 1325 1646 1359 ac

585 1378 800 1441 Trajani
839 1379 1113 1431 beneficia.
1195 1384 1265 1432 Et
1298 1385 1410 1449 quis
1446 1386 1649 1448 credat,

584 1456 868 1519 Trajanum
901 1462 1062 1522 aequis
1093 1460 1301 1510 auribus
1338 1464 1514 1513 audire
1557 1479 1645 1526 po·

587 1533 753 1582 tuisse
794 1533 943 1583 istam
979 1537 1206 1593 nimiam,
1237 1547 1292 1588 et
1319 1548 1517 1589 tantum
1544 1556 1644 1590 non

589 1607 641 1656 in
672 1609 902 1659 Nervam
938 1614 1360 1663 contumeliosam
1398 1625 1648 1666 extenua-

587 1684 797 1746 tionem,
820 1700 970 1749 quam
994 1689 1043 1735 hi
1064 1690 1375 1753 interpretes
1391 1693 1644 1754 affingunt

587 1761 800 1811 Plinio?
838 1764 1029 1817 Quanto
1050 1766 1222 1822 minus,
1256 1783 1412 1830 quam,
1436 1773 1646 1833 ponitur

584 1850 701 1901 pro,
724 1840 948 1899 quantulo
970 1841 1140 1898 vuinus,
1170 1858 1337 1906 quarm·
1375 1853 1529 1910 atque
1554 1862 1644 1895 ex·

584 1920 666 1961 tra
722 1915 1182 1978 interrogationem
1242 1929 1296 1969 et
1346 1924 1644 1972 exclamati-

582 2002 731 2038 onem
758 1989 892 2040 idem
920 2002 1015 2049 est,
1052 1994 1208 2057 quod,
1232 1997 1247 2026 ‘
1274 1996 1382 2046 fere
1410 2001 1642 2061 perinde,

581 2079 732 2129 quam
756 2081 784 2114 a
810 2068 991 2131 teipso
1011 2068 1187 2120 datum
1208 2071 1242 2134 ς’
1275 2075 1401 2130 sive,
1428 2075 1443 2102 ‘
1461 2092 1643 2139 parum

583 2142 752 2204 abest,
774 2144 898 2206 quin
933 2147 1231 2197 consulatus
1270 2150 1354 2198 ille
1390 2166 1420 2200 a
1453 2155 1644 2215 teipso

580 2216 733 2266 datus
781 2218 1053 2270 videatur-⁹
1120 2225 1375 2275 Nimirum
1423 2228 1644 2287 Plinius,

581 2301 641 2344 ut
660 2308 1003 2360 exaggeraret
1021 2301 1145 2350 illud
1164 2302 1490 2361 beneficium,
1506 2306 1641 2371 quod

578 2373 826 2436 Trajanus
864 2375 1007 2427 Julio
1045 2380 1312 2445 Frontoni,
1360 2391 1413 2431 et
1455 2382 1643 2433 Acutio

581 2450 793 2515 Nerva»,
824 2453 1026 2505 duobus
1074 2460 1287 2508 tertium
1334 2462 1644 2526 consulibus,

580 2529 915 2588 prestiterat,
961 2532 1156 2594 quippe
1199 2551 1327 2599 quos
1384 2538 1432 2584 in
1486 2541 1644 2588 tertio

580 2605 848 2653 consulatu
892 2621 1003 2663 suo,
1038 2609 1253 2658 alterum
1289 2612 1493 2674 quidem
1525 2622 1646 2678 post

582 2678 824 2740 alterum,
870 2681 969 2729 sibi
1026 2682 1326 2736 adsciverat
1381 2689 1642 2754 collegas;

578 2764 969 2813 commemorat,
1025 2759 1115 2806 lios
1171 2770 1421 2826 utrosque
1479 2780 1644 2830 nuper

578 2831 904 2881 consulatum
941 2835 1221 2884 secundum
1259 2842 1475 2900 gessisse
1499 2858 1526 2891 a
1555 2860 1642 2907 pa·

578 2911 659 2955 tre
684 2907 860 2958 Nerva
894 2909 1021 2972 ipsis
1057 2911 1318 2976 delatum3
1356 2928 1510 2983 atque
1546 2923 1644 2972 hoc

576 2984 713 3034 idem
739 2988 1106 3050 propemodum
1133 3005 1264 3052 esse,
1290 3007 1348 3042 ac
1372 2997 1413 3042 si
1437 2997 1505 3045 ab
1532 2998 1644 3061 ipso

577 3075 781 3126 quoque
802 3063 1024 3128 Trajano
1050 3066 1188 3114 illum
1212 3070 1432 3119 alterum
1457 3086 1641 3123 consu·

576 3138 740 3189 latum
766 3143 1095 3206 acceperint:
1133 3145 1253 3209 quia
1278 3161 1463 3210 nempe
1486 3148 1641 3208 filius,

576 3215 852 3278 Traianus,
879 3219 999 3281 jure
1036 3223 1323 3286 meritoque
1356 3224 1405 3272 in
1440 3234 1639 3289 partem

576 3304 638 3340 ac
660 3292 964 3343 societatem
991 3297 1153 3346 laudis
1170 3309 1403 3362 paternae
1429 3304 1637 3367 veniat;

575 3372 631 3415 et
655 3369 777 3430 quia
799 3370 1046 3433 Trajanus
1083 3380 1206 3424 tunc
1241 3379 1441 3440 collega
1475 3381 1640 3444 impe·

574 3444 780 3508 tatoris,
826 3453 984 3510 atque
1033 3450 1142 3511 jam
1194 3452 1306 3515 ipse
1355 3457 1656 3519 imperator‘

575 3520 861 3584 consulque
886 3521 1063 3579 fuerit,
1094 3532 1150 3574 nt
1183 3528 1314 3576 adeo
1349 3531 1412 3578 ab
1446 3535 1638 3584 utrius·

575 3606 673 3656 que
698 3593 1025 3657 imperatoris
1063 3607 1115 3648 et
1141 3605 1365 3652 consulis
1390 3609 1636 3660 ordinarii

575 3670 841 3719 voluntate
881 3686 944 3721 ac
989 3688 1241 3726 consensu
1286 3680 1410 3728 illud
1470 3684 1636 3746 ipsum

573 3745 881 3798 beneficium
911 3748 1238 3813 pependerit.
1305 3757 1540 3821 Vestigia
1571 3763 1637 3810 si-

572 3825 704 3874 milis
729 3823 963 3877 formuloe
988 3828 1144 3878 etiam
1165 3832 1287 3882 alibi
1313 3835 1637 3888 animadver-

573 3902 763 3963 timus;
798 3919 848 3952 v.
883 3920 933 3970 g.
966 3906 1220 3957 Quinctil.
1257 3911 1490 3963 Declam.
1533 3929 1636 3967 πη.

573 3983 653 4030 18.
689 3979 706 4009 ‘
732 3979 895 4031 Paene
915 3996 945 4030 a
969 3992 1255 4048 conspectu
1282 3989 1398 4037 vela
1420 4004 1634 4042 conver-

572 4070 628 4104 sa
651 4065 810 4118 suntg
844 4062 1093 4124 quantulo
1127 4063 1315 4123 minus,
1337 4081 1486 4130 quam
1512 4085 1634 4120 con·

569 4130 704 4193 'gesti
748 4132 995 4187 frumenti
1048 4138 1314 4201 pulverem
1362 4144 1635 4196 vidimus?

568 4208 998 4279 Elegans,inquit
1023 4214 1366 4276 Burmannus,
1387 4223 1631 4282 elocutio,

568 4288 712 4351 pro‚‘
722 4303 871 4354 qnam
894 4289 1004 4344 fere
1021 4294 1273 4348 vidimus?
1296 4297 1522 4367 Aliquid,
1539 4302 1629 4353 sed

1279 394 1496 444 No'rAE
1548 395 1957 448 VARIORUM
2008 395 2092 449 ΙΝ
2182 428 2189 435 ·

1727 543 1951 604 paullum
1977 542 2164 601 defuit,
2196 557 2259 593 ne
2286 545 2436 609 plane
2462 541 2797 598 videremus!

1726 616 1811 665 lta
1833 632 2014 679 nempe
2035 627 2187 667 extra
2209 620 2671 684 interrogationem
2691 623 2791 672 eti·

1725 708 1804 742 am
1830 698 1844 721 ‘
1862 696 2030 757 paullo
2053 697 2216 745 miuus
2233 696 2247 718 '
2287 707 2567 762 usurpatur
2590 712 2621 747 a
2645 699 2797 748 Suet.

1724 770 1839 819 Tib.
1865 785 1909 819 c.
1932 776 2013 820 26.
2051 778 2065 799 ‘
2092 773 2304 822 Civilem
2342 774 2621 823 admodum
2653 775 2792 826 inter

1725 846 1888 906 initia,
1911 862 1973 896 ac
2010 849 2180 909 paullo
2218 851 2405 906 minus,
2439 866 2593 915 qnam
2620 853 2789 915 priva-

1726 932 1854 986 tum,
1876 924 2022 986 egit!
2086 926 2256 976 Etiam
2293 941 2324 976 a
2366 927 2639 990 Petronio,
2671 941 2790 991 cap.

1727 1005 1836 1050 107.
1870 1000 1888 1029 ‘⁸
1915 1003 2017 1053 Qui
2042 1001 2246 1066 ignotos
2264 1004 2427 1060 laedit,
2452 1005 2589 1053 latro
2611 1005 2792 1067 appel·

1725 1077 1861 1125 latur
1885 1093 1901 1138 ς
1957 1080 2044 1142 qui
2114 1081 2327 1142 amicos,
2384 1081 2560 1144 paullo
2618 1081 2790 1132 minus

1723 1168 1875 1217 quam
1920 1155 2219 1217 parricida-⁹
2281 1158 2337 1206 Si
2382 1157 2511 1208 velis
2543 1156 2661 1207 baec
2698 1172 2792 1220 per

1724 1230 2190 1295 interrogationem
2214 1234 2405 1297 eloqui,
2437 1235 2638 1285 dixeris
2673 1249 2788 1284 cnm

1723 1307 1916 1369 Plinio,
1968 1310 1985 1339 ⁴
2021 1310 2124 1360 Qui
2171 1310 2374 1372 ignotos
2433 1309 2599 1366 laedit.
2656 1311 2791 1361 latro

1722 1387 2050 1449 appellatur3
2087 1389 2174 1453 qui
2212 1390 2426 1449 amieos,
2457 1398 2659 1454 quanto
2699 1392 2790 1441 mi·

1721 1475 1835 1518 nus,
1856 1477 2005 1525 quam
2030 1463 2289 1525 parricida
2305 1464 2346 1513 ?’
2380 1465 2629 1515 Schmun.

1787 1542 2060 1605 Lictorum]
2112 1543 2191 1591 Ad
2243 1542 2466 1606 insignia
2518 1546 2788 1598 consulum

1722 1616 2062 1679 pertinebant
2086 1620 2244 1668 etiam
2279 1618 2515 1682 lictores,
2546 1635 2790 1687 qnorum,

1723 1702 1966 1758 tanquam
1990 1695 2366 1759 apparitorum,
2385 1697 2657 1761 precipua
2680 1713 2787 1748 mu·

1723 1769 1806 1817 nia
1830 1778 1999 1834 erant,
2022 1770 2190 1820 fasces
2216 1770 2468 1835 praeferre
2488 1774 2713 1836 consuli,
2732 1782 2789 1825 et

1722 1847 2051 1904 submovere,
2074 1857 2231 1913 atque
2254 1863 2487 1911 monere,
2508 1851 2708 1916 obvios,
2726 1859 2788 1903 ut

1722 1925 1894 1973 locum
1948 1923 2206 1986 facerent,
2248 1926 2585 1992 debitumque
2625 1928 2789 1981 hono·

1725 2013 1831 2047 rem
1889 2006 2212 2052 testarentur
2252 2002 2446 2053 consuli
2483 2003 2790 2057 incedenti:

1722 2075 1787 2124 de
1812 2076 1998 2139 quibus
2026 2077 2136 2141 jam
2172 2092 2349 2143 supra,
2373 2079 2438 2128 ad
2477 2092 2655 2129 xxm.
2684 2096 2788 2132 non

1722 2153 1846 2200 nihil
1872 2153 1974 2214 egi.
2045 2152 2128 2203 Ab
2150 2154 2299 2204 initio
2334 2155 2541 2219 quidem
2567 2164 2789 2223 uterque

1721 2233 1898 2279 consul
1924 2231 2195 2281 duodecim
2213 2231 2380 2283 fasces
2398 2235 2556 2284 etiam
2581 2237 2633 2284 in
2658 2238 2788 2288 urbe

1718 2306 1978 2369 habebat;
2013 2309 2103 2357 sed
2129 2309 2319 2360 deinde
2352 2326 2419 2360 ex
2448 2312 2563 2374 lege
2587 2313 2787 2366 Valerii

1720 2382 2003 2445 Poplicolae
2039 2382 2206 2435 fasces
2237 2386 2492 2438 duntaxat
2525 2403 2691 2453 penes
2729 2407 2787 2442 u·

1719 2473 1839 2508 num
1867 2462 2149 2527 consulem,
2171 2463 2326 2527 idque
2353 2464 2569 2515 alternis
2596 2470 2791 2519 mensi·

1720 2536 1835 2594 bus,
1869 2536 2098 2604 fuerunt,
2134 2548 2268 2589 teste
2303 2541 2420 2591 Vnt.
2448 2542 2597 2593 Max.
2634 2558 2714 2593 tv.
2738 2549 2785 2597 1.

1719 2628 1803 2662 ex.
1827 2619 1873 2662 1.
1916 2614 2054 2665 Ante
2077 2616 2294 2665 alterum
2319 2625 2491 2666 autem
2517 2622 2785 2672 consulem

1719 2706 1986 2755 accensus,
2010 2692 2121 2742 sive
2141 2693 2631 2757 apparitorquielam
2655 2697 2790 2760 pub-

1719 2770 1868 2829 licus,
1893 2770 2035 2830 ibat3
2072 2770 2234 2818 ceteri
2261 2769 2472 2819 lictores
2495 2785 2635 2833 pone
2667 2787 2787 2824 cum

1719 2845 1881 2907 virgis
1906 2855 1958 2894 et
1983 2844 2182 2894 bacillis
2207 2845 2576 2908 sequebantur.
2634 2849 2785 2901 Suet.

1717 2922 1827 2972 Jul.
1859 2936 1906 2972 c.
1930 2925 2011 2971 20.
2046 2922 2062 2950 ‘
2091 2921 2373 2986 Antiquum
2408 2923 2566 2971 etiam
2601 2928 2789 2978 retulit

1718 3012 1932 3055 morem,
1949 3005 2026 3060 ut,
2051 3014 2153 3063 quo
2177 3013 2354 3049 mense
2370 2997 2540 3050 fasces
2564 3014 2671 3052 non
2698 3004 2787 3053 ha·

1718 3073 1886 3138 beret,
1911 3090 2161 3125 accensus
2196 3084 2319 3126 aute
2344 3090 2459 3125 eum
2484 3076 2608 3142 iret,
2631 3079 2788 3131 licto-

1718 3164 1801 3199 rea
1847 3165 1983 3214 pone
2021 3151 2399 3216 sequerentur.⁸
2465 3153 2593 3202 Per·
2613 3155 2785 3220 legem

1717 3226 1951 3288 ejusdem
1977 3227 2176 3276 Valerii
2214 3227 2520 3291 Poplicotae,
2557 3233 2789 3281 consuli·

1718 3300 1811 3349 bus
1830 3302 1936 3350 sine
1953 3303 2221 3352 securibus
2244 3302 2412 3353 fasces
2433 3305 2484 3352 in
2503 3305 2636 3356 urbe
2652 3322 2786 3372 prae·

1715 3375 2039 3441 ferebantur,
2063 3393 2127 3428 ne
2159 3380 2309 3428 nimis
2347 3380 2612 3432 terribiles
2641 3384 2788 3433 vide-

1715 3461 1930 3515 rentur;
1962 3454 2149 3518 quibus
2175 3467 2298 3503 vero
2320 3461 2471 3504 extra
2503 3456 2693 3507 urbem
2728 3466 2787 3508 et

1712 3533 1764 3581 in
1790 3530 2099 3580 militaribus
2131 3530 2550 3594 expeditionibus
2575 3536 2787 3586 omniuo

1714 3609 2015 3659 utebantur.
2057 3607 2193 3657 Vide
2216 3607 2332 3657 Liv.
2359 3620 2519 3657 xxiv.
2542 3614 2592 3659 9.
2631 3611 2788 3661 Iden.

1778 3685 2050 3750 Liuor-um]
2073 3684 2378 3735 Jubentinm
2402 3685 2789 3749 animadvert55

1713 3762 1764 3811 id
1790 3763 1926 3811 enim
1953 3761 2218 3825 proprium
2243 3768 2324 3810 est
2346 3767 2401 3810 et
2422 3763 2642 3811 solenne
2668 3777 2784 3812 ver·

1713 3839 1852 3890 bum.
1917 3839 2134 3889 sueton.
2160 3838 2296 3887 Ces.
2319 3850 2367 3887 c.
2391 3840 2475 3887 8⁰.
2497 3838 2513 3866 ‘
2539 3839 2674 3889 Cum
2693 3840 2785 3890 lic·

1713 3924 1797 3965 tor
1833 3930 1900 3965 ex
1938 3930 2080 3966 more
2125 3913 2468 3965 animadverti
2501 3914 2784 3978 jussisset-⁸

1710 3994 1876 4043 Lis-in.
1945 3992 2168 4042 Soterinis
2198 3991 2280 4040 ille
2306 3992 2502 4048 clausor,
2535 3994 2650 4045 scil.
2682 4008 2791 4060 qno

1710 4071 1917 4134 plebem
1942 4067 2340 4118 submovebant.
2375 4067 2619 4117 Rittersk.

1775 4146 2093 4196 Praenuntius
2104 4142 2306 4206 elamor]
2333 4143 2455 4194 Quo
2465 4144 2786 4207 significant,

1709 4223 1952 4274 consulea
1976 4222 2173 4276 venire,
2199 4222 2386 4269 darent
2407 4221 2599 4269 locum.
2663 4224 2782 4272 Cla·

1709 4315 1820 4352 mor
1864 4308 1999 4365 erat,
2040 4301 2058 4330 ⁴
2082 4295 2486 4357 Animadverte!
2513 4296 2527 4319 ⁹
2592 4299 2781 4367 Supra,
