3060 4902
555 329 576 348 '
588 335 717 402 876

583 495 599 522 ⁴
621 495 811 545 edieta’
838 496 1012 548 Romae
1032 496 1357 564 dicebantur,
1372 515 1487 565 quae
1505 516 1640 566 prae-

587 579 744 635 tores,
771 582 1046 638 antequam
1075 576 1162 640 jus
1190 576 1485 635 redderent,
1510 580 1643 628 sole-

586 649 717 698 bant
768 665 1074 714 proponere,
1123 660 1181 702 ut
1236 654 1430 703 scirent
1484 656 1646 717 cives,

587 717 724 790 quod
744 728 833 791 jus
858 728 923 776 de
946 744 1047 794 qua
1077 744 1132 777 re
1157 732 1374 795 quisque
1407 731 1642 781 dicturus

587 811 743 854 esset.
827 805 1017 869 Neque
1070 820 1191 857 vero
1245 809 1335 857 soli
1392 819 1644 872 praetores

588 889 678 930 aut
702 885 1054 945 proconsules,
1077 885 1167 934 sed
1192 893 1246 935 et
1263 900 1438 935 omnes
1462 887 1642 952 magis·

587 964 780 1019 eratus,
829 959 984 1008 immo
1014 959 1256 1024 deinceps
1293 968 1348 1010 et
1384 962 1643 1027 principes

584 1037 768 1087 edicere
802 1038 1139 1100 dicebantur;
1178 1047 1233 1089 et
1267 1041 1534 1104 generales
1570 1042 1643 1090 le-

586 1128 697 1177 ges,
731 1129 842 1178 quas
877 1130 1049 1165 omnes
1085 1117 1303 1179 populos
1344 1125 1397 1166 et
1436 1118 1642 1181 provin-

585 1192 693 1241 cias
735 1193 1004 1253 tenebant,
1050 1195 1449 1258 appellabantur
1485 1196 1641 1245 ‘con-

587 1269 919 1330 stitutiones,’
959 1279 1011 1319 et
1057 1271 1265 1321 ‘edicta
1307 1271 1643 1336 principumss

584 1348 801 1397 Terent.
836 1349 1065 1397 Eunucb.
1100 1363 1191 1398 nr.
1223 1356 1272 1399 5.
1305 1355 1388 1399 29.
1416 1356 1430 1378 ⁸
1451 1351 1644 1412 Edicit,

585 1437 652 1471 ne
678 1423 754 1472 vir
774 1424 1039 1489 quisquam
1067 1426 1129 1474 ad
1155 1440 1265 1474 eam
1290 1424 1477 1475 adeat.’
1542 1426 1643 1475 Ubi

582 1501 854 1550 Donatus:
904 1502 1223 1558 ‘Edicimus‚
1259 1502 1519 1564 jubemus,
1561 1504 1642 1551 vel

577 1577 699 1639 jure
724 1577 963 1627 dicimus.
1030 1578 1218 1627 Edicta
1253 1579 1387 1627 enim
1423 1579 1643 1643 impera-

586 1653 711 1702 toris
749 1654 901 1705 sunt.'
969 1657 1086 1707 Qua
1125 1654 1189 1702 de
1239 1668 1292 1702 re
1331 1653 1478 1704 adire
1518 1657 1642 1706 licet

583 1731 778 1781 Lexica
800 1732 1049 1783 Juridica.
1086 1733 1328 1782 Schwarz.

652 1809 761 1858 Hoc
776 1826 864 1873 pro
883 1810 1122 1873 concione]
1157 1810 1394 1859 Edictum
1415 1808 1539 1858 illud
1562 1817 1642 1872 ty-

581 1885 758 1933 rannis
793 1884 1083 1934 sufficiebat
1121 1900 1214 1949 pro
1249 1886 1515 1946 concione,
1540 1889 1637 1936 διο.

579 1960 668 2010 Sic
690 1962 855 2010 locum
876 1962 1217 2026 interpretor;
1243 1962 1329 2010 alii
1349 1962 1515 2012 aliter.
1538 1963 1639 2012 Ρα-

582 2040 726 2088 carol.

648 2114 761 2164 Hoc
789 2131 877 2180 pro
912 2113 1150 2177 concione]
1185 2116 1410 2180 Elegans
1446 2122 1529 2167 est
1569 2117 1636 2168 si·

580 2192 884 2244 militudinis
919 2203 971 2244 et
1006 2195 1358 2244 aestimationis
1384 2193 1636 2258 significa·

582 2271 656 2321 tio
687 2271 743 2320 iu
780 2271 1147 2336 praepositione
1176 2287 1281 2335 pro,
1302 2286 1415 2337 qnoe
1440 2271 1524 2320 hic
1548 2286 1636 2321 ex·

583 2347 761 2411 plicari
811 2356 986 2411 potest
1032 2364 1124 2413 per
1170 2364 1342 2410 voces,
1385 2348 1635 2413 ‘instar,’

580 2430 597 2451 ‘
619 2423 767 2484 loco,’
803 2425 1002 2486 ‘vice3'
1037 2426 1182 2490 quasi
1206 2426 1396 2476 dixerit
1419 2425 1635 2484 Plinius,

580 2500 854 2563 Principes
895 2503 1123 2566 superbi,
1166 2505 1275 2551 sive
1319 2507 1632 2568 suscepturi,

579 2577 688 2624 sive
749 2577 1036 2640 deposituri
1093 2580 1432 2644 consulatum,
1504 2582 1630 2631 nibil

577 2651 720 2700 aliud
756 2652 994 2716 agebant,
1019 2668 1168 2718 quam
1196 2654 1331 2717 quod
1362 2655 1633 2706 edicerent

572 2729 936 2794 juberentque,
959 2731 1081 2795 quid
1117 2729 1228 2779 fieri
1253 2733 1476 2794 vellent3
1513 2749 1630 2784 cum

576 2806 716 2870 ipsos
775 2804 1054 2862 decuisset,
1104 2807 1355 2856 iuteresse
1410 2811 1632 2859 comitiis

576 2880 948 2944 consularibus,
991 2882 1042 2931 in
1087 2892 1254 2931 rostra
1295 2883 1635 2949 adscendere,

573 2959 876 3010 concionem
901 2958 1111 3015 habere,
1134 2968 1187 3008 et
1221 2961 1342 3008 dare
1368 2961 1630 3024 jusjuran-

576 3037 717 3085 dum.
784 3037 901 3086 Hoc
940 3038 1144 3087 edictum
1183 3038 1241 3086 iis
1278 3047 1388 3088 erat
1425 3040 1542 3089 loco
1577 3047 1633 3091 et

575 3112 691 3162 vice
725 3115 1008 3176 concionis,
1047 3124 1347 3181 rostrorum,
1384 3123 1441 3166 et
1472 3117 1631 3179 juris-

564 3190 800 3254 jurandi.
870 3191 1042 3240 Plant.
1070 3191 1268 3241 Cistell.
1296 3207 1334 3241 ι.
1356 3197 1405 3242 3.
1428 3197 1546 3243 24.’
1565 3196 1630 3244 E·

572 3265 785 3316 ducavit
818 3282 930 3316 eam
968 3267 1062 3317 sibi
1091 3283 1183 3329 pro
1208 3268 1355 3319 filia.'
1417 3271 1630 3321 Terent.

571 3340 796 3405 Adelph.
814 3357 863 3391 v.
883 3348 933 3392 8.
949 3349 1030 3393 28.
1052 3346 1189 3393 ‘Pro
1215 3354 1363 3408 patre
1388 3345 1506 3396 huic
1530 3357 1630 3410 est,

570 3417 736 3467 bonus
771 3418 887 3468 est.’
952 3420 1064 3469 Cic.
1086 3421 1235 3469 Verr.
1264 3436 1341 3472 tv.
1364 3427 1446 3472 41.
1478 3425 1628 3474 ‘Tibi

570 3494 809 3543 Marcelli
850 3503 1026 3545 statua
1063 3511 1157 3560 pro
1192 3500 1420 3561 patibulo
1448 3501 1499 3550 in
1535 3503 1629 3552 eli·

570 3580 719 3620 entes
759 3573 1123 3622 Marcellorum
1159 3574 1297 3625 suit!
1362 3576 1507 3627 Idem
1532 3579 1627 3630 At·

569 3648 659 3697 tic.
695 3660 755 3697 n.
779 3654 827 3696 6.
862 3649 876 3675 ‘
903 3649 1044 3697 Unus
1082 3651 1211 3700 Cato
1250 3651 1371 3700 mihi
1410 3662 1491 3703 est
1532 3671 1627 3719 pro

569 3731 778 3777 centum
803 3724 1024 3773 millibus
1040 3724 1074 3788 ;’
1108 3726 1142 3776 i.
1164 3742 1209 3776 e.
1234 3728 1394 3778 instar
1416 3740 1625 3782 centum

567 3803 798 3854 millium.
849 3802 1056 3865 ltaque,
1076 3817 1163 3865 pro
1186 3805 1374 3868 rostris,
1390 3806 1487 3858 boc
1512 3809 1625 3859 loco

567 3882 722 3931 aliter
754 3881 964 3937 dicitur,
1003 3896 1063 3929 ac
1100 3881 1242 3938 alibi,
1283 3883 1368 3932 ubi
1414 3887 1627 3949 ponitur

568 3974 664 4023 pro
688 3959 752 4007 'in
789 3958 958 4006 rostris
972 3973 993 4015 ;
1024 3956 1089 4006 de
1126 3972 1227 4021 qua
1267 3960 1473 4010 notione
1515 3962 1624 4012 dixi

568 4036 662 4084 sub
693 4034 890 4084 initium
922 4034 1070 4098 hujus
1105 4034 1309 4098 capitis.
1377 4037 1623 4089 Ceterum

565 4110 621 4159 in
658 4112 953 4175 cuspiniani
998 4112 1224 4161 editione
1264 4113 1474 4179 legitur,
1514 4115 1624 4165 Hoc

562 4198 651 4246 pro
670 4187 746 4234 his
763 4189 995 4249 concione,
1014 4190 1097 4249 &a
1121 4186 1296 4244 credo,
1320 4203 1474 4240 voces
1494 4190 1621 4240 istas

561 4256 724 4311 fuisse
759 4266 1119 4329 transpositas,
1143 4280 1256 4316 cum
1291 4266 1370 4317 sic
1393 4267 1621 4319 ordinari

1286 354 1502 405 NOTAE
1552 356 1955 410 VARIORUM
2005 363 2088 412 m

1716 503 2034 568 debuissent,
2074 505 2183 555 Hoc
2223 506 2298 557 his
2338 506 2475 571 [sive
2531 510 2612 573 iis,
2654 527 2771 578 quae

1715 581 2026 631 creberrime
2067 581 2503 652 confunduntur,]
2542 604 2624 651 pro
2661 606 2768 640 con-

1714 656 1863 719 cione,
1884 660 1965 721 ξο.
1989 658 2125 723 quod
2150 667 2204 709 et
2228 661 2485 712 Livineius
2514 664 2622 728 jam
2658 668 2766 717 ani-

1716 737 2012 786 madvertit.
2084 738 2173 787 Sic
2196 740 2357 789 etiam
2383 742 2434 789 in
2460 742 2594 792 libro
2612 744 2768 795 Scali-

1717 813 1822 875 geri
1859 822 2158 864 annotatum
2194 830 2327 874 esse,
2350 819 2461 868 Hoc
2483 821 2547 869 iis
2562 837 2670 884 pro,
2690 824 2768 885 ᾄσ.

1718 888 2014 940 observavit
2047 892 2142 943 Th.
2182 893 2429 956 Hearne3
2487 906 2545 946 et
2595 898 2768 947 lubens

1716 965 2046 1032 admisissem,
2086 970 2129 1017 si
2174 971 2344 1034 plures
2389 972 2506 1022 libri
2552 975 2770 1024 addixis-

1716 1049 1850 1093 sent.
1916 1045 1979 1094 In
2019 1047 2197 1096 codice
2237 1049 2492 1100 Vaticano
2532 1056 2770 1104 3461.st

1717 1118 2195 1184 Gnelpherbytano,
2217 1139 2498 1187 pronomen
2515 1127 2602 1179 hoe
2626 1144 2769 1193 repe-

1717 1195 1866 1258 titur,
1890 1197 2000 1248 Hoc
2015 1214 2103 1262 pro
2122 1202 2355 1264 concione,
2376 1203 2461 1252 hoc
2476 1219 2566 1267 pro
2586 1209 2770 1271 rostris,

1709 1274 2135 1337 proyurq'urando.
2167 1279 2421 1328 Schwarz.

1780 1349 1891 1400 Hoc
1922 1366 2006 1413 pro
2039 1352 2280 1418 concione]
2314 1354 2424 1403 Hoc
2447 1370 2538 1418 pro
2563 1357 2639 1406 Isis
2662 1372 2768 1407 eon·

1715 1424 1846 1474 cione
1882 1425 1942 1476 C.
1980 1424 2136 1491 forte,
2175 1427 2282 1477 Hoc
2320 1430 2383 1478 iis
2415 1446 2505 1493 pro
2543 1433 2770 1482 concione.

1717 1500 1884 1550 Livin.

1779 1578 1883 1626 Pro
1921 1580 2160 1643 concione]
2206 1582 2371 1633 Quam
2416 1598 2563 1633 more
2602 1584 2769 1649 prisco

1713 1654 1906 1704 habere
1928 1656 2097 1705 solent
2121 1657 2185 1705 ad
2209 1659 2457 1710 Quirites.
2492 1661 2633 1725 Lips.

1779 1731 2168 1793 Intelligerentur
2187 1733 2306 1799 ipsi]
2342 1735 2567 1800 Opinor,
2595 1753 2661 1789 ex
2688 1753 2766 1789 er-

1712 1820 1830 1856 rore
1862 1809 2297 1871 typographorum
2334 1813 2608 1872 accidisse.
2630 1822 2687 1866 ut
2716 1817 2765 1865 iu

1712 1882 2043 1932 salmuriensi
2079 1894 2133 1933 et
2157 1886 2503 1952 Ultrajectiua
2531 1892 2766 1941 editioni-

1712 1958 1809 2008 bus
1843 1974 1939 2024 pro
1960 1961 2342 2026 intelligerentur
2362 1980 2665 2031 expressum
2697 1970 2765 2019 sit

1710 2035 2064 2099 intelligerem,-
2098 2047 2253 2104 atque
2288 2047 2346 2091 ut
2377 2042 2433 2092 iu
2466 2044 2765 2112 Bernegge·

1711 2113 1854 2164 riana
1885 2124 1939 2164 et
1970 2115 2261 2182 Hackiaua,
2293 2121 2484 2171 omisso
2524 2123 2765 2175 adverbio

1709 2190 1937 2252 negandi
1958 2205 2067 2246 non,
2091 2191 2141 2241 in
2166 2191 2268 2243 fine
2300 2195 2451 2259 hujus
2485 2202 2675 2263 capitis
2697 2203 2767 2251 le-

1711 2281 1886 2330 gamus
1924 2270 2045 2331 quod
2076 2271 2163 2319 alii
2183 2270 2436 2332 fumeum
2470 2291 2765 2344 quanquam

1709 2343 1944 2407 Bebrius,
1988 2345 2332 2411 Gedanensis,
2373 2351 2563 2403 ultima
2619 2356 2765 2420 hujus

1707 2421 1895 2485 capitis
1920 2422 2075 2472 verba
2096 2425 2170 2474 sic
2195 2427 2527 2481 rescribenda
2553 2433 2769 2495 putarit,

1705 2501 1826 2561 quod
1855 2500 1974 2563 ipsis
1996 2502 2256 2551 consualibus
2279 2505 2367 2554 olii
2399 2510 2617 2558 con-sulen
2635 2511 2769 2570 stis·

1702 2581 1822 2624 sent.
1884 2576 1986 2625 Sed
2013 2592 2180 2642 neque
2202 2579 2433 2644 Bendas,
2450 2598 2624 2649 neque
2647 2596 2765 2636 ante

1703 2650 1839 2700 bunc
1862 2651 2151 2712 Catanaens,
2166 2671 2334 2707 veram
2353 2660 2509 2723 hujus
2529 2664 2634 2713 loci
2656 2679 2767 2715 sen·

1705 2730 1922 2779 tentiam
1948 2739 2068 2782 sunt
2092 2735 2329 2785 assecuti.
2397 2737 2519 2788 Hoc
2543 2754 2672 2791 vero
2692 2743 2767 2792 di·

1705 2823 1826 2859 cere
1863 2810 2023 2860 voluit
2059 2811 2275 2870 Plinius,
2305 2814 2530 2879 Superbi
2574 2820 2765 2884 prinei·

1705 2901 1795 2951 pes
1830 2901 1923 2950 per
1955 2886 2201 2945 edictum,
2222 2897 2277 2939 et
2310 2903 2691 2961 assumserunt,
2712 2906 2766 2947 et

1704 2964 2010 3026 abjecerunt
2045 2966 2385 3029 consulatum,
2433 2977 2493 3017 ut
2535 2986 2658 3021 cum
2692 2975 2765 3024 in-

1705 3056 1885 3105 gressu
1907 3044 2199 3092 consulatus
2222 3044 2334 3109 ejus
2366 3046 2542 3097 exitus
2577 3064 2765 3101 conve·

1705 3118 1855 3182 niret,
1896 3125 2077 3184 utque,
2118 3135 2236 3171 cum
2290 3123 2480 3174 nullam
2539 3129 2765 3181 muneris

1705 3197 1988 3246 consularis
2011 3205 2211 3262 partem
2234 3201 2497 3260 obiissent,
2522 3205 2625 3257 hoe
2656 3210 2764 3259 solo

1702 3279 1982 3338 constaret,
2006 3274 2119 3325 illos
2154 3277 2290 3339 ipsos
2321 3275 2476 3328 fuisse
2504 3285 2766 3344 consules,

1702 3350 1837 3415 quod
1892 3350 2103 3414 tamdiu,
2148 3354 2314 3418 quoad
2368 3358 2763 3420 appellarentur

1702 3427 1957 3486 consules,
2012 3443 2292 3494 eorumque
2348 3434 2560 3485 nomina
2614 3436 2761 3490 fastis

1703 3504 2184 3566 praescriberentur,
2219 3508 2341 3556 nulli
2374 3511 2462 3559 alii
2505 3511 2632 3565 boni
2670 3517 2761 3565 viri

1701 3578 1896 3628 fuerint
1917 3581 2168 3632 consules.
2215 3584 2293 3634 De
2310 3585 2600 3650 hujusmodi
2622 3592 2759 3655 prin-

1700 3656 1903 3720 cipibus
1929 3658 2040 3722 jam
2073 3673 2247 3723 supra,
2281 3674 2395 3711 ux.
2416 3667 2467 3712 2.
2492 3663 2634 3715 dixit
2656 3667 2759 3717 Pli-

1702 3735 1833 3794 nius,
1853 3734 1970 3784 ideo
1992 3737 2008 3765 ⁸
2033 3742 2230 3786 tautum
2256 3740 2480 3791 voluisse
2500 3741 2617 3794 fieri
2641 3759 2759 3796 con·

1700 3812 1857 3871 sules,
1879 3819 1933 3858 ut
1957 3811 2185 3861 fuerint?
2220 3814 2463 3866 Schmu-

1765 3888 1902 3937 cau».
1941 3902 2096 3938 nxvr.
2146 3891 2259 3939 Non
2300 3893 2567 3959 transilivi]
2621 3897 2670 3947 1.
2711 3914 2755 3947 e.

1699 3976 1799 4011 non
1826 3965 2129 4026 praetermisi
2158 3966 2318 4031 ipsius
2352 3972 2651 4022 consulatus
2675 3988 2754 4025 res

1697 4048 1898 4102 gestas;
1929 4041 2047 4104 etsi,
2064 4043 2437 4106 conjungendoe
2459 4048 2638 4098 similis
2652 4066 2754 4101 ma·

1698 4116 1843 4165 teriae
1861 4131 2058 4179 caussa,
2064 4121 2175 4182 jam
2190 4118 2255 4169 de
2270 4121 2618 4186 jurejurando
2630 4128 2757 4191 dixi,

1696 4192 1832 4255 quod
1871 4200 1973 4241 tam
2008 4195 2104 4242 sub
2136 4194 2356 4253 initium,
2381 4213 2536 4262 quam
2572 4203 2670 4253 sub
2698 4205 2753 4253 fi·

1696 4283 1813 4320 nem
1848 4268 2147 4321 consulatus
2183 4272 2279 4330 sui,
2317 4277 2574 4338 prestitit
2616 4280 2749 4344 prin·
