3060 4902
479 365 614 432 496

484 528 765 592 longinquo
786 525 979 576 vidisse
1012 533 1223 585 eastra;
1257 526 1394 590 quod
1432 525 1545 574 fere

483 603 780 653 timidorum
804 610 904 659 est,
929 603 1016 667 qui
1039 616 1238 650 manum
1263 615 1377 650 cum
1399 601 1547 649 hoste

486 693 756 728 conserere
781 678 877 742 ipsi
903 692 1004 727 non
1028 676 1247 726 audent:
1278 684 1429 739 prout
1457 676 1546 723 Vi—

486 758 658 807 tellius
680 756 871 806 dicitur
895 759 909 785 ⁸
931 757 1164 820 praelium
1183 765 1236 804 et
1257 754 1546 804 incendium

485 849 516 884 e
537 833 814 883 Tiberiana
845 833 1172 895 prospexisse
1197 830 1383 886 domo,'
1408 832 1546 892 apud

486 910 705 959 Sueton.
747 908 925 958 Vitell.
950 923 1068 970 cap.
1088 911 1169 956 15.
1217 908 1304 956 Sic
1344 906 1548 954 Plinius

487 986 645 1034 etiarn
672 985 843 1045 Epist.
873 999 926 1032 v.
969 989 1046 1032 18.
1077 983 1331 1045 loquitur:
1367 982 1381 1008 ⁴
1404 983 1550 1044 Mag·

487 1076 604 1110 nam
628 1062 804 1123 capies
830 1062 1171 1123 voluptatem,
1193 1061 1234 1107 si
1254 1061 1390 1108 hunc
1414 1060 1550 1119 regi·

486 1138 598 1185 onis
623 1138 772 1185 situm
798 1151 860 1184 ex
886 1142 1058 1184 moute
1083 1133 1446 1198 prospexeris.’
1480 1136 1552 1182 Et

484 1212 693 1261 Terent.
732 1212 951 1272 Adelph.
992 1224 1078 1259 ιιι.
1118 1215 1166 1260 3.
1204 1214 1284 1259 32.
1319 1210 1551 1271 quamvis

485 1290 823 1350 μεταφορικῶς·
858 1288 1035 1336 ⁸Istuc
1071 1295 1153 1335 est
1188 1299 1392 1348 sapere,
1431 1299 1552 1344 nou,

490 1364 627 1426 quod
655 1371 777 1411 ante
817 1362 977 1424 pedes
1014 1360 1165 1409 modo
1202 1370 1302 1415 est,
1341 1358 1550 1419 videre;

490 1439 581 1488 sed
607 1439 767 1488 etiam
794 1439 902 1493 illa,
934 1453 1047 1502 quoe
1073 1435 1250 1486 futura
1273 1440 1412 1495 sunt,
1436 1449 1553 1497 pro·

487 1513 727 1579 spicere!
756 1514 906 1564 Idem.

555 1589 723 1651 Egisti
761 1587 1028 1649 tribunam]
1084 1586 1391 1646 Beroaldus,
1434 1601 1552 1636 cum

488 1664 625 1715 forte
648 1680 749 1713 non
787 1667 910 1713 satis
950 1666 1291 1725 intelligeret,
1327 1664 1447 1727 quid
1474 1679 1554 1711 es-

488 1752 571 1792 set
610 1744 624 1770 ⁸
652 1755 808 1805 agere
849 1740 1152 1795 tribunum,’
1200 1738 1363 1788 edidit
1406 1740 1555 1799 egisti

489 1819 816 1876 tribunatum5
852 1817 940 1865 sed
968 1817 1241 1880 inutiliter,
1265 1824 1318 1863 et
1342 1815 1453 1862 siue
1478 1817 1554 1862 ul-

488 1895 589 1943 lius
612 1895 729 1943 libri
749 1891 1012 1956 suffragio.
1038 1891 1233 1953 ‘Agere
1254 1891 1554 1952 tribunum,’

491 1979 569 2019 est
597 1984 651 2018 se
677 1982 881 2032 gerere,
904 1975 1057 2029 prout
1079 1967 1340 2015 tribunum
1364 1963 1554 2028 decet;

491 2056 741 2111 praestare
768 2061 849 2107 ea,
867 2061 982 2111 quae
1009 2054 1127 2093 sunt
1145 2044 1371 2106 tribuui3
1396 2059 1553 2106 agere

491 2132 666 2188 partes
693 2124 903 2172 tribuni.
961 2124 1057 2171 Est
1079 2121 1386 2183 metaphora
1409 2136 1436 2168 a
1455 2122 1554 2170 Co·

492 2200 637 2247 micis
656 2202 834 2260 petita.
872 2198 1070 2246 Eodem
1097 2196 1247 2244 modo
1274 2196 1386 2243 Cic·
1412 2196 1555 2244 Fam.

489 2288 613 2325 vui.
656 2279 703 2323 2.
747 2274 895 2335 dicit,
932 2279 945 2301 ⁸
964 2286 1119 2335 agere
1163 2269 1419 2320 nobilem-³
1485 2272 1556 2320 Et

491 2352 661 2413 Epist.
700 2355 778 2399 16.
812 2352 1001 2409 ‘agere
1037 2349 1204 2397 civem
1245 2345 1558 2397 mirificumx

490 2428 613 2491 Ipse
638 2428 774 2477 Plin.
802 2427 999 2491 Paneg.
1026 2440 1138 2475 nvi.
1173 2428 1219 2474 3.
1256 2428 1272 2456 ⁸
1291 2438 1444 2488 agere
1468 2423 1555 2474 bo-

492 2524 614 2558 num
639 2506 938 2557 consulem.'
1011 2508 1177 2568 Epist.
1204 2518 1288 2552 ιιι.
1312 2509 1391 2553 16.
1408 2505 1424 2532 ⁸
1449 2519 1556 2552 ma·

495 2593 625 2633 trem
650 2583 840 2645 agere!
908 2596 1035 2631 vui.
1062 2586 1140 2629 16.
1174 2582 1189 2608 ⁸
1207 2580 1337 2628 Inde
1356 2579 1556 2628 adoles-

492 2660 686 2709 centuli
711 2659 886 2707 statim
907 2655 1258 2706 castrensibus
1284 2656 1556 2718 stipendiis

494 2736 882 2795 imbuebantur,
915 2740 970 2780 ut
1008 2734 1266 2793 imperare
1292 2730 1554 2796 parend03

494 2813 655 2862 duces
682 2827 853 2875 agere.
872 2811 992 2859 dum
1018 2817 1321 2873 sequuntur,
1344 2807 1554 2856 adsues-

494 2886 713 2938 cerent!
751 2888 904 2935 Idem.

563 2964 790 3027 Nihilque
834 2963 1105 3011 discendum
1151 2959 1371 3022 haberes]
1421 2958 1455 3009 i.
1504 2971 1553 3009 e.

494 3040 620 3089 nihil
645 3041 881 3099 haberes,
906 3037 1037 3103 quod
1063 3037 1280 3086 deberes
1316 3036 1554 3096 discere;

492 3118 623 3178 sive,
663 3117 789 3164 nihil
831 3129 1043 3163 necesse
1082 3114 1297 3163 haberes
1336 3113 1555 3161 discere.

493 3193 668 3241 Plinio
712 3207 962 3255 perquam
1008 3190 1282 3239 familiaris
1322 3199 1402 3239 est
1440 3189 1556 3237 boec

493 3268 736 3332 loquendi
762 3267 996 3316 formula.
1065 3267 1151 3315 Sic
1176 3266 1310 3313 idem
1334 3264 1489 3325 infra,
1507 3266 1558 3313 iu

494 3345 598 3394 fine
622 3345 768 3407 hujus
784 3359 896 3405 cap.
919 3351 931 3370 ⁴
955 3344 1070 3392 Nec
1094 3343 1289 3391 liabent
1312 3356 1561 3391 annume-

495 3422 656 3471 randa
693 3421 789 3469 tibi
827 3419 1073 3469 vulnera!
1139 3423 1209 3470 Et
1242 3421 1411 3484 Epist.
1447 3435 1487 3470 1.
1509 3425 1559 3469 8.

496 3506 512 3528 ⁸
530 3498 834 3548 enitendum
859 3498 1200 3548 haberemus)
1226 3511 1349 3547 vttt.
1370 3502 1449 3547 14.
1466 3499 1480 3525 ⁸
1502 3505 1561 3546 ut

495 3608 513 3625 .
536 3610 549 3624 .
572 3609 587 3623 .
605 3577 947 3636 disceremus,
970 3589 1084 3638 quae
1125 3572 1403 3634 facienda3
1436 3589 1558 3622 mox

495 3652 615 3715 ipsi,
643 3664 701 3699 ac
731 3664 825 3714 per
851 3651 991 3699 vices
1012 3649 1280 3712 quasdam,
1305 3648 1561 3699 tradenda

497 3726 783 3778 minoribus
829 3725 1174 3774 haberemus.’
1244 3725 1442 3775 Eadem
1488 3726 1558 3775 lo·

498 3801 691 3868 quendi
713 3803 914 3852 ratione
928 3809 1147 3850 utuntur
1163 3802 1320 3850 etism
1338 3801 1561 3860 Seneca,

498 3879 897 3937 Quinctilianus,
918 3877 1215 3937 Suetonius,
1237 3877 1468 3935 Tacitus,
1503 3883 1562 3925 et

498 3955 601 4003 alii.
665 3954 801 4002 Vide
839 3954 1164 4004 Vechnerum
1199 3954 1249 4001 in
1297 3951 1562 4000 Hellenol.

499 4047 616 4096 pag.
638 4036 753 4082 2⁵9.
787 4039 842 4080 et
866 4033 1136 4083 Vorstium
1172 4032 1238 4081 de
1270 4032 1561 4081 Latinitate

497 4109 652 4159 Falso
674 4109 954 4173 Suspecta,
970 4124 1088 4172 cap.
1104 4114 1156 4158 7.
1182 4123 1236 4172 p.
1256 4112 1339 4158 71.
1373 4109 1523 4159 Idem,

563 4186 665 4236 Per
684 4186 924 4249 stipendia
935 4184 1116 4247 decem]
1132 4184 1329 4233 Decem
1353 4186 1560 4236 scilicet

498 4272 678 4312 anuos·
742 4253 1053 4312 militarium
1086 4257 1374 4314 officiorum
1394 4274 1559 4320 aunu-

1180 380 1399 429 NOTAE
1450 378 1545 426 vA
1560 378 1855 428 monost
1907 378 1986 426 IN

1625 526 1705 574 ale
1730 525 2037 574 curriculum
2078 522 2235 587 prisci
2272 521 2451 571 dixere
2486 522 2686 585 stipen-

1625 601 1729 649 dia.
1798 602 1916 649 Vox
1944 602 2131 664 passim
2166 600 2390 649 occurrit
2414 600 2550 661 apud
2583 599 2688 646 his-

1626 677 1815 727 toricos
1833 677 2125 740 praecipue:
2145 690 2235 724 nos
2256 689 2440 724 vocare
2463 675 2687 723 solemus

1629 758 1918 815 Campdgne.
1956 754 2186 803 Patarol.

1693 832 1795 881 Per
1816 830 2052 893 stipendia
2081 827 2260 891 decem]
2296 825 2509 889 Equites
2547 826 2686 874 enim

1629 909 1761 956 dena
1798 905 2079 969 stipendia,
2120 904 2322 967 pedites
2365 903 2562 962 vicena,
2593 903 2688 950 im·

1630 987 1773 1049 plere
1797 983 2078 1045 oportebat
2095 984 2231 1030 iutra
2252 993 2438 1028 annum
2464 979 2688 1042 qtiadra-

1631 1060 1883 1121 gesimum
1928 1066 2154 1107 sextum.
2237 1056 2442 1105 Auctor
2502 1052 2692 1116 Polyb.

1630 1137 1720 1185 lib.
1746 1150 1823 1183 vt.
1859 1135 2023 1182 Licin.

1697 1213 1798 1261 Per
1811 1211 2048 1273 stipendia
2063 1210 2242 1271 decem]
2256 1207 2438 1256 Totius
2455 1206 2651 1256 militiae
2669 1206 2690 1255 ?

1630 1303 1730 1338 uon
1769 1297 1913 1350 puto,
1956 1286 2046 1335 sed
2095 1286 2407 1333 tribunatus.
2473 1282 2607 1331 Nam
2644 1282 2692 1330 si

1630 1368 1783 1427 ‘puer
1807 1361 2118 1416 admodum,’
2137 1362 2361 1409 itaPlin.
2384 1373 2503 1409 xlv.
2534 1364 2577 1408 1.
2597 1358 2691 1406 mi·

1632 1442 1758 1491 litiae
1780 1440 2046 1491 Partliicae
2065 1436 2321 1497 interfuit,
2342 1436 2382 1484 si
2404 1437 2418 1463 ⁸
2440 1451 2470 1483 a
2495 1433 2690 1483 teneris

1632 1519 1778 1567 anuis
1817 1517 2057 1564 tribunus
2089 1516 2306 1562 militum
2326 1512 2361 1573 ς’
2393 1513 2435 1561 si
2465 1512 2691 1573 denique

1633 1612 1677 1644 a.
1703 1609 1841 1644 xnu.
1878 1594 1940 1640 ad
1979 1593 2249 1653 imperium
2276 1589 2442 1649 venit3
2478 1602 2690 1654 quomo-

1632 1671 1699 1720 do
1740 1669 2022 1732 probabile.
2067 1667 2246 1716 decem
2290 1672 2492 1715 tantum
2533 1677 2692 1711 annos

1633 1748 1914 1798 militasse?
1984 1746 2053 1794 At
2080 1744 2329 1807 Polybius
2355 1743 2428 1790 ita
2447 1741 2512 1789 de
2534 1740 2698 1803 Equi-—

1635 1825 1788 1874 tibus.
1856 1822 2192 1872 Scimuszsed
2220 1821 2315 1869 hoc
2337 1831 2543 1882 quoque
2563 1817 2693 1866 licu-

1635 1902 1735 1950 isse
1769 1908 1825 1950 et
1850 1907 2118 1962 receptum
2144 1896 2323 1952 fuisse,
2351 1902 2408 1944 ut
2433 1895 2602 1954 ultra;
2635 1900 2693 1942 et

1634 1978 1860 2040 denique
1887 1977 1983 2025 boc
2021 1989 2150 2033 tvo,
2192 1973 2282 2022 illa
2316 1970 2601 2036 Polybiana
2637 1971 2690 2018 in

1636 2053 1941 2102 oblivionem
1961 2058 2014 2099 et
2039 2051 2195 2098 situm
2219 2048 2432 2096 abiisse.
2467 2048 2606 2108 Lt'ps.
2691 2078 2696 2085 ·

1698 2130 1861 2177 Mores
1898 2124 2141 2189 gentium]
2196 2124 2326 2171 Cum
2374 2123 2461 2171 illo
2504 2123 2691 2186 Ulysse

1636 2236 1649 2250 .
1673 2239 1686 2253 .
1712 2204 1813 2253 ‚⁴05
1830 2203 1965 2263 μάλα
1984 2204 2148 2250 πολλὰ
2165 2197 2424 2259 Πλάγχθη·
2448 2230 2462 2246 .
2487 2232 2501 2245 .
2526 2231 2540 2245 .
2563 2206 2692 2248 Πολ.

1633 2282 1732 2327 λῶν
1766 2281 1805 2327 δ’
1842 2279 2092 2342 ἀνθρώπων
2119 2277 2223 2324 ἴδεν
2255 2275 2424 2337 ἄστεα,
2463 2274 2544 2323 καὶ
2581 2274 2694 2325 νόον

1635 2355 1774 2416 ἔγνω.
1845 2357 1943 2411 Qui
1962 2370 2047 2418 per
2058 2356 2158 2403 sola
2182 2355 2330 2401 multa
2349 2355 2594 2401 Jactatas.
2613 2386 2627 2402 .
2647 2388 2660 2401 .
2679 2386 2695 2402 .

1635 2434 1990 2494 Multos-umque
2011 2431 2252 2481 hominum
2274 2444 2424 2479 mores
2449 2436 2590 2493 atque
2611 2445 2697 2492 op·

1627 2509 1743 2572 pido
1764 2509 1914 2556 novit.
1982 2507 2349 2555 Cassiodorus:
2389 2505 2692 2555 ‘Interdum

1633 2585 1846 2647 expedit
1872 2585 2090 2648 patriam
2113 2582 2467 2645 negligere,ut
2490 2583 2698 2643 sapien·

1635 2660 1758 2709 tiam
1783 2658 1894 2722 quis
1932 2658 2096 2721 possit
2130 2658 2415 2720 acquirere.
2480 2657 2697 2719 Ulysses

1634 2737 1844 2783 Ithacus
1868 2734 1965 2782 nisi
1990 2734 2083 2782 lioc
2102 2732 2332 2792 fecisset,
2355 2732 2404 2779 iu
2429 2731 2695 2781 laboribus

1631 2812 1848 2874 (scribe,
1881 2812 1897 2838 ⁸
1919 2808 2180 2873 laribus’)
2215 2808 2437 2872 propriis
2471 2804 2694 2857 forsitan

1635 2887 1909 2937 latuisset!
1945 2888 2097 2936 Ideni.

1699 2964 1966 3025 Regionum
1988 2963 2134 3026 situs]
2171 2959 2322 3012 Quod
2366 2959 2692 3010 utilissimum

1635 3041 1810 3090 futuro
1847 3040 1984 3088 duci.
2048 3036 2388 3087 Plutarchum
2429 3036 2481 3084 in
2521 3037 2695 3086 Philo·

1636 3133 1869 3182 poemeue
1895 3116 2033 3164 vide.
2067 3115 2220 3163 Idem.

1699 3196 1946 3256 Aquarium
1991 3189 2208 3252 coelique]
2264 3190 2371 3238 Cur
2404 3188 2472 3237 de
2515 3189 2695 3252 aquis?

1633 3271 1754 3335 quia
1812 3269 2026 3317 Romani
2083 3268 2272 3315 milites
2313 3280 2497 3330 aquam
2544 3274 2696 3316 aceto

1634 3348 1798 3396 mixto
1824 3346 1977 3407 vulgo
2001 3344 2267 3393 bibebant.
2304 3343 2456 3391 Idem.

1698 3423 1966 3485 Aquarium]
2003 3419 2219 3469 Romani
2253 3419 2444 3468 milites
2476 3416 2599 3468 alias
2623 3419 2700 3468 bi-

1634 3499 1830 3547 bebant
1873 3512 2099 3561 poscam,
2144 3497 2179 3545 i.
2221 3511 2271 3544 e.
2311 3509 2496 3559 aquam
2542 3503 2697 3544 aceto

1635 3577 1830 3625 mixto:
1868 3579 2070 3641 qualem
2108 3574 2398 3638 petulantia
2437 3573 2698 3622 Romano·

1636 3669 1746 3704 rum
1771 3668 2074 3717 coprearum
2105 3653 2202 3708 bis,
2228 3652 2386 3702 semel
2410 3650 2534 3700 felle
2571 3665 2698 3715 quo-

1635 3746 1735 3796 que
1780 3732 1964 3791 mixto,
2021 3729 2209 3779 Matth.
2252 3741 2439 3777 xxvii.
2482 3732 2565 3777 84.
2616 3728 2696 3778 ori

1637 3807 1823 3856 deinde
1848 3807 2116 3857 morientis
2142 3806 2434 3856 Servatoris
2466 3805 2699 3855 admovit

1636 3882 1688 3930 in
1712 3883 1951 3947 spongia,
1985 3881 2344 3942 circumligata
2380 3878 2578 3941 οἶσύπφ,
2601 3880 2698 3929 boc

1636 3964 1733 4013 est,
1769 3958 1880 4006 lasa
1910 3956 2120 4016 succida,
2159 3969 2259 4003 non
2285 3955 2485 4016 ὑσσόπφ
2515 3957 2700 4018 planta

1634 4033 1722 4083 illa
1744 4035 1908 4095 tenui,
1939 4040 2001 4082 ut
2030 4032 2236 4081 tandem
2262 4032 2347 4094 pie
2366 4032 2503 4079 hunc
2525 4032 2698 4080 locum

1632 4110 1721 4162 Jo.
1743 4123 1866 4159 xix.
1899 4113 1980 4160 29.
2013 4109 2100 4174 qui
2140 4122 2354 4172 magnas
2387 4108 2583 4157 animas
2606 4123 2696 4158 ex·

1635 4187 1824 4250 creuit,
1840 4186 1971 4250 legit
1993 4193 2049 4235 et
2070 4185 2354 4236 illustravit
2387 4185 2439 4234 in
2466 4185 2697 4236 Exercit-

1630 4263 1776 4316 Sscr.
1821 4278 1868 4314 c.
1902 4266 1987 4312 29.
2050 4262 2274 4327 Magnus
2308 4260 2576 4326 Heinsius,
2611 4262 2698 4312 cui
