3060 4902
517 341 648 406 724

522 498 744 548 invicem
770 509 824 546 se
848 494 1166 551 salutabant,
1190 496 1275 561 qui
1299 496 1351 545 in
1375 495 1462 546 via
1485 496 1588 548 sibi

526 572 661 621 forte
707 572 1013 622 obvenirent
1036 589 1051 634 ;
1108 572 1199 621 sed
1245 573 1423 635 potius
1473 573 1589 635 ejus

524 649 730 712 generis
765 647 1074 710 ‘salutatio,'
1115 664 1265 712 quam
1311 647 1460 697 amici
1498 648 1588 697 cli-

523 733 778 790 entesque
810 726 1095 784 faciebant,
1132 726 1219 788 qui
1251 725 1415 787 primo
1438 737 1589 772 mane

522 804 577 853 in
603 803 740 851 aedes
762 802 1153 851 honoratiorum
1178 801 1479 861 veniebant,
1500 814 1591 848 eos

523 888 538 910 ⁸
556 881 755 928 salvere
772 879 786 902 ’
809 879 1077 942 jubentes,
1100 879 1278 942 eisque
1304 876 1470 926 officia
1494 893 1591 927 sua

524 963 580 1004 et
603 954 793 1011 studia,
832 955 874 1003 si
910 955 1094 1018 quibus
1128 967 1257 1015 opus
1282 960 1439 1006 esset,
1464 950 1590 1000 offe-

523 1040 721 1082 rentes.
773 1031 835 1080 In
860 1029 1130 1078 vestibulis
1155 1036 1208 1078 et
1232 1028 1374 1076 atriis
1401 1026 1591 1076 subsis-

527 1106 737 1161 tebant,
782 1107 867 1169 qui
914 1113 1163 1152 venerant
1204 1104 1267 1151 ad
1315 1112 1589 1166 patronum

523 1183 871 1243 salutandum,
898 1182 1188 1244 priusquam
1215 1181 1263 1227 in
1285 1182 1487 1228 domum
1514 1180 1590 1227 in·

527 1259 969 1312 tromittereutur,
1011 1263 1146 1304 teste
1172 1256 1362 1311 Gellio,
1403 1269 1520 1303 xvt.
1543 1260 1591 1303 5.

524 1344 580 1383 et
622 1336 819 1383 Seneca
856 1333 920 1382 de
960 1333 1192 1381 Benefic.
1228 1347 1301 1380 vt.
1330 1336 1408 1380 ³3.
1432 1338 1486 1380 et
1509 1337 1593 1381 34.

525 1413 692 1460 Erant
738 1411 927 1459 deinde
975 1410 1259 1473 peculiaria
1305 1409 1593 1470 conclavia,

523 1490 632 1537 sive
681 1487 791 1535 loca
835 1486 1043 1547 aedium,
1076 1501 1191 1550 quae
1235 1501 1267 1533 a
1306 1485 1449 1533 Plin.
1496 1498 1591 1532 xv.

527 1566 609 1610 11.
653 1561 898 1610 dicuntur
932 1562 1211 1610 ‘cubicula
1246 1557 1592 1613 salutatoria,’

524 1641 578 1688 in
636 1640 824 1703 quibus
887 1648 1161 1703 patronum
1204 1652 1234 1687 e
1286 1636 1592 1685 dormitorio

527 1716 870 1776 prodeuntem
896 1716 1204 1763 salutarunt.
1244 1713 1409 1761 Immo
1433 1721 1486 1760 et
1504 1712 1591 1760 ho·

528 1806 638 1841 rum
666 1793 1019 1840 cubiculorum
1042 1792 1091 1839 in
1118 1791 1314 1839 aedibus
1334 1791 1592 1838 bominum

525 1868 891 1928 opulentorum
933 1881 1035 1915 non
1086 1882 1233 1914 unum
1272 1864 1369 1914 fuit
1414 1880 1594 1927 genus.

528 1942 905 1990 Honoratiores
938 1944 1252 1990 salutatores
1292 1942 1343 1991 in
1382 1941 1594 1991 cubicu-

524 2019 632 2067 lum
670 2019 888 2067 interins
934 2019 1374 2078 admittebantur3
1422 2017 1594 2080 paullo

525 2097 706 2160 plures
754 2096 804 2144 in
850 2096 1093 2145 cubicula
1138 2096 1274 2145 atrio
1317 2097 1595 2159 propiora,

528 2173 735 2236 plurimi
761 2173 811 2221 in
838 2173 948 2235 ipso
969 2173 1102 2221 atrio
1128 2172 1429 2221 substitere.
1468 2172 1594 2220 For-

526 2249 667 2299 mula
691 2250 915 2298 solennis
946 2258 1080 2311 erat,
1115 2255 1242 2296 ‘ave
1266 2247 1297 2296 l’
1367 2248 1485 2298 Qua
1523 2246 1592 2297 de

527 2341 583 2375 re
608 2326 944 2374 disseruimus
970 2326 1021 2374 in
1050 2326 1280 2373 Dissert.
1310 2323 1378 2372 de
1404 2323 1593 2372 Assec·

530 2403 727 2450 tatione
755 2402 1004 2450 Veterum
1026 2402 1391 2449 Romanorum.
1440 2398 1592 2448 Quod

527 2478 799 2527 matutiuae
819 2486 867 2524 et
895 2476 1116 2540 publicae
1134 2475 1458 2525 salutationis
1483 2472 1595 2523 offi-

529 2555 667 2604 cium
704 2569 803 2602 non
842 2562 1041 2602 tantum
1074 2552 1297 2602 florente
1323 2553 1595 2615 republica

528 2630 582 2678 in
606 2644 695 2678 usu
719 2627 819 2677 suit
844 2644 858 2688 ;
897 2628 989 2677 sed
1014 2630 1168 2676 etiam
1194 2628 1291 2676 sub
1318 2629 1594 2689 imperato-

528 2706 670 2755 ribus
688 2707 1066 2764 continuatum,
1085 2712 1139 2752 et
1163 2704 1237 2752 bis
1265 2704 1391 2767 ipsis
1410 2718 1597 2766 magna

531 2781 830 2847 frequentia
873 2790 930 2830 et
978 2781 1257 2829 ambitione
1304 2783 1594 2843 praestitum

531 2865 632 2907 est.
697 2857 784 2906 Sic
829 2856 1081 2905 Octavius
1127 2856 1415 2919 Augustus,
1459 2863 1596 2904 teste

532 2936 749 2986 Sueton.
780 2933 915 2997 Aug.
947 2948 992 2981 c.
1031 2938 1114 2982 53.
1152 2940 1167 2963 ‘
1189 2932 1491 2996 promiscuis
1517 2948 1597 2980 sa·

530 3014 867 3064 lutatiouibus
891 3011 1100 3060 admisit
1119 3019 1170 3060 et
1191 3011 1427 3074 plebem.’
1453 3011 1596 3059 Idem

530 3091 748 3140 Sueton.
774 3089 932 3150 Vesp.
959 3102 1004 3135 c.
1026 3091 1106 3135 21.
1130 3096 1324 3141 narrat,
1349 3084 1485 3133 hunc
1506 3086 1596 3133 im·

532 3171 852 3228 peratorem,
874 3166 887 3188 ‘
908 3162 1026 3209 dum
1053 3158 1416 3214 salutabatur,'
1432 3161 1599 3221 ipsum

534 3255 592 3289 se
628 3239 887 3289 calceasse
923 3245 976 3285 et
1013 3237 1336 3297 amicivisse;
1373 3245 1447 3296 et,
1482 3251 1526 3285 c.
1550 3241 1600 3285 4.

534 3314 777 3368 eundem,
799 3328 916 3362 cum
942 3312 1110 3361 adhuc
1135 3313 1369 3375 privatus
1395 3320 1554 3367 esset,
1572 3327 1601 3360 a

544 3392 754 3442 Nerone
803 3391 819 3418 ‘
844 3390 1052 3453 publica
1088 3388 1438 3443 salutatione,’
1486 3402 1601 3451 quae

537 3467 742 3516 scilicet
768 3465 819 3515 in
845 3466 1014 3519 turba,
1036 3471 1194 3528 atque
1217 3464 1356 3512 iuter
1374 3470 1601 3523 ceteros,

535 3541 708 3602 fieret,
753 3534 863 3588 esse
903 3539 1239 3603 prohibitum.
1308 3540 1369 3587 ln
1409 3540 1599 3595 Galba,

537 3632 584 3666 c.
610 3620 689 3664 1⁷.
710 3613 896 3676 refert,
921 3614 1143 3663 Galbam
1169 3622 1385 3677 repente
1409 3618 1424 3642 ‘
1442 3629 1470 3663 e
1495 3629 1602 3664 me·

536 3691 625 3742 dia
648 3690 981 3739 salutantium
1005 3688 1184 3738 turba’
1209 3690 1453 3738 Pisonem
1474 3691 1602 3739 Fru-

538 3770 590 3833 gi
615 3767 1035 3832 apprehendisse,
1054 3765 1319 3831 filiumque
1344 3768 1603 3830 appellas-

538 3861 615 3897 se.
699 3845 758 3893 ln
794 3841 980 3893 Claud.
1015 3857 1062 3891 c.
1092 3847 1174 3892 35.
1214 3843 1393 3899 tradit,
1443 3844 1604 3906 impe-

539 3928 765 3969 ratorem
812 3919 827 3945 ‘
853 3917 1252 3967 salutatoribus’
1286 3926 1603 3969 scrutatores

540 4011 746 4060 semper
771 3995 1096 4058 apposuisse,
1120 4001 1174 4044 et
1210 3994 1415 4059 quidem
1441 3996 1605 4045 omni·

541 4076 660 4136 bus,
682 4080 731 4123 et
756 4072 1147 4134 acerbissimos3
1171 4074 1255 4137 qui
1277 4088 1462 4137 nempe
1490 4088 1603 4136 per·

541 4155 898 4201 scrutarentur
912 4148 1235 4205 salutatores,
1252 4164 1314 4197 an
1332 4164 1475 4199 arma
1491 4165 1602 4199 ves·

543 4225 683 4275 tibus
707 4231 848 4278 tecta
882 4223 1153 4277 baberent.
1222 4225 1390 4283 Unde,
1422 4240 1602 4276 secun·

1217 354 1431 403 NOTAE
1479 352 1889 403 VARtORUM
1939 351 2024 403 ΙΝ

1663 495 1785 546 dum
1810 496 1977 546 Tacit.
2001 494 2190 545 Annal.
2223 505 2306 544 ιι.
2332 496 2418 543 22.
2479 492 2734 544 Claudius

1663 572 1761 621 Cn.
1780 572 2024 634 Novium,
2039 571 2267 636 equitem
2288 571 2598 628 Romanum,
2612 585 2734 621 cum

1663 648 1746 696 bic
1790 646 1928 696 ferro
1963 648 2228 697 accinctus
2275 647 2614 710 reperiretur,
2644 648 2732 696 ‘iu

1665 728 1801 771 coetu
1853 722 2186 772 salutantium
2243 722 2575 786 principem,'
2624 731 2732 773 tor·

1664 800 1852 849 mentis
1890 799 2130 848 dilaniari
2157 799 2329 863 jussit.
2400 802 2568 851 Quam
2604 813 2731 849 vero

1663 877 1929 925 scrutandi
1965 877 2397 926 cousuetudinem
2429 877 2508 924 ΡΙ.
2533 876 2734 939 Vespa·

1667 953 1839 1001 sianus
1878 953 2070 1014 omisit,
2117 951 2256 1016 quod
2304 953 2353 1000 in
2391 952 2544 1015 hujus
2582 953 2734 1013 Vita,

1665 1042 1713 1076 c.
1753 1033 1831 1078 12.
1866 1036 2234 1077 commemorat
2279 1028 2579 1078 Suetonius.
2646 1030 2731 1079 Sic

1664 1105 1803 1154 haud
1829 1120 1972 1168 aegre
2007 1105 2364 1168 intelligimus,
2402 1105 2732 1168 quemadmo-

1665 1182 1785 1230 dum
1808 1182 2060 1230 atrocium
2082 1181 2371 1244 principum
2387 1182 2731 1230 salutationes

1667 1258 1785 1322 fuga
1811 1267 1866 1308 et
1889 1259 2106 1308 vastitas
2131 1259 2277 1322 sequi
2295 1259 2543 1322 potuerit,
2566 1259 2608 1307 si
2633 1258 2736 1306 sal·

1667 1344 1770 1385 tem
1793 1338 1843 1384 iu
1869 1344 2092 1385 mentem
2112 1349 2412 1384 revocemus
2436 1336 2734 1399 exemplum

1669 1414 1896 1478 Vitellii,
1914 1415 2000 1478 qui
2021 1413 2279 1477 quendam
2302 1421 2316 1442 ⁸
2337 1414 2387 1462 in
2404 1414 2516 1476 ipsa
2540 1415 2733 1462 saluta-

1670 1488 1807 1539 tione
1829 1488 1843 1509 '
1876 1489 2130 1553 supplicio
2170 1489 2418 1539 traditum
2446 1503 2622 1538 coram
2661 1491 2735 1538 iu-

1672 1565 1836 1615 terfici
1856 1566 2034 1630 jussit,
2059 1566 2193 1615 velle
2223 1580 2280 1614 se
2314 1566 2493 1616 dicens
2518 1579 2735 1627 pascere

1669 1643 1870 1702 oculos;
1904 1641 2038 1705 quod
2087 1641 2224 1704 apud
2259 1642 2472 1691 Sueton.
2513 1641 2734 1705 legimus

1670 1715 1724 1766 in
1750 1717 1928 1765 Vitell.
1953 1732 2001 1766 c.
2025 1721 2106 1765 14.
2139 1717 2291 1766 Idem.

1739 1792 2065 1841 Salutationes
2089 1791 2217 1854 luas]
2256 1791 2382 1840 Illas
2414 1792 2655 1841 solennes
2679 1798 2736 1842 et

1671 1869 1968 1924 matutinas,
1988 1883 2116 1932 quas
2140 1875 2196 1917 et
2226 1868 2446 1931 principi
2471 1867 2736 1922 ferebant.

1667 1945 1833 1993 Tacit.
1873 1945 2011 1994 Anu.
2051 1958 2116 1993 ιι.
2148 1948 2230 1992 22.
2266 1949 2313 1993 l.
2347 1944 2478 1993 ‘Cn-
2510 1946 2736 2008 Novius,

1670 2021 1721 2069 in
1746 2029 1881 2071 coetu
1906 2022 2242 2072 salutantium
2269 2021 2593 2086 principem-⁹
2619 2023 2739 2086 Lip-

1673 2112 1791 2146 saus.

1739 2174 1878 2234 Fuga
1899 2180 1946 2222 et
1970 2174 2194 2237 castitas]
2233 2174 2373 2225 Quia
2398 2174 2532 2236 jussi
2557 2175 2737 2225 statim

1669 2249 1937 2310 recedere,
1975 2265 2072 2300 nec
2109 2251 2392 2300 subsistere
2432 2251 2500 2300 ibi
2526 2249 2627 2314 fas,
2647 2258 2738 2303 aut

1669 2327 1873 2374 morari.
1907 2326 2056 2375 Idem.

1738 2402 1877 2463 Fuga
1915 2406 1961 2450 et
2006 2400 2236 2464 vastitas]
2285 2401 2418 2450 Post
2455 2402 2738 2451 matutinas

1668 2479 2008 2528 salutationes
2027 2492 2126 2527 non
2142 2491 2174 2525 a
2197 2485 2250 2525 te
2267 2476 2510 2541 fugimus,
2537 2484 2595 2527 ut
2613 2478 2736 2527 olim

1669 2554 1764 2603 sub
1782 2553 1996 2603 Tiberio
2016 2560 2073 2602 et
2101 2553 2419 2606 Domitiano.
2456 2554 2593 2605 Vide
2610 2556 2740 2605 Dio·

1671 2644 1786 2679 nem
1813 2637 1867 2678 et
1893 2631 2109 2679 Sueton.
2145 2630 2366 2678 Patarol.

1742 2705 2072 2765 Reman-amur,
2091 2704 2381 2768 resistimus]
2410 2704 2501 2754 Uti
2525 2705 2740 2754 verbum

1670 2780 1891 2843 simplex
1926 2780 2169 2836 ‘moror,'
2205 2782 2278 2829 ita
2301 2787 2354 2830 et
2389 2782 2739 2844 compositum

1670 2859 1684 2883 ‘
1705 2871 1934 2907 remoror
1955 2856 1968 2877 ’
2002 2857 2067 2905 ad
2104 2857 2262 2906 verba
2282 2856 2599 2906 abundantia
2623 2872 2740 2921 per-

1675 2933 1826 2988 tinet,
1853 2948 1965 2997 quae
1993 2933 2041 2981 iu
2068 2932 2249 2982 eadem
2274 2932 2460 2996 forma,
2484 2933 2640 2983 modo
2657 2947 2742 2983 ac·

1675 3008 1795 3069 tive‚
1827 3008 1979 3056 modo
2012 3010 2341 3069 neutraliter,
2370 3008 2447 3057 nti
2484 3023 2743 3071 gramma·

1675 3084 1762 3133 tici
1798 3085 2095 3146 loquuntur,
2119 3084 2355 3147 usurpari
2380 3084 2568 3133 solent.
2643 3086 2744 3134 Ac-

1676 3161 1783 3209 tive
1821 3159 2011 3208 dicitur
2046 3160 2263 3208 verbum
2298 3160 2314 3186 ‘
2336 3157 2604 3215 remoror,’
2645 3174 2740 3223 pro

1673 3239 1687 3262 ‘
1709 3236 1959 3298 detineo,'
1979 3239 1994 3265 ‘
2016 3235 2223 3285 retardo
2239 3234 2271 3297 ;'
2294 3235 2628 3299 neutraliter,
2648 3251 2741 3298 pro

1676 3314 1691 3341 ‘
1711 3311 1932 3373 maneo,'
1955 3319 1969 3343 ‘
1985 3310 2312 3368 commoror,'
2335 3311 2353 3339 ‘
2368 3312 2620 3361 cunctor-³
2670 3314 2742 3362 Ut

1677 3389 1824 3452 plura
1878 3388 2145 3453 utriusque
2202 3388 2422 3438 notionis
2477 3390 2742 3453 exempla,

1678 3466 1865 3528 passim
1890 3465 2059 3522 obvia,
2098 3465 2513 3529 praetermittsrn,
2534 3466 2742 3516 unicam

1679 3542 1854 3590 Plauti
1881 3543 2118 3590 Casinam
2157 3556 2294 3591 nunc
2324 3540 2555 3591 excitare
2593 3543 2741 3592 libet.

1680 3617 1779 3674 Ibi,
1805 3631 1894 3666 ιιι.
1940 3622 1987 3664 6.
2032 3621 2115 3665 65.
2149 3618 2321 3666 active
2360 3616 2577 3679 dicitur,
2625 3618 2741 3667 ‘Eo

1678 3705 1816 3741 nunc
1848 3693 1983 3757 jam,
2025 3693 2121 3741 nisi
2165 3692 2429 3755 quippiam
2475 3706 2741 3743 remorare

1680 3769 1793 3817 me.’
1860 3767 1935 3817 At
1958 3768 2284 3824 neutraliter,
2307 3782 2384 3818 tv.
2408 3773 2457 3818 8.
2478 3773 2528 3818 7.
2561 3771 2579 3798 ⁸
2597 3769 2738 3822 Quid

1679 3844 1768 3892 illa
1809 3857 1948 3893 nnnc
1984 3843 2180 3892 tamdiu
2222 3844 2362 3893 intus
2400 3845 2742 3894 remoratur?

1682 3922 1761 3971 De
1780 3920 1934 3968 verbo
1954 3927 2127 3969 autern
2145 3926 2159 3948 ‘
2178 3920 2459 3985 resistere,'
2482 3937 2577 3987 pro
2594 3922 2742 3973 ‘con-

1681 3995 1904 4056 sistere,’
1957 3997 2265 4060 ‘perstare,'
2314 3997 2425 4059 jam
2460 4012 2639 4061 supra,
2677 3999 2740 4047 ad

1681 4088 1732 4135 p.
1753 4076 1868 4122 4⁷8.
1891 4086 1993 4122 non
2016 4072 2139 4121 nihil
2162 4070 2289 4121 dlxi.
2327 4072 2571 4122 Schwarz.

1745 4150 1841 4198 Illa
1860 4149 2204 4199 immanissima
2233 4148 2409 4211 bellua]
2444 4149 2740 4199 Pronomen

1677 4226 1759 4276 itta
1782 4227 1834 4277 in
1858 4227 2032 4277 multis
2071 4225 2216 4283 libris
2254 4224 2601 4276 desideratur.
2674 4227 2745 4276 At
