3060 4902
779 406 849 455 ο.
900 403 1144 454 vuum
1195 403 1526 454 saccum
1577 401 1863 453 Panna:
1927 405 1975 452 ι.
2007 389 2115 455 25.

343 548 447 613 qai,
467 560 585 597 eum
612 548 940 598 auctoritate
980 548 1196 612 pariter.
1227 559 1291 598 ae
1312 548 1417 598 slu-

341 624 510 687 'niati
548 624 709 674 animi
756 625 1135 689 magnitudine,
1178 624 1418 688 poneret,

341 716 446 750 non
473 715 688 751 neeesse
717 701 985 762 babuerit,
1013 703 1188 751 statim
1226 702 1418 750 milites

342 775 634 828 ferociores
655 792 845 841 magno
879 778 979 827 sibi
1002 779 1236 842 obligare
1258 778 1416 827 benes-

337 850 484 907 fieio,
506 866 572 902 ue
597 853 908 903 seditionem
928 855 1196 904 concirent
1218 869 1233 914 ς
1259 861 1416 916 prout

341 929 560 991 Galba,
596 930 834 994 aliisque,
871 932 1059 993 exigna
1097 932 1414 981 auctoritate

341 1014 401 1055 et
445 1005 701 1056 mediocri
746 1008 919 1056 animo
966 1008 1216 1070 praeditis,
1257 1022 1415 1071 nega-

341 1091 478 1143 tum,
512 1089 605 1131 aut
642 1090 790 1133 certe
822 1083 1060 1146 dilatum,
1093 1083 1421 1145 donativum,

338 1157 444 1209 fuit
468 1159 768 1208 exitiosum.
835 1157 1013 1222 Atque
1036 1158 1164 1209 adeo
1199 1161 1284 1211 bic
1323 1160 1416 1209 im·

341 1240 564 1298 perator
586 1232 715 1283 nihii
739 1233 1017 1298 dubitavit,
1041 1250 1135 1299 pro
1158 1237 1414 1286 civilitate

337 1325 456 1367 sua,
480 1309 621 1373 plebi
643 1310 849 1373 inermi,
872 1325 904 1360 a
925 1326 1027 1376 qua
1052 1313 1177 1361 nibil
1209 1313 1411 1376 pericu·

341 1386 384 1436 li
416 1384 577 1436 facile
610 1387 944 1437 metuendum
980 1397 1115 1446 erat,
1148 1399 1202 1437 et
1241 1389 1324 1438 cui
1361 1389 1412 1438 id

341 1462 514 1512 tutius
562 1476 761 1525 negare
801 1465 1078 1526 potuisset,
1131 1466 1305 1529 potius
1361 1471 1417 1515 et

341 1540 513 1602 prins,
544 1552 703 1603 quam
726 1539 997 1595 militibus,
1027 1554 1090 1589 ex
1117 1554 1263 1589 mera
1287 1540 1415 1590 libe-

344 1612 562 1663 ralitate
607 1613 784 1663 eximii
819 1613 1059 1665 beneficii
1096 1623 1302 1679 partem
1336 1614 1415 1665 of-

341 1688 505 1740 ferre.
539 1687 781 1740 &hom

409 1765 585 1826 Magis
624 1765 795 1827 neg-rt
831 1769 1009 1831 potest]
1057 1766 1290 1819 Quidni?
1322 1775 1416 1819 aut

341 1841 473 1906 quid
497 1855 527 1889 a
551 1842 763 1905 populo,
787 1851 977 1905 preter
993 1846 1199 1894 voculas
1215 1851 1270 1893 et
1287 1859 1413 1909 que-

341 1919 503 1974 relas,
549 1918 769 1969 timeas?
832 1918 937 1968 Sed
982 1920 1130 1970 miles
1172 1930 1228 1970 et
1269 1920 1415 1971 facta

345 1993 547 2045 addere
574 2000 751 2058 potest
773 2012 787 2041 ε
827 2003 1002 2046 tamen
1026 1997 1099 2045 illi
1131 2003 1296 2047 totum
1322 1998 1412 2047 da·

346 2079 481 2134 tum,
547 2070 667 2122 huic
726 2080 971 2136 negatum
1016 2082 1106 2124 aut
1153 2073 1401 2125 dilatum=

341 2149 486 2213 quod
504 2149 914 2214 magnitudinem
935 2151 1093 2201 animi
1106 2152 1228 2218 jure
1252 2153 1415 2203 iuter-

343 2234 608 2291 pretatur.
638 2227 776 2292 Lips.

409 2302 516 2353 Sed
554 2302 767 2366 priores]
805 2302 938 2353 Hoc
980 2304 1224 2356 mendosa
1268 2306 1413 2356 exbi-

342 2379 478 2429 beut
523 2378 736 2429 codices
772 2379 1037 2439 Vaticani,
1081 2382 1415 2448 Parisiensis,

342 2456 605 2515 Venetus,
633 2455 961 2520 Guelpherb.
992 2466 1048 2507 et
1082 2473 1243 2523 meus,
1266 2463 1415 2511 item·

341 2547 452 2597 que
472 2539 697 2596 uterque
725 2533 858 2583 iiber
882 2534 1176 2600 Gudianus,
1196 2543 1254 2586 et
1283 2539 1415 2587 Vos-

345 2609 527 2658 siauns
547 2625 564 2669 ς
598 2622 697 2658 nee
720 2609 887 2658 minus
905 2611 1063 2660 editio
1077 2613 1414 2676 cuspiniani5

346 2686 400 2736 in
450 2685 640 2749 quibus
682 2692 954 2750 corrupte,
995 2695 1050 2737 et
1095 2688 1207 2738 sine
1260 2703 1414 2738 seusu

347 2760 642 2823 commodo,
663 2761 884 2824 legimus
907 2765 991 2811 sed
1016 2763 1149 2826 prior
1169 2770 1239 2813 est
1268 2780 1418 2828 popu·

348 2839 425 2887 las
461 2837 716 2898 militibus,
736 2839 861 2899 qaod
892 2839 1143 2900 posterior,
1165 2855 1206 2889 s.
1241 2847 1275 2891 t.
1306 2857 1348 2893 s.
1371 2858 1418 2889 a.

346 2914 468 2964 Nec
502 2914 680 2976 aptior
719 2920 801 2964 est
840 2913 1066 2979 Grypbii
1105 2916 1284 2973 lectio,
1328 2917 1419 2981 qui

348 3004 448 3055 pro
487 3003 617 3039 voce
655 2990 842 3053 priam
884 2992 1113 3054 reposuit
1148 3007 1415 3044 nnmerum

348 3064 672 3128 singularem
711 3066 937 3127 priorem·
1004 3065 1417 3118 Commodiorem

352 3142 718 3205 verioremque
764 3142 1042 3192 lectionem
1083 3143 1194 3209 jam
1241 3144 1418 3208 prodi·

346 3219 478 3269 dere
516 3218 865 3274 Puteolanus.
897 3218 1198 3284 Catauoeus,
1233 3221 1416 3284 Aldus,

344 3295 536 3355 Juuta,
558 3293 853 3355 Rhenanus,
874 3303 927 3343 et
949 3297 1115 3346 ceteri
1137 3312 1152 3358 ς
1175 3298 1417 3347 eandem·

344 3384 451 3435 que
482 3368 752 3419 coufirmat
789 3368 958 3420 codex
990 3371 1416 3436 Salisburgensis.

346 3445 590 3495 &hm

401 3523 702 3586 Quantaque
712 3523 866 3589 σανα]
886 3524 1133 3574 Voculam
1152 3539 1414 3590 que,quam

345 3611 674 3662 nequaqnam
698 3613 729 3647 a
747 3598 972 3648 librariis
995 3599 1113 3649 huie
1141 3600 1255 3650 ioco
1279 3599 1414 3649 frus·

348 3682 435 3724 tra
457 3674 702 3724 intrusam
725 3675 932 3738 opinor,
964 3676 1187 3739 probant
1208 3677 1415 3727 codices

347 3751 612 3812 Vaticani,
637 3751 969 3813 Parisiensis,
987 3752 1240 3815 Venetus,
1262 3754 1417 3802 Salis·

345 3826 645 3890 burge-sis,
685 3835 889 3877 veteres
925 3827 1238 3878 membranae
1279 3829 1413 3879 Livi·

345 3903 477 3964 ueii,
501 3903 631 3953 liber
649 3903 802 3954 Voss.
819 3911 877 3954 et
895 3905 948 3953 iu
964 3904 1190 3967 excusis,
1205 3904 1415 3969 Gryph-

350 3980 450 4035 ius,
506 3978 806 4034 sichardus,
860 3986 918 4027 et
974 3978 1045 4029 H.
1100 3981 1416 4042 Stephanus.

350 4055 504 4117 Mox,
526 4054 616 4105 ubi
641 4055 780 4119 apud
804 4054 1031 4104 Plinium
1055 4056 1291 4120 sequitur
1311 4062 1418 4119 post

343 4132 551 4181 effla-m
572 4137 726 4190 unm,
763 4130 934 4181 codex
959 4130 1190 4194 Guelpli·
1228 4132 1416 4183 vitiose

345 4207 503 4257 babet
526 4213 638 4271 poss
673 4207 855 4258 aditam
883 4221 1057 4265 sanun
1107 4207 1411 4272 Beroaldus,

343 4290 450 4348 post
474 4286 655 4337 editum
677 4290 832 4337 luam.
871 4282 1040 4335 Idem.

2429 391 2561 455 557

1565 548 1866 612 Quumque
1897 547 2050 612 cura]
2088 549 2295 605 Qauutoe
2323 558 2451 597 τινα
2474 548 2560 596 Li·

1496 624 1601 673 vin.
1618 625 1707 674 sed
1733 631 2009 688 quantaeque
2029 641 2155 674 συν-ιε
2178 626 2245 674 V.
2279 625 2445 676 Liuia.

1563 702 1791 750 Edictum
1835 699 1991 762 tuum]
2030 702 2149 752 Quo
2184 701 2563 765 proscripsisti,

1494 782 1550 824 et
1577 777 1932 839 pronunciasti
1955 775 2184 840 publice,
2221 783 2272 826 te
2297 776 2559 826 daturum.

1493 853 1631 914 Lips.

1558 928 1681 977 Post
1703 928 1933 995 edictum]
1968 931 2053 980 De
2078 929 2327 994 congiarii
2349 930 2558 994 dispen-

1493 1005 1698 1054 satione
1722 1005 1985 1058 facienda.
2021 1009 2241 1057 Potor-01.

1559 1086 1845 1148 Erusorum]
1900 1088 1945 1135 Ε
1990 1086 2215 1150 publicis
2262 1086 2468 1149 tabulis,
2502 1086 2555 1136 in

1492 1162 1679 1226 quibus
1717 1176 1894 1211 eorum
1934 1163 2100 1212 iucisa
2146 1170 2295 1211 eraut
2334 1163 2555 1226 uomina,

1491 1238 1676 1302 quibus
1745 1239 2063 1302 congiarium
2122 1238 2556 1288 distribuendum.

1493 1312 1834 1366 Radebautur
1855 1321 2048 1369 autem,
2083 1314 2100 1340 ⁴
2115 1314 2156 1361 si
2181 1314 2266 1377 qui
2290 1327 2554 1363 moreren-

1493 1396 1601 1451 tur,
1628 1390 1709 1438 vel
1733 1389 2047 1452 migrareut3
2080 1391 2242 1438 erasis
2270 1388 2559 1438 nominibus

1493 1466 1583 1514 alii
1613 1464 2079 1521 substituebantur,
2107 1466 2191 1514 vel
2219 1479 2312 1527 per
2336 1479 2555 1515 annone

1491 1542 1822 1608 prefectum,
1869 1546 1948 1592 vel
1988 1559 2081 1607 per
2116 1545 2229 1607 ejus
2257 1544 2552 1594 dividenda:

1488 1620 1793 1670 curatores.’
1828 1620 2053 1683 Lipsius.
2092 1621 2244 1668 Idem.

1553 1698 1618 1746 Iu
1662 1699 1811 1745 locum
1848 1696 2114 1759 erasurum]
2151 1697 2215 1745 Iu
2259 1694 2447 1745 tabulis
2481 1695 2554 1745 ci·

1490 1775 1626 1824 vium
1652 1775 1878 1837 nomina,
1911 1776 1997 1839 qui
2034 1774 2346 1824 frumentum
2378 1775 2554 1837 capie-

1489 1852 1638 1901 bant.
1705 1853 1755 1900 si
1781 1852 1865 1917 qui
1892 1852 2338 1911 morerentur-‚vei
2364 1852 2555 1913 migra·

1490 1936 1623 1982 rent,
1645 1928 1806 1976 erasis
1830 1926 2122 1976 nominibus
2154 1928 2242 1976 alii
2266 1927 2554 1977 substitue-

1489 2004 1700 2067 bantur,
1741 2006 1823 2054 vei
1856 2018 1950 2068 per
1984 2019 2202 2054 auuouoe
2232 2003 2553 2068 prefectum,

1489 2082 1571 2130 vel
1619 2095 1714 2144 per
1768 2080 1878 2143 ejus
1930 2079 2226 2128 dividendae
2271 2086 2555 2129 curatores.

1489 2157 1646 2206 Nunc
1683 2155 1843 2218 igitur
1876 2154 2038 2203 dicit:
2074 2155 2131 2203 Si
2165 2154 2253 2217 qui
2277 2153 2553 2204 substituti

1490 2238 1675 2296 postea
1698 2238 1754 2280 et
1776 2229 2208 2292 subscripti‚jure
2231 2243 2332 2278 nou
2367 2229 2429 2278 iis
2463 2229 2552 2278 de·

1490 2307 1757 2368 bebatur;
1809 2320 1976 2370 neque
2041 2305 2173 2352 enim
2243 2304 2553 2367 promissum

1489 2390 1626 2438 erat,
1659 2382 1753 2430 nisi
1780 2380 1866 2444 qui
1895 2388 2018 2429 tunc
2043 2385 2215 2428 esseut
2242 2396 2253 2425 =
2291 2388 2344 2427 at
2373 2378 2555 2440 Traja-

1489 2475 1585 2509 nus
1613 2467 1783 2508 tamen
1810 2458 2031 2522 benigue
2050 2458 2208 2507 etiam
2227 2458 2316 2508 bos
2331 2455 2555 2506 admisit.

1492 2535 1666 2586 Aliter
1681 2543 1838 2599 atque
1851 2533 2141 2599 Augustus,
2156 2534 2415 2600 qui‚‘cum
2432 2547 2552 2583 cou-

1492 2613 1657 2675 giario
1685 2611 1958 2675 proposito
1992 2612 2183 2660 multos
2216 2610 2554 2661 manumissos

1491 2689 1817 2751 insertosque
1836 2687 2022 2736 civium
2049 2701 2261 2736 numero
2276 2687 2556 2750 comperis-

1490 2772 1592 2826 set,
1628 2765 1840 2827 negavit
1877 2772 2207 2827 accepturos,
2230 2764 2413 2828 quibus
2439 2777 2555 2826 pro·

1492 2840 1705 2890 missum
1760 2854 1863 2890 nou
1919 2839 2097 2904 esset:
2152 2841 2366 2890 Suetou.
2414 2839 2553 2903 Aug.

1493 2931 1542 2966 c.
1567 2920 1650 2964 ⁴2.
1683 2916 1821 2978 Lipa-

1558 2994 1623 3040 Iu
1640 2994 1791 3040 locum
1812 3005 2051 3039 erasurum
2073 2989 2273 3053 subditi]
2310 2989 2555 3052 Imperiti

1491 3068 1685 3118 librarii
1712 3069 1761 3116 iu
1785 3067 1967 3116 codice
1984 3065 2188 3117 Veneto
2209 3081 2478 3128 eroget-um,
2500 3073 2557 3117 et

1494 3146 1546 3193 iu
1569 3143 1948 3208 salisburgensi
1971 3158 2231 3192 ‹tr-uasorum
2248 3152 2526 3193 exararant
2538 3160 2554 3203 ;

1492 3222 1586 3271 sed
1611 3222 1662 3270 iu
1688 3230 1907 3285 utroque
1933 3221 2102 3269 verior
2125 3221 2283 3270 lectio
2298 3235 2558 3283 erasurum,

1482 3299 1594 3361 jam
1631 3298 1695 3345 ab
1740 3298 1956 3361 antiqua
1997 3310 2150 3345 manu
2199 3297 2556 3360 superscripta

1493 3381 1595 3422 est.
1666 3372 1769 3423 Qui
1817 3387 1937 3420 vero
1981 3372 2223 3422 dicantur
2265 3373 2408 3428 erasi,
2442 3372 2554 3437 jam

1492 3448 1723 3499 dilucide
1759 3445 2042 3511 explicavit
2078 3448 2300 3510 Lipsius.
2364 3449 2427 3498 In
2468 3450 2556 3497 bo·

1493 3540 1604 3574 rum
1648 3538 1772 3588 ergo
1826 3524 2016 3579 locum,
2063 3524 2285 3587 Trajano
2331 3524 2556 3586 benigue

1494 3603 1856 3667 permittente,
1899 3616 2017 3650 mox
2063 3603 2146 3650 alii
2194 3609 2315 3652 suut
2357 3603 2555 3665 subditi,

1492 3682 1528 3730 i.
1552 3695 1597 3728 e.
1623 3680 1909 3742 substituti,
1930 3681 2039 3730 sive
2064 3678 2288 3730 suffecti.
2337 3682 2423 3730 Sic
2443 3696 2555 3730 ver·

1492 3757 1560 3807 bo
1593 3758 1608 3785 ⁸
1626 3756 1877 3806 subdere'
1912 3759 2076 3806 utitur
2099 3758 2213 3807 Cic.
2237 3758 2390 3807 Verr.
2417 3762 2557 3806 vno.

1491 3840 1506 3864 ‘
1524 3835 1671 3887 Quos
1696 3835 1745 3883 in
1770 3848 1947 3883 eorum
1969 3835 2133 3882 locum
2159 3833 2393 3883 subditos
2417 3833 2556 3883 domi

1492 3923 1601 3959 suae
1629 3910 1952 3959 reservavit!
2018 3910 2089 3958 Et
2129 3925 2223 3973 pro
2252 3909 2422 3959 Domo
2444 3924 2555 3972 sua,

1492 4000 1539 4036 c.
1562 3990 1643 4035 88.
1679 3988 1695 4014 ‘
1722 3988 1851 4039 Quis
1875 3987 1925 4034 iu
1951 4001 2119 4036 meum
2146 3986 2555 4051 locumjudicem

1492 4059 1723 4109 subdidit
1746 4060 1782 4110 θ’
1847 4060 1959 4110 Hos
1995 4060 2327 4123 substitutos,
2358 4070 2430 4117 et,
2464 4060 2556 4109 de-

1493 4150 1633 4186 mum
1654 4146 1769 4199 post
1789 4136 2005 4200 Trajaui
2024 4137 2330 4200 promissum
2353 4135 2561 4197 congia-

1493 4213 1648 4273 rium,
1672 4214 1861 4261 tabulis
1895 4211 2206 4274 adscriptos,
2227 4210 2557 4260 nibilominus

1491 4288 1968 4353 indulgentissimus
1992 4287 2075 4338 liic
2101 4288 2347 4352 princeps
2371 4287 2559 4337 admit-
