3060 4902
539 351 669 416 840

537 517 590 558 et
616 522 748 564 meo.
774 508 894 556 item
916 508 964 556 in
984 506 1212 557 editione
1237 507 1365 557 Rob.
1383 509 1602 571 Stepha-

539 586 609 641 ni,
636 599 729 648 pro
750 600 909 648 super,
927 584 1114 645 legitur
1132 599 1293 647 supro.
1331 585 1473 634 Nihil
1491 586 1604 649 qui·

539 665 654 711 dem
693 660 875 723 refert,
915 671 1031 711 utra
1066 663 1243 711 harum
1277 664 1603 726 praepositio-

535 754 655 791 num
668 739 1117 799 admittatur,cum
1136 739 1453 801 potissimum
1465 755 1601 789 com-

537 817 786 881 pendiosa
806 816 1063 868 scribendi
1090 816 1224 864 ratio
1252 817 1599 878 promiscuum

536 893 650 943 fere
674 908 849 943 earum
875 908 1021 943 usum
1058 892 1438 941 introduxerit:
1476 894 1601 942 reti-

536 986 636 1020 neo
663 977 837 1019 tamen
873 985 1030 1032 super,
1052 969 1186 1032 quod
1225 970 1275 1016 in
1311 969 1519 1033 reliquis
1544 970 1600 1017 li-

539 1050 644 1099 bris
671 1050 933 1111 vulgatum
960 1047 1296 1110 deprehendi.
1335 1049 1484 1096 Idem.

605 1124 819 1187 Ceteros]
851 1126 1060 1175 Quanta
1095 1132 1152 1173 tu
1187 1124 1459 1187 majestate
1489 1138 1599 1185 eos,

539 1208 685 1252 tanta
722 1202 795 1250 illi
825 1200 1083 1263 dignitate
1104 1207 1356 1263 superant
1376 1206 1601 1252 ceteros.

542 1280 691 1328 Beni.

604 1356 662 1404 Si
686 1353 848 1416 unius]
883 1353 983 1403 Hae
1008 1353 1205 1402 voculae
1240 1353 1291 1401 in
1328 1352 1491 1403 tribus
1515 1367 1601 1403 co-

536 1433 735 1482 dicibus
761 1433 891 1481 Mss.
915 1432 1098 1482 vitiose
1121 1439 1240 1481 sunt
1261 1432 1491 1495 scriptam
1539 1433 1601 1480 In

533 1524 674 1565 meo,
700 1511 797 1559 Sed
832 1509 1004 1568 unius,-
1037 1510 1087 1559 in
1124 1509 1521 1571 salisburgensi,
1543 1510 1604 1559 Si

532 1588 649 1644 uui,·
687 1589 736 1636 iu
757 1587 963 1636 Veneto
989 1591 1033 1635 1.
1068 1588 1127 1635 Si
1149 1602 1285 1635 unus.
1349 1585 1453 1634 Sed
1478 1600 1603 1635 sann

539 1672 620 1713 est
664 1665 886 1726 vulgaris
948 1663 1122 1712 lectio.
1189 1661 1603 1723 Argumentatur

540 1741 741 1790 Plinius
776 1754 805 1788 a
840 1740 1023 1788 minori
1062 1738 1125 1785 ad
1157 1740 1354 1800 majus:
1410 1739 1464 1787 Si
1492 1740 1602 1787 uni·

537 1831 653 1864 cum
679 1815 934 1863 duntaxat
955 1814 1108 1863 tertio
1127 1816 1386 1862 consulem
1412 1815 1462 1863 in
1480 1831 1599 1865 eun-

535 1894 653 1943 dem
678 1908 867 1941 annum
892 1892 1158 1942 consulatu
1184 1892 1603 1958 condecorassea,

538 1977 590 2019 et
618 1970 709 2019 tibi
733 1970 785 2018 in
811 1976 900 2017 tuo
919 1968 1074 2017 tertio
1095 1969 1366 2018 consulatu
1388 1969 1605 2031 adjunx-

536 2048 664 2097 isses
681 2046 965 2108 collegam3
991 2046 1101 2109 jam
1124 2045 1290 2108 magni
1308 2045 1462 2094 animi
1486 2062 1599 2108 spe·

534 2125 704 2171 cimeu
753 2122 959 2171 dedisse
1004 2121 1377 2171 existimandus
1426 2138 1600 2173 esses:

535 2201 682 2264 quid,
719 2199 855 2264 quod
887 2200 1014 2248 duos
1055 2201 1210 2249 tertio
1238 2201 1477 2250 consules
1504 2215 1604 2249 uno

534 2277 585 2327 in
607 2292 741 2326 anno
759 2278 988 2340 collegas
1002 2277 1298 2326 adscivisti?
1345 2277 1604 2339 Interjec-

533 2362 590 2402 ta
611 2354 784 2414 verba,
802 2368 967 2416 usque
992 2352 1055 2401 ad
1075 2354 1208 2408 ltaec,
1236 2353 1251 2380 ⁸
1273 2354 1357 2417 qui
1378 2354 1604 2416 capienti

535 2430 734 2494 dedit,'
783 2430 981 2480 Plinius
1022 2430 1166 2494 quasi
1203 2444 1293 2492 per
1330 2426 1606 2493 παρένθεσιν

533 2509 686 2559 dixit.
754 2509 861 2557 Cur
898 2523 1019 2556 vero
1055 2508 1278 2570 ingentis
1307 2507 1460 2555 animi
1484 2522 1602 2570 spe-

536 2585 703 2634 cimen
738 2584 1041 2645 habebatur,
1067 2584 1107 2631 si
1143 2584 1382 2645 princeps
1406 2598 1468 2632 ex
1499 2586 1601 2647 pri-

534 2665 668 2711 vatis
694 2662 790 2710 sibi
810 2663 1060 2724 collegam
1081 2661 1396 2717 adsumeret,
1415 2669 1468 2710 et
1491 2663 1599 2724 qui·

533 2739 651 2789 dem
678 2741 727 2789 in
745 2740 1009 2788 consulatu
1034 2739 1171 2800 paris
1195 2739 1429 2787 numeri?
1464 2740 1602 2790 Quia

533 2831 738 2879 nempe,
762 2823 918 2879 prout
951 2815 1227 2863 Salmasius
1252 2814 1313 2862 ad
1340 2816 1601 2877 Spartian.

534 2894 583 2941 in
610 2891 901 2954 Hadriano,
924 2906 1040 2954 cap.
1064 2894 1112 2938 8.
1136 2891 1384 2954 ostendit,
1409 2892 1474 2939 de
1497 2891 1600 2940 fas-

535 2969 666 3033 tigio
710 2982 803 3017 suo
849 2967 1173 3017 descendere
1217 2967 1601 3031 quodammodo

530 3045 930 3095 existimabatur
945 3046 1308 3108 imperator,et
1327 3047 1374 3093 in
1392 3061 1598 3108 aequum

532 3126 709 3174 venire
745 3138 857 3173 cum
884 3124 1124 3186 privatis,
1156 3122 1274 3170 dum
1301 3137 1414 3171 eum
1441 3124 1600 3172 liono-

531 3216 637 3249 rem
664 3217 762 3250 non
798 3202 954 3263 solus,
978 3200 1068 3249 sed
1108 3215 1223 3250 cum
1250 3202 1431 3257 altero,
1456 3215 1599 3264 gere·

530 3285 632 3326 ret.
667 3278 905 3327 Schwnrz.

601 3355 813 3402 Eundem
835 3354 885 3401 in
910 3355 1108 3418 annum]
1144 3356 1263 3405 Non
1283 3355 1441 3405 etiam
1457 3368 1600 3404 men·

529 3445 635 3489 ses,
659 3432 794 3495 quod
820 3429 1009 3480 fecisti.
1043 3432 1177 3495 Lips.

598 3508 842 3562 Quantum
863 3508 1001 3570 velis]
1035 3507 1188 3558 Quod
1228 3508 1451 3572 principi
1476 3522 1597 3558 eve-

531 3583 638 3631 nit:
676 3582 762 3646 qui
785 3581 1000 3645 Jupiter
1023 3584 1154 3631 alter
1188 3584 1238 3631 iu
1266 3586 1435 3634 terris.
1505 3585 1597 3633 Se-

530 3673 660 3707 neca
679 3659 726 3706 in
757 3672 978 3720 persona
997 3660 1140 3723 ejus:
1179 3660 1194 3688 ⁸
1220 3660 1437 3710 Qualem
1457 3662 1595 3725 quis-

533 3750 633 3798 que
657 3742 847 3784 sortem
869 3741 1167 3799 statumque
1185 3737 1456 3798 habeat,in
1483 3753 1596 3787 mea

529 3828 685 3864 ttianu
712 3812 932 3875 positum
957 3819 1035 3861 est
1056 3829 1068 3862 :
1108 3813 1231 3876 quid
1252 3814 1437 3878 cuique
1460 3829 1597 3864 mor-

531 3891 710 3942 talium
746 3890 974 3938 Fortuna
996 3890 1172 3939 datum
1199 3890 1343 3947 velit,
1367 3905 1483 3941 meo
1506 3906 1597 3943 ore

530 3965 873 4033 pronunciat!
904 3967 1058 4016 Idem.

596 4044 859 4095 Proemz'um
871 4042 1019 4107 cepit]
1043 4042 1294 4108 Equidem
1311 4044 1459 4105 alias,
1478 4050 1491 4073 ⁸
1510 4059 1596 4095 ca·

529 4134 654 4184 pere
672 4123 686 4145 ’
717 4121 1091 4185 magistratum,
1120 4122 1356 4177 bonores,
1388 4122 1598 4185 pecuni-

530 4209 604 4251 as,
627 4195 871 4258 fructum,
895 4205 949 4247 et
984 4197 1191 4258 similia,
1226 4212 1369 4260 soepe
1402 4199 1595 4261 simpli·

530 4272 684 4335 citer,
707 4279 762 4331 et
790 4273 900 4323 siue
933 4281 1175 4340 respectu
1202 4274 1473 4339 dignitatis
1512 4276 1598 4326 vel

1231 367 1449 416 No'rAE
1499 368 1592 415 vA
1610 367 1847 416 mortu
1862 367 1907 415 M
1963 368 2046 417 ΙΝ

1682 508 2013 572 capacitatis,
2076 507 2273 559 dicitnr
2326 523 2443 573 pro.
2482 511 2744 576 accipere,

1680 587 1943 649 consequi.
2000 585 2304 648 impetrare.
2384 587 2471 636 Sic
2524 588 2747 642 Sueten.

1682 662 1809 710 Ner.
1842 677 1961 725 cap.
1994 666 2078 711 44.
2124 663 2140 690 ⁸
2166 661 2210 710 Α
2247 661 2572 713 delatoribus
2595 679 2743 714 revo-

1677 738 1843 787 canda
1862 739 2092 800 praemia,
2109 753 2432 803 quaecunque
2449 741 2746 804 cepissent!

1679 814 1838 865 Ovid.
1869 829 1933 863 ex
1966 814 2134 865 Ponto
2168 828 2257 865 tn.
2290 820 2337 865 8.
2360 821 2443 866 43.
2479 825 2495 847 ⁸
2521 818 2746 868 Premia

1678 907 1773 942 nec
1820 892 2012 942 Chiron
2054 892 2121 941 ab
2164 891 2355 943 Achilli
2390 895 2520 943 talia
2566 894 2745 957 cepit}

1675 969 1781 1018 Sed
1806 970 1902 1018 hoc
1926 971 2040 1019 loco
2066 969 2272 1034 Lipsius
2292 970 2507 1021 verbum
2523 972 2646 1036 cepit
2671 974 2745 1021 in·

1679 1054 2022 1110 terpretatur,
2047 1053 2244 1110 ‘capax
2263 1049 2461 1111 praeniii
2483 1057 2540 1098 et
2562 1050 2744 1113 dignus

1677 1121 1813 1174 fuit!
1881 1124 2055 1172 Etiam
2090 1124 2352 1174 Baudius:
2387 1127 2403 1154 ⁸
2428 1126 2592 1188 Cepit,
2627 1127 2661 1175 ἰ.
2696 1141 2746 1180 e.

1678 1213 1839 1262 capax
1887 1198 2018 1261 fuit3
2074 1215 2192 1251 uam
2224 1201 2531 1265 simpliciter
2574 1217 2745 1260 nemo.

1681 1284 1922 1339 tanquam
1986 1291 2203 1342 magnus
2258 1277 2747 1345 memorandnsqae,

1681 1351 1964 1401 laudandus
1986 1353 2052 1402 ob
2076 1354 2296 1404 honores
2320 1361 2569 1418 acceptos
2590 1372 2605 1414 ;
2627 1356 2746 1421 quia

1679 1443 1819 1490 sape
1853 1432 2018 1491 gratia
2053 1432 2373 1496 nequitatem,
2396 1431 2615 1482 ambitio
2650 1434 2747 1482 vir⁴

1681 1514 1868 1569 tutem,
1910 1507 2108 1558 vincit!
2174 1508 2329 1559 Adde
2371 1509 2471 1574 his,
2518 1511 2744 1563 Plinium

1670 1583 1783 1645 jam
1808 1597 1907 1632 non
1931 1583 2142 1646 dixisse,
2158 1585 2472 1636 laudandum
2496 1595 2553 1636 et
2585 1587 2749 1650 illuni,

1680 1659 1767 1723 qui
1821 1660 2028 1709 tertium
2072 1662 2399 1712 consulatum
2446 1666 2749 1727 accept-rin

1679 1734 1791 1794 sed,
1816 1736 1903 1798 qui
1928 1736 2204 1784 meruerit:
2241 1737 2457 1799 curjain
2473 1752 2593 1787 eum
2609 1753 2750 1803 mag-

1679 1826 1798 1860 num
1836 1813 2322 1879 memorandumque
2359 1817 2617 1878 appellet,
2657 1817 2746 1883 qni

1679 1901 1779 1934 non
1814 1887 1907 1934 nisi
1945 1889 2209 1951 acceperit
2245 1893 2568 1941 consulatum
2604 1894 2751 1944 terti·

1680 1964 1800 2012 um?
1855 1964 2298 2016 verisimillimum
2344 1967 2507 2030 igitur
2550 1975 2654 2027 est.
2693 1973 2747 2022 in

1680 2040 1837 2088 verbo
1866 2040 1990 2104 cepit
2028 2042 2272 2105 majorem
2315 2043 2523 2106 ἔμφασιν
2564 2048 2751 2098 latere·

1677 2119 1691 2145 ⁸
1716 2118 1918 2181 Capere
1935 2116 1950 2137 '
1986 2133 2112 2182 ergo
2136 2121 2152 2147 ⁸
2181 2123 2490 2183 praeminm‚’
2512 2125 2611 2173 hoc
2635 2126 2749 2176 loco

1677 2202 1841 2253 notat,
1867 2196 2076 2257 dignum
2097 2203 2153 2246 et
2177 2197 2419 2248 idoneum
2437 2214 2555 2249 esse
2574 2201 2641 2250 ad
2661 2216 2749 2251 ac·

1679 2274 1974 2336 cipiendum
2014 2276 2308 2337 premium,
2331 2277 2549 2340 alicujus
2590 2278 2749 2329 bene·

1677 2351 1795 2402 ficia
1830 2361 1886 2402 et
1923 2354 2138 2417 praemia
2170 2356 2430 2407 sustinere
2468 2371 2644 2421 posse,
2666 2360 2753 2408 iis-

1678 2444 1777 2494 que
1802 2445 1975 2495 parem
2015 2445 2151 2482 esse.
2219 2432 2382 2497 Cujus
2406 2434 2634 2485 notionis
2658 2450 2750 2485 ex·

1678 2510 1846 2572 empla
1882 2509 2116 2574 quaedam
2143 2511 2251 2574 jam
2288 2525 2473 2575 supra,
2493 2512 2561 2563 ad
2596 2527 2750 2565 xavr.

1676 2593 1724 2636 5.
1746 2587 2006 2636 annotavi.
2072 2587 2320 2638 Similiter
2356 2594 2413 2638 et
2449 2590 2562 2639 Cic.
2599 2591 2750 2645 Fan·

1679 2676 1738 2712 n.
1774 2668 1824 2712 6.
1866 2663 2190 2725 distinguere
2216 2664 2424 2713 videtur
2447 2665 2592 2716 inter
2623 2671 2640 2695 ⁸
2662 2681 2750 2717 ae·

1675 2738 1867 2802 cipere'
1906 2746 1960 2789 et
1998 2739 2014 2766 ⁸
2038 2739 2268 2804 capere.’
2332 2741 2561 2806 ‘Neque
2608 2744 2755 2801 enim

1675 2831 1784 2864 suin
1829 2814 2063 2878 veritus‚’
2101 2817 2283 2881 inquit,
2329 2819 2344 2847 ⁸
2379 2832 2446 2868 ne
2485 2821 2748 2870 sustinere

1677 2901 1762 2941 tua
1789 2893 1838 2941 in
1864 2907 1944 2941 me
1970 2893 2049 2941 vel
2074 2892 2468 2943 innumerabilia
2483 2894 2749 2948 beneficia

1676 2985 1775 3018 non
1815 2984 2061 3033 possem;
2095 2985 2212 3020 cuin
2254 2972 2546 3034 praesertim
2582 2974 2751 3024 confi·

1675 3046 1871 3107 derem,
1907 3046 2097 3095 nullam
2133 3060 2251 3097 esse
2297 3048 2541 3111 gratiam,
2588 3064 2748 3115 quana

1676 3136 1775 3170 non
1803 3122 1883 3170 vel
1918 3134 2107 3184 capere
2140 3124 2338 3173 animus
2369 3139 2518 3174 meua
2553 3128 2752 3191 accipis

1675 3197 1830 3258 endo,
1870 3199 1951 3247 vel
1993 3198 2371 3265 remunerando
2404 3203 2751 3254 cumulando·

1676 3290 1774 3337 que
1813 3274 2072 3324 illustrare
2108 3274 2325 3339 posset.'
2389 3277 2511 3327 Hoc
2539 3284 2646 3343 est,
2679 3295 2749 3331 ex

1674 3352 1898 3400 Manutii
1919 3353 2386 3414 interpretatione:
2425 3354 2549 3404 Non
2564 3355 2644 3406 ita
2658 3372 2751 3407 an·

1676 3436 1827 3490 gusto
1851 3426 2018 3476 animo
2040 3442 2171 3490 sum,
2196 3437 2255 3480 ut
2277 3430 2359 3480 vel
2372 3432 2750 3495 amplissimam

1676 3506 1894 3569 gratiam
1961 3518 2154 3569 capere
2208 3520 2314 3557 nou
2374 3510 2590 3573 possim,
2650 3516 2757 3567 etc.

1675 3583 1927 3633 Quinctil.
1953 3584 2187 3634 Declam.
2211 3588 2330 3634 881.
2360 3585 2375 3613 ⁸
2402 3586 2525 3636 Non
2547 3597 2633 3639 eat
2656 3590 2753 3640 bu·
2784 3648 2792 3654 ⁸

1674 3659 1808 3708 milis
1848 3659 2098 3722 pectoris,
2138 3660 2436 3711 libertatem
2481 3664 2751 3726 publicam

1674 3735 1904 3799 capere.'
1972 3736 2070 3786 Ubi
2094 3737 2447 3790 Burmannus:
2486 3739 2533 3789 1.
2554 3756 2606 3792 e.
2631 3757 2752 3794 aen·

1677 3814 1775 3864 tire
1797 3822 1850 3863 et
1874 3815 2188 3878 intelligere,
2210 3817 2391 3881 quanti
2408 3818 2569 3880 pretii
2585 3819 2751 3871 liber·

1676 3896 1757 3939 tas
1781 3891 1870 3939 sit.
1917 3890 2121 3940 Seneca
2146 3890 2360 3942 Hercul.
2382 3892 2505 3942 Fur.
2533 3909 2608 3944 vs.
2632 3901 2753 3948 412.

1604 4002 1608 4006 .
1677 3973 1691 3995 ‘
1728 3966 1846 4016 Hoc
1883 3966 2049 4031 ipsum
2095 3967 2286 4031 placet,
2326 3968 2523 4020 Aninio
2574 3972 2751 4024 ruinas

1675 4043 1811 4108 quod
1837 4043 1981 4106 capis
2006 4057 2193 4107 magno
2216 4042 2369 4095 tuas.'
2415 4045 2556 4096 Vide
2581 4047 2753 4098 Hein-

1673 4121 1804 4170 sium
1822 4120 1885 4168 ad
1914 4120 2072 4171 Ovid.
2097 4121 2318 4171 Remed.
2344 4135 2413 4171 ra.
2434 4126 2555 4173 8⁹2.
2590 4124 2753 4189 Equi·

1675 4197 1791 4246 dem
1818 4197 2201 4260 Berneggerua.
2229 4211 2262 4248 a
2285 4197 2447 4260 Lipsii
2469 4200 2752 4264 explicati·

1674 4287 1771 4329 one
1805 4272 2003 4331 abiens.
2037 4272 2271 4343 addidit=
2321 4274 2505 4349 Malim
2544 4277 2630 4330 bic
2670 4279 2753 4333 im
