3060 4902
568 386 698 454 896

574 551 725 600 Fabri
742 549 866 610 filia,
887 548 1137 598 Licinium
1160 547 1294 596 lumc'
1310 549 1490 595 Suram
1503 548 1628 594 Tra·

559 630 717 692 janus
753 628 958 675 demum
1001 641 1134 673 auno
1171 628 1383 688 quincto
1424 623 1627 685 imperii

567 709 642 752 sui
672 703 906 766 pra-fecit
933 703 1209 766 praetori03
1246 716 1360 751 cum
1388 702 1627 761 Panegy-

567 781 825 843 ricusjam
866 794 1000 828 anno
1038 779 1201 840 ipsius
1235 778 1437 839 imperii
1475 776 1629 823 tertio

565 857 774 906 habitus
799 865 956 903 esset.
1026 856 1210 918 ltaque
1231 862 1319 902 aut
1343 854 1470 901 alius
1499 867 1627 915 prae·

565 934 737 985 fectus
772 932 1162 994 intelligendus,
1188 931 1268 978 cui
1313 931 1412 978 ista
1441 929 1629 977 dixerit

561 1012 848 1075 Trajanus3
897 1018 1007 1070 aut,
1050 1009 1186 1072 quod
1220 1023 1374 1071 snpra
1414 1007 1630 1069 conjeci,

564 1089 780 1150 factum,
801 1088 938 1152 quod
957 1088 1120 1134 altero
1142 1086 1343 1133 demum
1359 1099 1491 1132 auno
1513 1092 1631 1147 post

568 1165 951 1226 Panegyricum
990 1163 1220 1210 habitum
1261 1162 1496 1222 contigit.
1532 1161 1630 1209 sal-

567 1248 669 1290 tem
691 1240 1003 1304 postliminio
1021 1239 1258 1286 brevibus
1278 1239 1448 1286 verbis
1469 1238 1631 1286 inser·

567 1324 677 1367 tum
703 1327 783 1365 est
807 1316 1154 1380 Panegyrico.
1189 1316 1339 1364 Idem.

633 1394 840 1455 Agitur-e
872 1408 1028 1442 secum
1064 1393 1276 1454 videtur]
1311 1391 1490 1440 Codex
1528 1392 1628 1440 Pa·

567 1469 656 1517 ris.
683 1483 775 1531 pro
797 1470 1004 1529 agitare,
1039 1466 1202 1517 refert
1236 1467 1464 1529 agitasse.
1530 1467 1630 1515 Co-

568 1545 669 1596 dex
693 1546 1097 1606 salisburgensis
1141 1552 1192 1593 et
1229 1559 1389 1605 meus,
1429 1558 1519 1605 pro
1555 1545 1628 1591 vi·

566 1625 725 1683 delur,
760 1622 954 1670 habent
990 1622 1250 1670 videretur.
1316 1621 1496 1669 Codex
1533 1622 1631 1669 Pa·

567 1699 770 1748 tavinus
794 1707 844 1748 et
875 1699 1005 1746 liber
1026 1699 1328 1757 Vossianus,
1359 1713 1454 1760 pro
1495 1698 1628 1746 voci·

566 1777 662 1824 bus
699 1790 887 1823 manum
923 1776 1123 1829 armavi,
1162 1789 1338 1837 partim
1378 1781 1501 1837 apte
1540 1776 1628 1822 ha·

566 1851 688 1900 bent
714 1852 918 1898 animum
940 1850 1136 1898 armavi.
1198 1849 1377 1899 Codex
1404 1850 1627 1913 denique

566 1941 710 1974 meus
736 1927 843 1973 liaec
879 1926 1055 1987 verba,
1089 1927 1169 1973 sed
1200 1941 1258 1974 ne
1281 1927 1489 1974 Deorum
1524 1927 1629 1988 qm‘·

562 2004 668 2050 dem
689 2007 770 2051 aul
795 2004 934 2062 iram,
964 2009 1046 2050 aut
1079 2002 1438 2063 negligentiam,
1464 2004 1627 2064 depre-

562 2094 657 2134 cor,
682 2081 755 2126 sic
782 2080 1017 2126 mutilata
1045 2094 1103 2125 ar·
1128 2087 1372 2139 corrupta
1395 2078 1625 2138 exbibet,

561 2157 644 2204 sed
664 2155 875 2204 Deorum
894 2155 1078 2216 quidem
1096 2156 1215 2203 iram
1230 2157 1465 2217 deprecor.
1491 2157 1624 2204 Ean·

565 2232 680 2279 dem
707 2233 1054 2295 corruptelam
1088 2233 1243 2280 etiam
1278 2232 1444 2281 codex
1470 2233 1627 2279 Salis·

566 2309 830 2368 burgensis
877 2324 904 2356 a
953 2309 1115 2371 prima
1156 2323 1308 2356 mauu
1361 2307 1625 2371 prodidi13

563 2400 715 2445 quam
742 2399 863 2432 vero
887 2385 1142 2446 posterior
1176 2384 1409 2449 quadam
1447 2397 1626 2432 manus

563 2464 874 2513 emendavit.
943 2463 1046 2511 Sed
1085 2477 1253 2526 neque
1279 2463 1495 2510 Bebrius
1520 2463 1623 2510 Ge-

562 2539 804 2587 dauensis
823 2540 1001 2586 horum
1021 2539 1290 2584 vorborum
1316 2539 1625 2586 seutentiam

562 2617 684 2662 satis
717 2614 1009 2676 percepisse
1045 2614 1265 2673 videtur,
1300 2627 1414 2661 cum
1455 2629 1514 2660 ea
1553 2616 1626 2661 sic

562 2689 869 2751 corrigenda
895 2689 1174 2749 censuerit,
1207 2688 1304 2736 Sed
1339 2703 1396 2736 ne
1415 2689 1626 2736 Deorum

561 2767 749 2827 quidem
783 2770 866 2813 aut
911 2765 1035 2812 iram
1071 2766 1308 2826 deprecor,
1345 2771 1428 2813 aut
1474 2767 1624 2825 negli-

556 2843 770 2904 gentiam
804 2857 982 2905 precor.
1053 2842 1113 2889 Id
1154 2843 1324 2904 potius
1364 2844 1521 2891 voluit
1549 2844 1625 2890 di-

561 2933 683 2968 cere
706 2919 986 2982 Trajanus:
1028 2920 1154 2981 Ego,
1177 2919 1216 2966 si
1237 2920 1459 2967 omnium
1487 2922 1624 2967 utili·

563 3004 641 3045 tas
666 2998 741 3045 ita
775 3003 972 3058 poscat,
1009 3004 1117 3059 aut,
1152 2997 1193 3048 si
1234 2998 1366 3044 male
1404 2998 1624 3057 impera·

561 3089 705 3133 vero,
741 3088 803 3121 ne
841 3073 1046 3136 quidem
1080 3087 1258 3132 renuo,
1292 3087 1351 3121 ac
1383 3074 1623 3136 precibus

561 3158 796 3199 avertere
835 3150 990 3206 nitor,
1026 3154 1083 3196 ut
1121 3149 1205 3197 Dii
1240 3147 1362 3196 mihi
1403 3148 1625 3196 irascan-

561 3232 664 3282 tur,
687 3232 777 3273 aut
810 3238 889 3272 me
922 3225 1205 3287 negligant,
1230 3240 1459 3287 meaeqne
1490 3224 1623 3272 salu·

561 3301 625 3347 tis
683 3301 872 3347 nullam
925 3300 1149 3349 babeant
1197 3301 1470 3350 rationem.
1538 3302 1624 3350 Sic

559 3389 680 3421 vero
701 3376 985 3435 Epicuraei«
1011 3378 1148 3425 Deus
1165 3376 1438 3426 dicebatur
1465 3386 1477 3407 ⁴
1499 3392 1621 3441 neg-

555 3452 717 3511 ligere
753 3453 1022 3514 homiues,'
1049 3469 1261 3516 quorum
1289 3470 1403 3504 eum
1430 3458 1621 3505 nullam

557 3539 735 3574 curam
782 3527 972 3577 babere
1027 3531 1395 3589 opinabantur.
1465 3531 1620 3595 Apud

557 3602 740 3651 Senec.
785 3604 850 3650 de
894 3602 1082 3652 Benef.
1123 3618 1200 3653 iv.
1235 3611 1285 3655 4.
1334 3609 1488 3657 ‘Non
1532 3608 1625 3657 dat

559 3677 737 3741 Deus,’
775 3678 939 3741 iuquit
980 3681 1254 3743 Epicurus,
1296 3685 1311 3711 ‘
1340 3684 1622 3747 beneflcia3

554 3756 644 3803 sed
702 3769 932 3816 securus,
991 3762 1046 3804 et
1109 3758 1376 3820 negligens
1434 3763 1619 3823 nostri,

555 3846 765 3880 aversus
790 3846 820 3878 a
842 3830 1052 3893 mundo,
1083 3833 1221 3881 aliud
1262 3834 1386 3895 agit,
1418 3844 1505 3885 aut
1547 3839 1616 3886 ui-

554 3908 627 3957 hil
651 3907 798 3970 agitss
819 3911 916 3955 ὅτε.
953 3907 1100 3956 Idem.

623 3984 854 4043 Praefecli
894 3983 1104 4045 monum]
1151 3983 1431 4034 Historiam
1468 3989 1617 4036 istam

553 4069 606 4108 et
639 4062 797 4109 verba
835 4061 993 4121 ipsius
1015 4061 1220 4124 Trajaui
1257 4063 1555 4124 xiphilinus
1590 4081 1618 4111 e

558 4139 727 4186 Dione
762 4138 934 4192 babet,
961 4151 1078 4200 pag.
1105 4142 1219 4186 778.
1254 4140 1340 4187 ubi
1370 4140 1479 4202 jam
1519 4141 1618 4188 alia

554 4212 789 4275 quaedam
815 4213 878 4261 de
903 4212 1102 4264 Licinio
1135 4215 1258 4263 Sura
1285 4222 1618 4267 narraverat:

1261 401 1482 450 NOT'AE
1536 397 1941 449 VAatoRtJM
1990 391 2097 446 {N‘

1704 552 1717 573 ⁶
1744 544 1880 595 Quin
1914 544 2092 599 etiam,
2122 537 2237 592 cnm
2273 540 2494 607 primum
2531 531 2769 604 praefecti

1708 623 2134 684 praetorianarum
2202 620 2486 670 cohortium
2556 632 2768 667 munere

1704 697 1947 748 functuro
1985 699 2230 760 gladium,
2268 711 2368 761 quo
2405 693 2693 759 cingendus
2729 695 2770 743 is

1706 785 1840 837 erat,
1863 775 2120 839 praeberet
2145 774 2435 836 Trajanus3
2470 786 2535 820 eo
2560 771 2767 827 nudato.

1706 867 2011 915 sursumque
2049 860 2308 915 porrecto.
2339 853 2436 909 ait,
2457 848 2590 906 Λάβε
2626 849 2766 898 τοῦτο

1704 930 1762 976 τὸ
1783 927 1933 989 ξίφος,
1965 928 2060 980 ἵνα,
2086 926 2145 975 ἃν
2172 925 2261 987 μὲν
2294 928 2453 976 καλῶς
2482 925 2633 987 ἄρχω,
2659 924 2768 988 ὑπὲρ

1707 1005 1837 1065 ἐμοῦ,
1855 1006 1914 1053 ἃν
1930 1004 1981 1053 δὲ
2004 1007 2175 1066 κακῶς,
2191 1004 2295 1053 κατ’
2314 1005 2430 1062 ἐμοῦ
2448 1004 2579 1065 αὐτᾷ
2595 1000 2767 1068 χρήσῃ.

1705 1082 1884 1145 Accipe
1899 1083 2113 1143 gladium
2136 1081 2274 1136 hunc,
2299 1085 2352 1127 ut
2373 1096 2447 1142 eo,
2464 1081 2509 1128 si
2530 1084 2658 1128 recte
2678 1081 2769 1128 ias·

1701 1175 1878 1223 per-em,
1908 1174 1997 1222 pro
2034 1175 2107 1208 me
2124 1178 2142 1218 ,·
2187 1160 2264 1207 sin
2308 1160 2445 1213 male.
2482 1163 2652 1206 contra
2674 1171 2767 1217 ,ate

1705 1236 1890 1287 utaris?
1932 1238 2169 1287 Patarol.

1772 1312 2005 1373 Proefecli
2022 1313 2237 1376 monum]
2275 1310 2461 1361 Licinii
2486 1311 2656 1370 Sum,
2681 1308 2767 1372 qui

1706 1390 1953 1452 praetorio
1976 1387 2280 1451 praefectus;
2319 1402 2435 1436 nam
2471 1385 2608 1449 quod
2644 1386 2765 1435 Sex.

1705 1467 1902 1515 Victori
1960 1466 2261 1515 Saburauus
2318 1464 2531 1525 dieitur,
2586 1470 2764 1525 aperte

1705 1542 1947 1591 mendum
1973 1549 2070 1591 est.
2138 1542 2215 1589 De
2247 1540 2432 1588 illustri
2463 1540 2563 1588 boc
2594 1547 2766 1586 autem

1702 1619 1918 1682 Trajani
1973 1617 2118 1668 facto
2164 1615 2483 1681 Xipbiliuum
2538 1617 2676 1679 lege,
2716 1615 2767 1662 in

1708 1709 1807 1758 quo
1832 1695 2079 1756 corriges,
2101 1692 2184 1742 ὅτε
2204 1695 2388 1755 πρῶτον
2409 1692 2538 1753 αὐτῷ·
2563 1690 2769 1750 μέλλον-

1704 1789 1771 1826 τι,
1797 1789 1842 1820 κ.
1863 1789 1913 1820 τ.
1937 1780 1986 1819 λ.
2012 1777 2094 1820 est
2121 1771 2254 1818 enim
2280 1771 2365 1819 ille
2389 1771 2501 1831 ipse
2526 1769 2680 1828 Sura,
2702 1767 2769 1816 de

1705 1862 1806 1912 quo
1843 1848 2127 1910 praecessit,
2155 1853 2213 1896 ut
2242 1861 2272 1896 e
2304 1847 2511 1896 Zonara
2544 1853 2767 1895 constat.

1705 1923 1875 1975 Livin-
2158 1940 2167 1948 ·

1771 2001 2028 2064 Praesecti]
2076 2001 2292 2051 Factum
2338 2000 2542 2064 insigne
2582 2008 2637 2049 et
2679 1998 2768 2048 im-

1703 2077 1921 2126 mortale
1949 2077 2144 2139 taugit:
2181 2086 2237 2125 et
2262 2077 2419 2125 miror
2445 2078 2512 2125 ab
2536 2083 2765 2136 oratore,

1704 2154 1790 2215 qui
1836 2154 2035 2201 minora
2078 2153 2297 2215 diducit,
2345 2155 2487 2218 tangi
2544 2164 2770 2204 tantum.

1707 2228 1823 2288 Dio,
1848 2229 2102 2289 Zonaras,
2127 2228 2327 2290 Suidas,
2352 2228 2557 2293 Victor,
2588 2230 2665 2278 ita
2689 2243 2768 2278 re·

1703 2304 1910 2356 ferunt:
1945 2309 1959 2334 ⁸
1979 2306 2108 2354 Cum
2135 2304 2388 2369 praefecto
2408 2307 2637 2370 praetorii
2661 2308 2771 2369 gla-

1703 2383 1841 2430 dium
1868 2381 2120 2439 traderet,
2136 2383 2237 2447 quo
2252 2383 2452 2447 accingi
2472 2398 2590 2432 enm
2612 2385 2768 2433 moris

1701 2468 1801 2517 est,
1827 2460 2059 2519 strinxit,
2081 2469 2136 2508 et
2165 2459 2411 2508 nudatum
2442 2468 2647 2522 tenens,
2672 2462 2772 2525 ait,

1702 2537 1844 2599 Cape
1882 2538 2053 2594 istum,
2079 2544 2135 2586 et
2164 2537 2205 2584 si
2236 2545 2378 2586 recte
2417 2539 2770 2599 imperavero,

1704 2627 1796 2673 pro
1824 2626 1934 2672 τινες
1968 2612 2044 2659 siu
2070 2612 2241 2675 aliter,
2271 2620 2452 2661 contra
2476 2627 2558 2661 nie
2583 2612 2770 2662 utera!

1704 2687 1805 2735 Hic
1842 2702 2073 2751 caiupus,
2101 2687 2151 2736 iu
2189 2702 2289 2750 qno
2323 2689 2636 2749 exsultares,
2657 2687 2770 2736 Pli-

1703 2763 1788 2822 ni;
1824 2762 2115 2812 decebatue
2145 2772 2248 2812 tam
2277 2778 2480 2812 auream
2507 2778 2687 2813 vocem
2712 2768 2770 2814 et

1702 2855 1905 2888 sensum
1947 2847 2049 2889 tam
2097 2839 2243 2889 arido
2285 2848 2339 2889 et
2384 2853 2608 2904 propero
2646 2841 2775 2890 stilo

1702 2916 1884 2978 stringi
1913 2917 2146 2965 tantum?
2182 2915 2319 2978 Lips.

1765 2992 2025 3056 Praesecti]
2065 2991 2314 3042 Praefecti
2348 2994 2596 3055 praetorio
2632 3008 2769 3056 pre·

1703 3079 1785 3120 ter
1821 3073 1922 3120 alia
1957 3081 2009 3121 et
2045 3074 2241 3133 insigne
2278 3080 2391 3121 erat
2427 3073 2646 3134 gladius,
2682 3072 2771 3121 vel

1701 3149 1858 3212 ensis,
1904 3157 1992 3198 aut
2039 3150 2214 3211 pugio,
2254 3146 2406 3212 ξίφος,
2444 3163 2546 3211 quo
2583 3149 2773 3198 donari

1701 3234 1858 3289 atque
1913 3224 2112 3287 accingi
2163 3225 2368 3274 solebat
2415 3239 2444 3273 a
2490 3215 2772 3288 principe3

1701 3315 1851 3364 quem
1885 3309 1983 3350 nou
2023 3316 2278 3366 nunquam
2303 3310 2357 3350 et
2382 3301 2477 3365 ipsi
2509 3302 2775 3363 gerebant

1703 3379 2060 3441 imperatores.
2093 3378 2355 3441 Siquidem
2379 3379 2472 3427 soli
2500 3379 2775 3442 principes

1700 3464 1754 3502 et
1804 3452 2037 3516 praefecti
2084 3455 2346 3517 praetorio,
2389 3456 2564 3503 Romae
2613 3471 2778 3507 usum

1701 3531 1859 3593 gladii
1896 3530 2180 3591 habebant,
2206 3530 2392 3594 reliqui
2431 3525 2776 3594 magistratus

1701 3608 1861 3669 togati
1886 3611 2050 3657 eraut.
2119 3607 2196 3655 Eo
2233 3614 2407 3655 autem
2441 3621 2633 3655 merum
2668 3609 2781 3658 im-

1700 3683 1918 3747 perium,
1954 3690 2008 3732 et
2034 3682 2124 3746 jus
2158 3683 2279 3733 vitae
2304 3697 2366 3731 ac
2388 3683 2527 3733 necis
2550 3681 2780 3747 civium,

1699 3761 1823 3823 ipsis
1857 3759 2202 3815 tribuebatur.
2233 3759 2381 3821 cujus
2416 3768 2537 3808 uota
2571 3767 2624 3809 et
2657 3762 2783 3827 sig-

1698 3850 1818 3885 num
1843 3834 2058 3899 gladius.
2126 3834 2266 3884 Hinc
2301 3837 2317 3863 ‘
2337 3833 2491 3897 gladii
2514 3834 2526 3856 ⁹
2552 3850 2783 3896 nomeu,

1698 3913 1880 3961 Seuec.
1917 3912 2081 3961 Clem.
2108 3925 2149 3961 ι.
2176 3915 2254 3961 11.
2290 3922 2435 3961 notat
2469 3913 2486 3940 ⁴
2506 3927 2783 3967 summurn

1698 3987 2005 4051 imperium.’
2072 3989 2287 4037 Sueton.
2328 3988 2484 4037 Galb.
2518 4004 2567 4036 c.
2597 3994 2645 4039 2.
2673 3992 2787 4042 Vi·

1698 4067 1807 4114 tell.
1830 4081 1949 4128 cap.
1972 4069 2020 4114 8.
2043 4075 2099 4116 et
2133 4069 2147 4092 ‘
2169 4065 2395 4129 gladium
2422 4068 2652 4130 ponere-,⁵
2683 4080 2791 4121 est

1696 4144 1710 4170 ‘
1734 4142 2049 4205 praefectura
2073 4142 2300 4205 praetorii
2330 4142 2614 4192 abdicare?
2688 4146 2789 4199 Ut

1694 4218 1976 4282 Tigellinus
2014 4216 2146 4282 apud
2176 4218 2443 4267 Plutarch.
2479 4218 2530 4267 iu
2567 4220 2795 4277 Galba.
