3060 4902
548 319 721 387 1014

547 479 624 544 git
647 492 769 529 vcro
795 480 999 529 Plinius
1026 478 1348 543 potissimum
1367 494 1457 530 eos
1481 482 1609 532 libe·

545 571 651 616 τοι,
698 571 826 620 quos
878 557 969 605 Dii
1018 571 1082 604 ex
1127 555 1330 605 feminis
1376 559 1612 607 humanis

549 648 854 696 procreasse
879 634 1208 683 dicebantur.
1255 636 1359 683 Pro
1379 636 1611 699 Deorum,

544 724 720 760 omues
755 710 868 760 fere
901 712 1111 760 codices
1134 712 1267 760 Mss.
1298 712 1495 761 habent
1519 728 1608 775 ge·

546 787 767 836 nitivum
817 802 913 851 per
957 802 1221 852 syncopen
1261 796 1609 845 contractum,

544 862 725 926 Deum,
752 871 948 926 praeter
971 863 1316 926 Guelpbicum
1339 880 1355 925 ς
1392 865 1481 913 sed
1498 865 1608 929 jam

543 941 725 1002 primae
748 940 1006 989 editiones
1026 941 1323 1004 Puteolani,
1345 942 1610 1004 Beroaldi,

544 1017 804 1078 Catanaei,
836 1017 1158 1078 cuspiniani,
1193 1017 1534 1080 aliorumque,
1554 1033 1606 1067 e·

543 1094 819 1154 vulgarunt
846 1095 1053 1143 Deorum
1073 1111 1092 1152 ,·
1127 1110 1243 1157 quae
1269 1093 1425 1143 flexio
1449 1096 1605 1144 etiam

508 1168 826 1218 ‘discrimini
864 1171 1100 1232 genitivi,
1142 1171 1369 1231 Deorum,
1421 1173 1607 1221 melius

542 1246 850 1309 respondet,
872 1262 931 1295 ac
957 1263 1019 1296 ue
1038 1248 1375 1296 Ciceroniano
1396 1248 1604 1312 quidem

543 1336 655 1369 oevo
679 1321 1001 1372 adversatur.
1038 1323 1221 1371 Cicero
1243 1324 1379 1371 enim
1402 1324 1454 1371 iu
1472 1324 1604 1373 Ora·

541 1403 676 1453 tore,
699 1412 814 1460 cap.
833 1402 916 1446 46.
951 1400 967 1424 ‘
985 1397 1033 1447 A
1055 1399 1399 1462 quibusdam‚’
1423 1400 1606 1462 inquit,

540 1480 689 1522 ‘sero
714 1474 825 1538 jam
858 1475 1167 1524 emendatur
1188 1476 1494 1539 antiquitas,
1516 1476 1605 1540 qui

543 1549 660 1598 haec
709 1551 1129 1613 reprehendunt:
1164 1566 1280 1600 nam
1330 1566 1424 1613 pro
1447 1553 1608 1602 Deum

540 1632 682 1690 utque
723 1627 962 1675 hominum
988 1627 1161 1692 fidem,
1195 1629 1406 1677 Deorum
1447 1631 1608 1677 aiunt.

541 1703 790 1755 ...Quid
846 1719 1020 1753 verum
1065 1707 1155 1761 sit,
1202 1706 1473 1768 intelligo;
1513 1706 1603 1754 sed

542 1780 668 1828 alias
714 1780 787 1829 ita
827 1781 1027 1842 loquor,
1067 1788 1124 1829 ut
1163 1795 1459 1830 concessum
1505 1788 1605 1842 est,

536 1867 599 1906 nt
622 1858 737 1913 boc,
762 1860 842 1908 vel
869 1860 1004 1908 Proh
1026 1860 1186 1908 Deuns
1208 1859 1342 1921 dico,
1370 1860 1449 1907 vel
1475 1861 1607 1908 Prole

536 1934 791 1983 Deorum.’
839 1936 1092 1983 Scliwarz.
1561 1977 1567 1983 .

599 2010 657 2060 N
657 2026 706 2059 ec
723 2012 960 2073 dignitate
976 2014 1250 2074 nuptiarum
1264 2011 1445 2075 magis]
1470 2014 1603 2062 Par·

535 2087 712 2137 ticulae
756 2104 841 2138 nec
879 2090 1035 2150 magis
1079 2099 1340 2153 ponuntur
1378 2106 1474 2154 pro
1508 2106 1603 2139 non

535 2170 670 2224 taam·
715 2165 861 2229 quasi
902 2165 1096 2214 dixerit
1136 2166 1369 2214 Plinius:
1393 2169 1407 2194 ⁸
1432 2166 1602 2215 Video

537 2274 555 2290 .
581 2275 597 2292 .
619 2276 634 2291 .
657 2243 870 2292 maritos
908 2244 1158 2298 Deorum,
1181 2257 1243 2292 uc
1281 2244 1509 2293 Deorum
1548 2244 1605 2291 li·

536 2319 711 2380 beros,
755 2335 852 2370 non
912 2327 1016 2370 tam
1074 2320 1335 2383 dignitate
1398 2322 1603 2383 nuptia·

534 2410 669 2451 rum,
703 2411 855 2462 quam
890 2397 966 2444 his
1001 2397 1220 2459 artibus,
1261 2395 1604 2446 inclaruisse?

534 2471 716 2535 Nepos
764 2474 816 2521 in
871 2473 1134 2529 Miltiade,
1170 2488 1288 2536 cap.
1333 2477 1383 2522 2.
1436 2475 1603 2522 ‘Erat

532 2546 673 2597 iuter
697 2563 786 2598 eos
820 2548 1077 2611 dignitate
1113 2549 1293 2612 regia;
1333 2563 1500 2611 neque
1526 2549 1600 2608 id,

532 2624 700 2686 magis
748 2624 985 2686 imperio,
1022 2639 1173 2686 quam
1210 2625 1441 2687 justitia,
1481 2639 1602 2673 con·

530 2696 782 2749 secutus!
870 2698 998 2760 Aut,
1044 2701 1086 2747 si
1129 2700 1310 2759 mavis,
1348 2701 1470 2749 illud
1517 2716 1603 2750 nec

534 2776 693 2827 etiarn
742 2789 833 2838 per
887 2777 904 2803 ⁴
935 2790 1000 2825 ne
1046 2778 1255 2840 quidem
1283 2776 1299 2800 '
1343 2780 1601 2840 explicari

529 2859 743 2916 potest3
768 2850 842 2899 uti
879 2859 1024 2911 patet
1050 2853 1131 2900 vel
1166 2867 1231 2901 ex
1268 2854 1602 2907 usitatissima

528 2927 623 2978 illa
671 2927 914 2991 loquendi
961 2928 1181 2988 ratione,
1234 2929 1250 2957 ‘
1278 2944 1376 2980 nec
1418 2932 1600 2993 opina·

531 3003 655 3062 tus,’
684 3008 698 3034 ‘
721 3019 817 3055 nec
848 3005 1065 3067 opinato
1084 3004 1119 3066 ;'
1154 3005 1240 3054 ulii
1278 3005 1432 3055 ‘nec'
1465 3022 1599 3058 sem·

531 3095 629 3146 per
666 3096 759 3147 per
796 3086 810 3112 ‘
834 3096 899 3131 ne
940 3081 1181 3145 quidem’
1223 3088 1395 3145 potest
1434 3086 1600 3148 expli·

529 3159 655 3208 cari.
723 3159 841 3209 Val.
889 3160 1029 3208 Flac.
1068 3171 1171 3207 vu.
1211 3162 1323 3207 130.
1355 3161 1598 3224 ‘Quique

528 3249 702 3284 meum
728 3238 929 3299 patrias
962 3234 1158 3285 referet
1183 3249 1280 3284 nec
1309 3250 1495 3284 nomen
1532 3238 1596 3286 sd

529 3308 723 3360 urbes!
755 3313 950 3364 Justiu.
968 3324 1059 3360 ιιι.
1080 3316 1131 3360 4.
1157 3313 1171 3336 ⁴
1194 3312 1376 3376 Itaque
1396 3327 1493 3362 uec
1516 3328 1597 3363 sa·

528 3385 712 3435 lutatis
729 3387 981 3436 matribus
998 3387 1428 3450 proficiscuntur!
1463 3390 1596 3440 Sub-

527 3461 659 3511 oluit
695 3461 745 3510 iu
782 3463 858 3511 his
897 3464 1104 3526 quidam
1139 3463 1377 3514 defectus
1402 3466 1598 3530 Lipsio,

528 3541 781 3601 censenti,
806 3550 1006 3603 partem
1032 3542 1244 3591 membri
1271 3543 1487 3592 alteram
1504 3543 1595 3593 de·

528 3628 663 3678 esse,
685 3628 801 3677 quae
841 3618 1153 3676 respondeat
1176 3617 1340 3667 tiberis
1363 3622 1555 3669 deorum
1575 3638 1595 3680 ‚-

525 3704 733 3754 nempe,
756 3695 801 3741 et
825 3691 1055 3741 natalium
1071 3708 1091 3749 ,·
1125 3700 1234 3754 aut,
1258 3695 1392 3758 quod
1418 3698 1593 3760 conje-

525 3766 602 3819 cit
638 3768 878 3823 Beltrius,
918 3780 1011 3815 non
1048 3767 1305 3818 diuinitate
1342 3773 1595 3834 natalium,

524 3859 612 3897 nec
650 3844 892 3906 dignitate
933 3843 1208 3907 nuptiarum
1234 3860 1255 3902 ,·
1301 3854 1409 3907 utut,
1451 3848 1592 3910 qnod

524 3922 708 3971 maluit
731 3921 1015 3981 Gesnerns,
1036 3936 1119 3971 nec
1138 3924 1330 3984 generis
1357 3930 1592 3986 prestun·

521 3999 632 4056 tia:
678 4006 736 4048 ut
767 4000 844 4049 sic
878 3999 1074 4063 expleri
1112 3998 1353 4049 defectus
1391 4002 1591 4063 possit:

535 4074 702 4138 Video,
724 4108 739 4123 .
763 4107 777 4122 .
802 4110 813 4125 .
835 4077 1035 4124 maritos
1057 4076 1290 4136 Deurum,
1310 4093 1366 4126 uc
1380 4078 1593 4128 Deorum

523 4149 714 4213 liberos,
757 4168 842 4201 nee
882 4154 1125 4216 dignitate
1157 4157 1452 4220 nuptiarum,
1492 4174 1591 4209 nec

524 4229 831 4290 praestautia
852 4230 1121 4292 natalium,
1154 4234 1326 4296 magu,
1347 4250 1488 4298 quam
1515 4235 1594 4287 Isis

1246 339 1466 388 ⁸0⁹1·AE
1514 341 1918 391 VARtORuM
1973 344 2053 392 tt<

1686 484 1889 549 artibus,
1904 486 2203 537 iactas-mm.
2226 487 2281 538 Si
2299 489 2607 551 reperissem
2621 489 2762 542 haue

1686 562 1999 625 scripturam
2024 565 2076 625 ip
2095 566 2320 629 antiquis
2335 566 2757 629 codicibus,eam

1685 639 1794 686 siue
1815 641 2146 690 cunctatione
2162 642 2504 694 admisissem.
2536 645 2637 692 Sed
2652 642 2755 693 for·

1687 722 1821 764 tasse
1873 717 2013 766 nullo
2065 732 2191 781 opus
2236 727 2320 768 est
2364 721 2750 783 supplemento.

1686 791 1938 857 Loquitur
1960 794 2095 842 enim
2121 795 2327 845 Plinius
2348 796 2415 845 de
2434 799 2632 860 nuptiis
2652 813 2755 847 ma-

1686 869 1898 918 ritorum
1914 871 2227 936 mortalium,
2248 873 2549 934 quibuscum
2565 888 2619 922 se
2634 887 2754 923 eou-

1676 944 1966 1006 junxerant
2012 948 2163 997 Deae.
2231 949 2317 998 Sic
2361 963 2408 997 e.
2440 963 2491 1012 g.
2537 949 2755 1010 Peleus,

1685 1021 1810 1069 alias
1833 1022 1983 1070 homo
2012 1023 2264 1080 mortalis,
2286 1026 2424 1089 quod
2449 1024 2756 1088 Apollodor.

1683 1111 1773 1145 111.
1794 1103 1870 1147 12.
1888 1099 2068 1162 refert,
2086 1101 2183 1149 sibi
2199 1102 2754 1166 conciliaverat,juux·

1683 1184 1915 1240 eratque,
1949 1179 2119 1225 Deam
2143 1178 2352 1239 Thetin,
2379 1180 2444 1227 de
2476 1180 2622 1242 cujus
2646 1196 2754 1230 ma·

1683 1252 1922 1302 trimonio
1968 1256 2081 1316 jum
2124 1256 2334 1317 Jupiter
2375 1264 2430 1305 et
2471 1257 2752 1319 Neptunus

1679 1326 2080 1377 contenderant.
2137 1330 2393 1393 Loquitur
2415 1332 2577 1380 etiam
2600 1332 2666 1381 de
2691 1334 2750 1381 u·-

1681 1405 1805 1454 beris
1834 1406 2067 1462 Deorum,
2102 1423 2229 1471 quos
2265 1422 2454 1472 nempe
2478 1409 2566 1459 Dii
2589 1425 2656 1459 ex
2677 1410 2752 1459 fe·

1682 1482 1830 1530 minis
1846 1484 2152 1534 mortalibus
2170 1495 2553 1548 generaverant
2570 1503 2586 1547 ;
2602 1496 2754 1549 prout

1683 1558 1940 1608 Hercules
1965 1576 2026 1609 ex
2061 1561 2197 1611 Jove
2236 1564 2370 1625 Deo,
2398 1571 2454 1613 et
2479 1564 2753 1628 Alcmena,

1682 1652 1844 1688 uxore
1889 1638 2305 1705 Amphitruonis,
2354 1645 2493 1707 regis
2547 1646 2751 1697 ‘flueba-

1680 1730 1812 1779 rum,
1851 1729 2156 1781 procreatus
2195 1729 2327 1772 erat.
2383 1723 2609 1788 Utrique
2647 1724 2751 1774 dici

1683 1804 1966 1856 potuerunt
1996 1797 2271 1848 inclaruisse
2295 1800 2750 1865 dignitate-nptia-

1678 1884 1784 1918 rum
1823 1871 2091 1922 divinarum
2116 1889 2136 1931 ,·
2180 1875 2287 1938 ille,
2345 1876 2563 1934 Peleus·
2611 1879 2747 1941 quod

1679 1948 1876 2008 nuptiis
1912 1950 2100 1997 divinis
2122 1951 2336 2015 junctus
2374 1962 2491 2002 erat
2526 1954 2752 2010 Thetidi,

1680 2024 1812 2074 Dete
1837 2027 1975 2087 3bic‚
2003 2026 2284 2091 Hercules,
2309 2029 2446 2090 quod
2468 2046 2532 2079 ex
2553 2033 2748 2095 nuptiis

1680 2100 1884 2161 divinis,
1925 2101 2109 2166 (immo
2145 2103 2407 2169 innuptis)
2442 2107 2591 2157 Jovis
2630 2109 2752 2165 Dei.

1676 2181 1731 2225 et
1748 2175 2010 2227 Alcmene
2026 2181 2237 2242 regium
2248 2182 2486 2247 adeoque
2499 2192 2620 2234 satu
2633 2185 2749 2242 Dei.

1676 2259 1818 2302 ortus
1837 2254 2238 2318 perhibebatur3
2258 2261 2595 2321 quantumvis
2609 2269 2748 2311 uter·

1676 2343 1776 2392 que
1800 2332 1966 2392 magis
2004 2332 2305 2384 inclaruerit
2334 2338 2564 2399 propriis
2590 2338 2748 2387 virtu-

1679 2404 1837 2467 tibus,
1858 2404 2115 2472 factisque
2138 2407 2381 2468 fortibus,
2403 2421 2461 2463 et
2483 2413 2748 2477 sigillatim

1678 2482 1868 2531 eximio
1915 2485 2132 2535 venandi
2174 2486 2369 2538 studio.
2434 2490 2577 2554 Ergo
2618 2507 2748 2555 opus

1678 2571 1776 2605 non
1800 2565 1901 2620 est,
1927 2567 1986 2610 ut
2023 2575 2211 2613 novum
2246 2565 2600 2628 procudamns
2629 2584 2747 2633 sup·

1678 2634 2015 2696 plementum.
2049 2637 2207 2687 Idem.

1741 2711 1847 2760 Nec
1869 2713 2110 2774 dignitate
2126 2714 2422 2778 nupti-m]
2459 2717 2572 2767 Aut
2593 2718 2745 2769 deest

1675 2786 1893 2836 alterum
1925 2790 2229 2853 membrum,
2265 2807 2349 2842 uec
2381 2795 2746 2853 καὶσῶμα

1674 2867 1806 2924 nupt.
1842 2863 2022 2924 dignit.
2042 2866 2126 2914 vel
2158 2867 2327 2916 simile
2355 2869 2628 2932 quiddam,
2650 2881 2743 2921 aut

1672 2953 1765 2988 non
1789 2954 1882 3002 pro
1905 2956 2007 3002 nec,
2024 2943 2263 3006 equidem
2288 2958 2556 3010 reponam.
2589 2948 2748 3012 Vide,

1674 3030 1790 3078 quae
1833 3031 1988 3079 supra
2031 3027 2270 3069 notamus
2309 3021 2377 3070 ad
2420 3037 2541 3088 cap.
2581 3038 2748 3078 κιαι.

1673 3090 1860 3139 Paullo
1899 3101 2023 3141 aute
2057 3095 2073 3120 ⁸
2097 3093 2275 3143 laetum
2316 3111 2480 3159 opere
2512 3113 2706 3163 corpus
2731 3100 2747 3123 '

1670 3165 2038 3230 ποιητικώτερον
2060 3166 2215 3232 dixit,
2232 3177 2288 3218 ut
2310 3170 2583 3235 Horatius,
2603 3175 2619 3201 ‘
2639 3175 2747 3226 Vos

1671 3241 1848 3291 letam
1872 3241 2059 3301 fluviis,
2073 3253 2129 3295 et
2144 3260 2411 3297 nemorum
2432 3249 2742 3313 coma,’&c.

1676 3318 1837 3369 Lirin.

1738 3395 2059 3459 Nuptiarum]
2078 3399 2211 3448 Pars
2233 3401 2451 3449 membri
2469 3403 2638 3453 altera
2653 3404 2746 3454 de-

1671 3479 1773 3532 est,
1809 3476 1856 3520 et
1890 3473 2126 3522 natalium
2145 3490 2162 3522 .·
2198 3488 2261 3525 ac
2286 3476 2520 3540 pluscula
2541 3479 2629 3530 bic
2649 3481 2744 3531 ob·

1671 3559 1822 3595 servo
1844 3546 2034 3608 hiulca,
2057 3559 2145 3599 aut
2162 3548 2377 3602 foedats.
2410 3552 2546 3616 lips.

1736 3621 1837 3670 His
1865 3624 2053 3673 artibus
2083 3625 2388 3692 inclaruisse]
2415 3630 2431 3656 ‘
2455 3630 2559 3679 Ars
2581 3630 2598 3652 ’
2632 3632 2744 3697 qui·

1669 3696 1787 3749 dem
1847 3702 2139 3763 generatim
2190 3711 2335 3753 notat
2377 3719 2743 3772 quamcunque

1670 3776 1909 3838 peritiam
1935 3784 1991 3826 et
2009 3779 2332 3842 iudustriam,
2353 3781 2462 3830 sive
2487 3785 2538 3831 in
2565 3799 2626 3834 re
2649 3786 2743 3834 bo-

1665 3866 1751 3908 ns,
1791 3853 1901 3902 sive
1940 3854 1993 3903 in
2028 3856 2198 3904 mala:
2233 3856 2373 3905 nude
2402 3858 2619 3916 ‘iners,’
2652 3862 2743 3926 qui

1667 3941 1766 3979 nec
1805 3930 1971 3986 novit,
2015 3944 2114 3980 nee
2156 3941 2409 3993 praestare
2451 3937 2740 4000 quidquam

1666 4011 1861 4069 potest.
1916 4006 2135 4057 Terent.
2159 4007 2329 4058 Andr.
2353 4023 2394 4059 ι.
2418 4016 2466 4061 l.
2492 4016 2543 4061 3.
2577 4020 2593 4042 ‘
2622 4014 2743 4063 Sos·

1667 4080 1819 4132 Quod
1857 4080 1951 4131 tibi
1976 4097 2088 4131 mea
2113 4097 2197 4131 ars
2222 4082 2429 4135 efficere
2452 4087 2551 4139 hoc
2574 4091 2743 4153 possit

1666 4157 1926 4223 amplius?
1978 4159 2108 4208 Sint.
2146 4159 2290 4210 Nihil
2313 4162 2480 4213 isthac
2502 4180 2635 4229 opus
2657 4176 2742 4216 est

1664 4245 1780 4288 erte
1818 4235 1885 4287 ad
1919 4235 2054 4288 hauc
2086 4249 2221 4300 rem,
2239 4253 2391 4304 quam
2427 4255 2599 4307 ματος
2630 4244 2740 4295 Sed
