3060 4902
495 448 628 514 452

500 607 651 662 tum?
686 600 867 655 Dionis
903 592 1261 661 compendium
1297 588 1391 649 sit,

501 686 674 737 menie
698 680 913 730 subacta
931 674 964 736 ς’
997 681 1052 721 et
1084 683 1209 718 sane
1234 663 1454 728 lapides,
1474 664 1566 708 sut

502 757 717 819 nummi,
752 750 986 819 (notabit
1020 759 1242 804 mecum,
1272 740 1359 805 qui
1401 734 1568 797 volet)

504 851 623 888 raro
644 830 929 900 praeferunt
952 827 1071 883 hoc,
1094 821 1238 869 velut
1262 826 1567 876 cognomen,

506 922 625 965 aute
675 925 751 960 vr.
797 907 910 971 ejus
952 900 1299 952 consulatum.
1365 888 1568 940 Exinde

505 988 735 1047 assidue,
751 992 830 1046 ut,
853 995 978 1031 me.
996 989 1144 1028 cuis.
1170 980 1414 1021 nssnvsn.
1433 977 1568 1014 ‘rtu-

512 1080 667 1118 ιΑΝο.
691 1073 927 1112 omnmo.
993 1056 1182 1104 Graece
1226 1046 1407 1104 etism,
1440 1046 1574 1090 NEP-

506 1141 821 1193 TPAIANOC.
841 1135 1108 1185 APICTOC.
1176 1125 1316 1174 Ante
1340 1133 1442 1169 non
1466 1130 1571 1165 me-

508 1220 635 1271 mini
661 1219 734 1267 sic
758 1215 1069 1266 observare3
1105 1205 1198 1262 sic,
1232 1202 1457 1262 inquam,
1482 1208 1574 1257 po-

509 1299 686 1352 situm,
723 1289 915 1342 nomini
950 1285 1047 1349 ipsi
1086 1280 1407 1343 subjecturus
1443 1272 1574 1320 dun·

509 1381 681 1432 taxet,
731 1377 989 1418 snuATvs.
1038 1365 1416 1408 Popvzvsova.
1473 1362 1576 1397 Ro·

514 1465 657 1502 usu.
702 1457 940 1497 οΡτιΜο.
986 1448 1279 1488 entncu’x:
1331 1430 1475 1494 quasi
1523 1428 1576 1474 in

512 1524 825 1578 laudationis
866 1522 998 1568 loco.
1064 1514 1262 1562 Temen
1295 1509 1403 1572 jam
1439 1517 1578 1552 nunc

514 1604 562 1653 ei
601 1603 777 1650 datum
824 1595 1046 1659 (praeter
1091 1585 1279 1637 Dionis
1326 1580 1581 1643 mentem)

516 1678 710 1739 ambigi
745 1689 808 1722 ex
836 1669 991 1720 Plinii
1016 1666 1095 1714 his
1133 1662 1304 1710 verbis
1341 1657 1465 1705 nihil
1490 1671 1580 1719 po·

517 1764 641 1810 test,
678 1752 774 1800 etsi
816 1750 867 1798 in
908 1743 1072 1793 titulis
1110 1739 1332 1789 fortasse
1366 1747 1468 1782 non
1506 1732 1581 1782 sic

516 1828 808 1892 usurpavit.
844 1824 980 1885 Lips-

585 1901 861 1964 Peculiare]
885 1898 1054 1957 Adeo,
1077 1900 1135 1944 ut
1158 1887 1440 1951 Eutropius
1459 1885 1585 1935 scri·

520 1984 634 2044 bat,
657 1981 722 2030 ad
748 1991 889 2028 suam
928 1985 1091 2035 usque
1126 1974 1337 2017 etatem
1362 1963 1588 2028 (Valen-

522 2058 703 2111 tiniani
766 2045 1126 2115 imperatoris)
1181 2059 1281 2093 non
1328 2042 1481 2091 aliter
1533 2040 1589 2088 in

520 2143 706 2187 senatu
752 2126 1076 2196 principibus
1126 2118 1421 2180 acclamari,
1470 2116 1590 2175 nisi,

519 2215 536 2242 ⁴
561 2212 788 2263 Felicior
827 2206 1086 2268 Augusto,
1120 2197 1300 2248 melior
1331 2192 1594 2256 Trajano:

532 2292 685 2341 Idem.

594 2358 892 2424 Arroganti«
903 2349 1140 2421 priorum]
1173 2347 1279 2400 Qui
1300 2345 1353 2395 id
1378 2356 1595 2409 spreve-

529 2449 669 2494 runt.
706 2439 856 2488 Idem.

592 2517 776 2568 Felices
813 2509 922 2572 nos]
956 2504 1106 2557 Infra
1138 2516 1257 2565 esp.
1277 2502 1361 2550 74.
1392 2503 1408 2527 ‘
1433 2497 1596 2546 Estne

532 2607 732 2653 verum,
766 2586 903 2651 quod
944 2585 1085 2632 inter
1113 2581 1215 2628 ista
1242 2574 1600 2636 clamavimus,

533 2672 582 2722 Ο
610 2682 701 2717 nos
725 2664 905 2714 felices
921 2659 952 2710 l’
989 2659 1144 2707 Idem.

600 2745 714 2793 Non
752 2736 955 2799 dicturi]
1005 2732 1207 2783 Felices
1245 2741 1358 2789 nos,
1391 2725 1600 2775 felicem

532 2818 707 2871 illum!
731 2812 967 2865 Palm-ol.

604 2892 759 2952 Quasi
793 2905 887 2939 non
928 2882 1131 2945 dicturi]
1184 2881 1282 2929 Vir
1322 2877 1598 2928 celeberri-

535 2987 669 3033 mus,
709 2972 780 3018 D.
812 2966 1179 3021 Heumannus,
1218 2951 1603 3005 rescribendum

539 3047 828 3104 existimat,
862 3039 999 3104 quasi
1031 3052 1124 3086 non
1158 3033 1398 3083 audituro.
1466 3029 1604 3078 Satis

538 3132 756 3188 argute3
807 3130 982 3167 verum
1026 3113 1135 3161 sine
1177 3106 1505 3160 necessitate,
1552 3112 1607 3152 et

539 3204 652 3252 sine
687 3194 937 3257 suffragio
963 3188 1157 3238 veteris
1184 3187 1264 3234 vel
1302 3181 1607 3233 recentioris

539 3277 682 3328 libri.
748 3276 818 3324 Et
854 3277 978 3333 epte
1014 3266 1116 3315 iste
1150 3261 1310 3312 Plinii
1340 3259 1496 3309 verbe
1519 3271 1610 3305 ex·

542 3353 757 3420 plicavit
791 3352 1101 3400 Cstsnaeusz
1138 3347 1154 3372 ‘
1176 3337 1392 3399 Telem,'
1423 3335 1611 3400 inquit,

541 3436 557 3462 ‘
585 3428 795 3481 dicendi
836 3425 1136 3475 libertatem
1174 3416 1320 3466 nobis
1351 3412 1613 3464 concessit

544 3509 801 3572 Trajsnus
833 3503 1135 3565 imperator,
1171 3502 1229 3543 ut
1260 3507 1361 3541 non
1386 3491 1520 3539 benc
1545 3489 1612 3536 de

547 3601 610 3635 eo
634 3585 946 3642 diceremus,
969 3575 1066 3626 nisi
1090 3579 1146 3623 ct
1174 3571 1288 3636 ipse
1312 3568 1445 3617 bene
1469 3565 1612 3616 fece-

548 3660 669 3712 ret!
707 3659 948 3709 Schwarz.

614 3736 867 3800 Laorymis
901 3728 1068 3791 etiam]
1104 3724 1312 3777 Gaudio
1336 3720 1617 3784 expressis.

546 3814 696 3867 Infra
718 3827 835 3875 cap.
853 3814 936 3859 73.
963 3813 978 3837 ⁴
1000 3804 1235 3854 Vidimus
1253 3801 1617 3849 humescentes

550 3893 726 3942 oculos
752 3896 886 3947 tuos,
902 3881 1283 3943 demissumque
1302 3873 1488 3938 gaudio
1509 3872 1618 3920 vul·

554 3965 704 4020 tum.’
737 3964 871 4027 Lips.

620 4043 749 4103 Sibi,
770 4054 861 4088 non
882 4033 1109 4099 principi]
1147 4028 1316 4081 Galba
1341 4025 1475 4090 apud
1513 4025 1619 4074 Ta·

557 4120 718 4170 citum
756 4114 898 4164 Hist.
922 4125 960 4161 ι.
986 4115 1063 4159 15.
1087 4112 1168 4157 11.
1199 4108 1215 4134 ‘
1242 4104 1421 4155 Ceteri
1456 4102 1620 4151 liben-

560 4196 663 4246 tius
687 4205 801 4242 cum
825 4190 1038 4240 fortuna
1056 4191 1253 4238 nostra,
1269 4193 1421 4246 quam
1445 4177 1622 4227 nobis·

561 4283 699 4330 cum,
722 4260 1036 4330 loquentur?
1072 4260 1223 4309 Idem.

626 4343 751 4401 Sibi,
784 4355 880 4392 non
903 4334 1136 4404 principi]
1178 4328 1492 4387 Vindicabitis
1522 4340 1624 4392 ros,

1196 442 1410 496 No'rAE
1464 431 1870 487 VAmoRUM
1927 425 2009 476 m

1422 592 1437 615 ‘
1464 583 1564 634 Ar·
1636 582 1681 628 si
1703 591 1775 625 me
1796 573 1971 637 potius,
1994 563 2389 634 quamsortunam
2403 571 2552 608 meam
2561 553 2700 615 soce·

1641 652 1803 704 batis.’
1838 647 2203 700 Germanicus,
2227 639 2360 703 apud
2380 635 2546 684 Tacit.
2565 632 2704 681 Ann.

1642 747 1704 781 11.
1739 735 1787 780 7.
1821 732 1871 776 7.
1940 725 2023 773 Sic
2060 719 2242 770 Poetoe
2277 710 2585 764 κολακεύουσι
2613 707 2705 765 τὴν

1640 806 1796 867 τύχην
1827 797 2145 862 Ἀλεξάνδρου·
2175 793 2433 841 adulantur
2452 786 2706 846 fortunam

1643 879 1936 939 Alexandri,
1975 869 2246 925 Plutarch.
2282 869 2332 916 in
2371 864 2420 913 Ο

1646 961 1791 1009 Fort.
1820 956 1972 1005 Alex.
2013 967 2064 1014 p.
2100 951 2215 997 831.
2275 944 2494 993 Isocrst.
2521 937 2584 985 nd
2612 934 2709 984 Ni·

1647 1035 1781 1084 cocl.
1800 1026 2100 1080 ‘Verissimi
2117 1026 2354 1075 honores,
2378 1017 2419 1065 si
2446 1014 2544 1078 ipsi
2567 1008 2705 1074 apud

1649 1127 1764 1161 sese
1810 1106 2144 1172 prudentiam
2190 1109 2350 1157 tuem,
2394 1094 2510 1155 plus
2554 1100 2710 1153 quam

1649 1188 1934 1245 fortunam,
1958 1171 2317 1230 admirentur-3
2349 1171 2502 1218 Bern.

1713 1263 1839 1324 Sibi,
1861 1275 1951 1309 non
1970 1254 2195 1321 principi,
2217 1249 2339 1312 dici]
2377 1246 2410 1295 i.
2437 1260 2484 1293 e.
2510 1237 2713 1289 virtuti-

1650 1340 1746 1390 bus
1767 1338 2067 1399 meritisque
2089 1332 2211 1391 suis,
2235 1340 2335 1376 non
2353 1323 2445 1373 soli
2469 1315 2714 1382 dignitati

1652 1415 2018 1480 majestatique
2076 1404 2372 1473 principali,
2428 1407 2486 1447 nt
2543 1394 2717 1447 Galba

1654 1492 1792 1556 apud
1817 1491 1984 1540 Tacit.
2011 1486 2153 1536 Hist.
2176 1497 2216 1532 ι.
2242 1486 2322 1529 15.
2342 1478 2414 1526 ait
2437 1491 2450 1524 ι
2488 1481 2503 1503 ‘
2530 1472 2718 1522 Liben-

1655 1571 1759 1619 tius
1784 1582 1898 1616 cum
1924 1564 2132 1614 fortuna
2156 1564 2353 1615 nostra,
2371 1564 2522 1616 quam
2548 1546 2721 1596 nobis·

1656 1660 1793 1707 cum,
1824 1634 2140 1706 loquuntur!
2211 1631 2435 1696 Lipsius,
2466 1623 2721 1684 Bsudins,

1657 1729 1710 1772 ct
1734 1721 2001 1770 Cellarius.
2036 1714 2280 1765 Schwarz.

1725 1801 1864 1849 cu».
1923 1809 2012 1844 ιιι.
2079 1782 2408 1846 Servaoimus]
2469 1778 2724 1828 Servamus

1660 1874 1830 1924 Livin.
1866 1871 1958 1920 sed
1981 1866 2271 1919 servabimus
2297 1861 2366 1910 G.
2401 1856 2539 1907 forte
2560 1866 2723 1902 serva·

1663 1965 1834 2000 vimus.

1729 2019 2074 2084 BIeditatique]
2110 2012 2428 2068 Peniculum
2453 2000 2730 2069 ἑγκλιτικὴν

1666 2120 1752 2169 que
1775 2103 1993 2151 omisere
2014 2100 2316 2154 Catanaeus,
2333 2087 2463 2139 Rob.
2484 2094 2539 2134 et
2567 2083 2732 2131 Henr.

1669 2177 1944 2242 Stephani,
1979 2171 2322 2224 Boxhornius,
2365 2160 2637 2219 Cellsrius,
2674 2163 2730 2205 ct

1670 2255 1880 2322 quidam
1927 2251 2052 2310 alii3
2107 2246 2198 2296 sed
2245 2258 2358 2292 eam
2416 2236 2731 2286 auctoritate

1671 2330 1906 2382 codicum
1932 2328 2062 2377 Mss.
2096 2320 2547 2384 antiquiorumque
2571 2309 2732 2359 libro·

1672 2423 1783 2458 rum
1842 2405 1981 2469 typis
2045 2411 2373 2457 excusorum,
2437 2389 2735 2440 retinemus.

1673 2484 1919 2535 Schmun.

1737 2561 1856 2609 Illas
1885 2549 2269 2615 acclamationes]
2316 2548 2446 2599 Qum
2482 2543 2537 2593 in
2571 2540 2739 2590 libera

1672 2636 1938 2701 republica
1960 2646 2063 2682 non
2088 2632 2160 2679 sic
2185 2628 2355 2687 fuere,
2388 2621 2475 2671 sed
2512 2618 2605 2667 sub
2631 2617 2737 2666 Au·

1675 2721 1827 2777 gusto
1848 2716 2160 2772 coeperum3
2196 2702 2288 2751 nisi
2323 2698 2497 2757 fallor,
2531 2710 2560 2743 s
2594 2693 2739 2742 thee·

1676 2789 1771 2839 tris
1817 2788 1868 2836 in
1924 2785 2120 2835 curiam
2174 2780 2415 2837 invectae,
2471 2768 2741 2821 imitando.

1680 2865 1873 2914 Earum
1897 2861 2134 2923 exemplu
2160 2857 2211 2906 in
2237 2850 2494 2904 Caesareis
2523 2846 2743 2908 scripto·

1678 2944 1839 2998 ribus,
1874 2948 1929 2990 et
1964 2938 2146 2989 brevia
2186 2932 2525 2998 apici-eque
2569 2931 2741 2975 acuta.

1682 3020 1818 3083 Lips.

1750 3097 1994 3151 Quantum
2046 3093 2109 3141 ad
2157 3103 2230 3138 me
2272 3082 2503 3150 pertinet]
2553 3077 2747 3131 Attinet

1683 3173 1850 3224 Livin.
1876 3170 1968 3219 sed
1989 3168 2196 3233 pertinet
2219 3165 2288 3212 V.
2310 3164 2369 3212 C.
2396 3162 2456 3210 R.

1752 3249 1917 3297 Etiam
1953 3247 2080 3296 Deos
2112 3241 2261 3306 ipsos]
2297 3239 2430 3289 Deos
2458 3234 2632 3286 Livin.
2653 3229 2744 3282 sed

1684 3328 1813 3376 Deos
1836 3327 1963 3388 ipsos
1985 3323 2055 3370 V.
2076 3321 2138 3369 C.
2163 3321 2224 3368 R.
2246 3319 2311 3367 R.

1754 3403 1919 3451 Etiam
1945 3400 2072 3448 Deos
2095 3392 2244 3459 ipsos]
2277 3392 2401 3442 Seu.
2422 3388 2488 3438 de
2513 3381 2749 3435 Benefic.

1686 3481 1702 3508 ‘
1730 3479 1879 3528 Sicut
1902 3491 1999 3526 nec
2035 3476 2086 3523 in
2114 3469 2334 3521 victimis
2359 3465 2588 3531 quidem,
2626 3462 2748 3508 licet

1687 3556 1874 3619 opima
1921 3553 2042 3609 sint,
2098 3559 2328 3610 auroque
2384 3538 2753 3606 praefulgeant,

1690 3634 1923 3682 Deorum
1950 3635 2032 3679 est
2054 3629 2235 3682 bonos,
2259 3622 2352 3672 sed
2389 3621 2476 3684 pia
2510 3631 2570 3666 sc
2607 3621 2752 3664 recta

1691 3710 1955 3758 voluntate
1978 3696 2373 3754 venerantium?
2439 3696 2642 3745 Plinius
2679 3692 2754 3741 al-

1694 3793 1775 3833 ter
1810 3779 2133 3832 Pru-satione
2158 3775 2329 3838 magni
2365 3771 2567 3836 operis:
2610 3768 2626 3796 ⁸
2653 3767 2757 3816 Vc-

1694 3876 1806 3910 rum
1832 3870 1889 3909 et
1917 3858 2031 3908 Diis
2068 3858 2207 3905 lacte
2245 3849 2443 3904 rustici,
2474 3845 2758 3907 multaeque

1693 3944 1902 4000 gentes,
1939 3933 2253 3997 supplicent,
2288 3934 2346 3978 et
2380 3925 2515 3974 mole
2555 3928 2757 3970 tantum

1695 4015 1831 4063 salsa
1866 4012 2040 4065 litant.
2074 4007 2161 4073 qui
2202 4006 2352 4054 thure
2396 4015 2496 4051 non
2531 3998 2761 4048 hubent:

1695 4105 1794 4142 nec
1812 4091 1897 4138 ulli
1916 4088 2015 4138 fuit
2040 4085 2184 4139 vitio,
2205 4084 2347 4132 Deos
2366 4079 2538 4127 colere
2554 4088 2761 4140 quoquo

1697 4168 1853 4219 modo
1879 4162 2094 4229 posset?
2160 4162 2327 4208 Vetus
2352 4169 2530 4205 versus
2549 4166 2761 4215 respon-

1700 4247 1821 4295 det:
1860 4239 2154 4299 Καδδῦναμιν
2170 4237 2209 4286 δ’
2228 4234 2373 4298 ἕρδειν
2394 4232 2472 4296 lep·
2489 4228 2760 4280 ἀθανάτοισι

1701 4324 1862 4374 θεοῖσι·
1900 4317 2182 4382 Sacrifica&
2213 4313 2327 4376 diis,
2347 4315 2399 4360 ut
2420 4321 2528 4372 opes
2547 4307 2762 4369 viresque
