3060 4902
503 330 639 395 166

505 486 768 537 sententia
791 486 1194 549 conjungamur,
1216 484 1472 546 simulque
1495 482 1577 532 di·

507 570 712 613 cuntur.
779 563 871 611 sic
902 570 1078 624 putes,
1104 560 1210 609 duo
1246 562 1350 608 ista
1384 558 1580 608 ἐπίθετα

507 643 717 689 meliore
734 640 915 689 ordine
934 641 983 688 in
1000 639 1265 688 codicibus
1285 638 1411 686 Mss.
1424 652 1576 701 qnam

506 718 560 768 i·
579 718 802 780 vulgatis
820 717 980 771 libris,
994 716 1267 778 conjungi:
1294 717 1415 777 quia
1428 713 1578 777 quasi

508 792 734 842 natarali
767 793 948 842 ordine
985 794 1384 855 prosperitatem
1409 789 1578 854 sequi-

508 875 597 919 tur
618 870 799 918 laetitia
823 885 839 930 ς
876 877 929 918 et
953 870 1072 932 quia
1096 869 1253 916 etiam
1281 868 1391 915 Liv.
1413 879 1576 915 xxvt.

506 947 590 996 ⁴1.
624 945 722 1006 ait,
758 945 911 994 ‘Illic
951 947 1118 994 omnia
1165 941 1395 993 secunda
1428 942 1578 990 laeta-

508 1036 613 1087 qne
651 1021 812 1072 sunt.’
904 1022 1151 1070 Attamen
1197 1021 1308 1069 liaee
1344 1018 1446 1067 dno
1485 1018 1576 1067 ad·

501 1099 688 1162 juncta
718 1100 1009 1163 promiscuo
1048 1099 1228 1148 ordine
1264 1098 1329 1145 ab
1352 1097 1576 1145 auctori-

508 1175 606 1225 bus
642 1177 1049 1238 conjunguntur.
1120 1176 1279 1223 Certe
1319 1173 1454 1222 idem
1488 1173 1577 1221 Li-

506 1251 639 1307 vius,
660 1251 842 1299 eodem
869 1252 980 1300 loco
1005 1267 1018 1299 z
1055 1257 1069 1278 ‘
1092 1249 1219 1311 Dii:
1241 1249 1429 1313 inquit,
1451 1249 1466 1275 ‘
1486 1263 1572 1296 au·

507 1329 669 1389 guriis
694 1328 1062 1391 auspiciisque.
1091 1335 1144 1375 et
1171 1340 1266 1390 per
1291 1332 1575 1375 nocturnos

510 1404 667 1463 visus,
706 1404 878 1452 omnia
919 1404 1038 1451 laeta
1076 1416 1137 1451 ac
1173 1416 1431 1465 prospera
1458 1415 1575 1465 por-

506 1478 772 1528 tendunt.'
810 1480 1094 1543 Imperium
1120 1493 1245 1527 vero
1268 1479 1319 1526 in
1340 1481 1435 1527 lioc
1459 1479 1575 1526 loco

511 1570 540 1603 a
565 1555 739 1604 Plinio
764 1554 955 1605 dicitur
976 1563 990 1585 ⁴
1009 1554 1230 1614 atati03'
1263 1556 1382 1618 quia
1408 1555 1574 1603 simile

510 1638 593 1680 est
616 1632 827 1680 stationi
852 1632 1084 1691 militari,
1110 1646 1224 1695 quae
1249 1631 1498 1693 vigiliam,
1522 1637 1577 1680 et

509 1720 710 1761 curam,
764 1705 1072 1768 laboresque
1127 1706 1365 1769 requirit.
1453 1705 1576 1769 Ipse

510 1782 712 1831 Plinius
735 1780 888 1837 infra,
922 1786 1234 1831 Lxxxvt.8.
1267 1788 1419 1831 vocat
1442 1785 1576 1831 ‘sta-

508 1859 706 1906 tionem
752 1856 1098 1907 laboriosam’
1166 1859 1314 1907 Bene
1351 1860 1578 1909 illustrat

504 1934 643 1981 lianc
699 1934 942 1997 loquendi
1009 1934 1262 1983 rationem
1355 1936 1577 1997 Lipsius.

514 2010 762 2060 Schmin-z.

508 2110 511 2119 ·
571 2089 813 2139 Stationis
833 2089 997 2152 istius]
1020 2090 1305 2139 Suetonius
1322 2089 1577 2141 Claudio:

509 2165 700 2216 ‘Quod
728 2165 883 2212 aliter
908 2172 1249 2228 perventurus
1275 2165 1338 2212 ad
1364 2179 1575 2228 suscep-

506 2250 616 2289 tam
644 2242 921 2289 stationem
946 2255 1046 2290 uon
1072 2239 1268 2290 fuerit!
1336 2242 1575 2304 Spartia-

508 2330 644 2365 nus:
697 2317 831 2368 ‘Qui
857 2318 1146 2380 principem
1183 2318 1350 2367 locum
1388 2318 1438 2366 in
1476 2319 1575 2368 bac

508 2395 739 2443 statione
781 2392 1148 2443 retentarunt!
1215 2394 1573 2458 Lampridius:

502 2477 521 2516 ,¹
541 2470 713 2519 Etiam
740 2470 791 2518 in
818 2471 893 2517 liis
929 2470 1136 2528 artifex,
1177 2486 1293 2534 quae
1332 2473 1574 2521 stationis

504 2546 862 2607 imperatoriae
909 2560 1010 2593 non
1054 2545 1240 2604 erant:
1294 2553 1347 2595 et
1388 2549 1576 2608 saepius

504 2621 652 2684 aiibi,
679 2636 773 2685 pro
797 2635 993 2670 summo
1024 2623 1123 2671 hoc
1162 2624 1276 2672 loco
1309 2631 1363 2671 et
1388 2625 1575 2688 princi-

505 2696 633 2760 pali.
697 2696 908 2747 Quare?
942 2697 1006 2745 ab
1048 2698 1357 2746 militaribus
1394 2700 1575 2748 statio·

506 2773 663 2822 nibus
699 2772 912 2821 ductum
941 2781 1100 2835 puto:
1136 2775 1277 2837 quia,
1302 2775 1436 2824 sient
1472 2777 1574 2825 ittae

507 2848 559 2897 iu
584 2848 818 2896 excubiis
844 2857 1028 2896 contra
1053 2850 1284 2912 bostem3
1320 2852 1392 2899 ita
1415 2854 1575 2915 impe·

508 2933 652 2975 rator
698 2926 845 2990 quasi
894 2929 942 2974 in
997 2937 1255 2991 perpetua
1299 2931 1475 2992 vigilia
1525 2941 1578 2981 et

506 3004 638 3067 reip.
660 3018 803 3053 cura.
875 3004 958 3053 Au
994 3019 1095 3053 non
1121 3007 1479 3069 Vespasianus
1514 3023 1578 3057 eo

507 3080 764 3135 alluserit,
789 3096 903 3129 cum
928 3091 1218 3130 extremum
1246 3082 1372 3131 illud
1397 3094 1578 3147 protu-

510 3156 572 3205 lit
603 3157 622 3203 ι’
692 3161 707 3183 ‘
733 3157 1108 3219 Imperatorem
1166 3165 1389 3207 stantem
1449 3160 1578 3208 niori

509 3232 797 3296 oportere.’
862 3235 1083 3282 Stabant
1117 3235 1254 3282 enim
1291 3236 1341 3283 in
1366 3236 1442 3284 his
1476 3245 1579 3285 sta·

503 3308 766 3370 tionibns3
815 3311 913 3358 etsi
951 3309 1016 3359 ad
1053 3312 1218 3360 aciem
1257 3313 1429 3375 potuit
1464 3328 1578 3362 esse

512 3392 806 3446 respectus.
828 3384 965 3448 Lips.

574 3460 815 3510 Stationis
857 3461 1025 3525 istius]
1063 3461 1215 3511 Hanc
1251 3478 1349 3512 non
1398 3465 1580 3526 magis,

509 3541 660 3601 quam
706 3553 735 3585 a
782 3538 984 3586 Seneca
1021 3536 1175 3586 dabo.
1262 3539 1581 3599 ‘Omniumss

506 3613 675 3676 inquit
699 3615 788 3663 iile
813 3615 875 3662 ad
903 3614 1088 3677 Polyb.
1107 3619 1187 3664 26.
1212 3623 1227 3646 ‘
1249 3616 1430 3666 domos
1449 3619 1580 3667 illius

512 3689 686 3753 vigilia
726 3690 999 3752 defendit,
984 3706 997 3719 ·
1034 3694 1262 3742 omnium
1298 3696 1481 3751 otium,
1523 3696 1581 3743 il-

510 3767 613 3817 lius
637 3767 815 3829 labor3
838 3768 1061 3818 omnium
1085 3769 1318 3831 delicias,
1341 3772 1476 3820 illius
1496 3785 1580 3821 oo·

502 3843 754 3904 cupatio!
822 3845 1020 3908 Excipe
1045 3846 1197 3908 plura
1217 3845 1430 3894 ibidem
1492 3847 1582 3896 Sic

506 3915 709 3970 tarrac.
732 3923 815 3969 86.
847 3919 1048 3969 ‘Statio
1081 3921 1465 3986 (imperaturis)
1509 3923 1581 3972 la·

510 3993 713 4044 boriosa
732 4004 787 4044 et
811 3997 1078 4045 exercita?
1104 3999 1254 4049 Rern.

506 4109 513 4112 v
576 4070 754 4136 Natta]
784 4072 1137 4122 Existimabat
1168 4073 1346 4122 Nerva
1371 4089 1432 4124 ac
1471 4074 1580 4125 dic·

509 4146 722 4211 titubat,
755 4148 840 4197 ‘in
875 4148 1118 4213 eligendo
1142 4150 1344 4213 imperii
1373 4167 1579 4201 sueces-

506 4236 649 4278 sore.
691 4224 941 4294 virtutem
978 4224 1218 4288 bominis,
1255 4241 1359 4279 non
1398 4242 1579 4292 genus,

1200 340 1420 389 NOTAE
1471 337 1873 387 vautouuu
1928 322 2025 384 ιη’

1653 489 1752 531 aur
1772 481 2008 545 patriam,
2025 478 2260 541 ‘spectari
2296 476 2575 543 opertere,'
2613 476 2716 526 Dio

1651 555 1702 605 in
1718 557 1923 618 Trajan.
1945 554 2117 604 Aeute
2135 555 2240 603 Leo
2265 554 2317 602 ia
2333 554 2555 603 Tacticis
2572 564 2619 601 c.
2636 557 2722 602 20»

1654 648 1795 682 num.
1820 637 1930 682 116.
1954 639 1968 659 ‘
1988 630 2095 682 Qui
2116 630 2218 678 suis
2235 630 2389 679 rebus
2407 628 2566 693 gestis
2585 643 2716 690 proe·

1655 711 1812 769 lucet,
1834 723 1932 757 non
1957 707 2044 771 qui
2067 706 2272 769 generis
2296 706 2554 770 dignitate
2577 719 2718 753 com.-

1655 785 1949 845 mendatur‚
1989 782 2202 832 illustris
2253 790 2333 830 est
2387 782 2674 844 imperator
2697 792 2714 840 ς

1653 858 2083 927 quemadmodum
2112 873 2210 908 nec
2234 872 2390 907 aurea
2423 858 2576 907 basta
2613 857 2716 907 uti·

1653 939 1714 986 lis
1750 936 1815 987 ad
1847 937 2058 1000 bellum,
2092 936 2186 985 sed
2225 933 2397 984 ferrea
2433 943 2489 984 et
2526 932 2721 983 acuta:

1653 1016 1812 1065 Idm.

1720 1093 1871 1142 Noua
1910 1122 1924 1140 .
1945 1124 1959 1139 .
1984 1120 1999 1140 .
2034 1091 2284 1154 cognatio]
2332 1092 2471 1154 Ergo
2517 1090 2715 1139 Plinius

1652 1177 1836 1231 aperte
1858 1168 2099 1218 confutat
2118 1169 2268 1217 istam
2287 1168 2572 1232 proximam
2592 1168 2717 1216 Tra>

1645 1246 1761 1309 jani
1831 1260 1948 1295 cum
2012 1245 2196 1294 Nerva
2260 1245 2719 1306 necessitudinem,

1654 1338 1806 1386 quam
1843 1330 2164 1372 commentus
2193 1330 2275 1371 est
2317 1320 2578 1370 Harduin.
2623 1321 2718 1369 Set-

1656 1402 1778 1450 lect.
1803 1401 1969 1464 Oper.
1994 1415 2112 1464 pag.
2136 1405 2252 1450 7⁴5.
2273 1398 2397 1447 dum
2439 1397 2574 1447 falso
2612 1406 2717 1446 tra·-

1653 1477 1752 1533 dit,
1789 1477 2062 1541 Trajanum
2098 1474 2259 1525 fuist-e
2298 1488 2541 1537 generum
2586 1474 2718 1522 Ner·

1655 1567 1751 1612 vae,
1764 1561 1813 1601 et
1829 1553 1988 1601 filium
2004 1552 2192 1602 sororis
2205 1551 2456 1615 ejusdem.
2476 1550 2720 1599 Schmun-z.

1723 1628 1985 1691 Cogitatio]
2013 1627 2174 1677 Nulla
2201 1640 2344 1676 sane.
2414 1627 2480 1675 Et
2505 1624 2716 1688 quidem

1656 1704 1833 1753 Nerva
1855 1703 1965 1766 ipse
1986 1703 2269 1766 Trajanum
2293 1702 2465 1751 multis
2477 1699 2715 1749 affinibus

1654 1781 1776 1836 suis,
1794 1781 1878 1844 qui
1897 1787 2019 1830 tune
2035 1786 2185 1830 eraut
2201 1780 2397 1835 Romae.
2417 1779 2720 1842 praeposuit.

1659 1857 1859 1920 Xiphil.
1888 1856 2111 1905 Palm-ol.
2693 1894 2700 1900 .

1718 1933 1859 1980 Alius
1875 1937 2015 1994 atque
2028 1930 2175 1994 otius]
2195 1932 2463 1995 Augustus
2483 1936 2540 1979 et
2561 1930 2716 1979 Clau*

1651 2010 1784 2059 dius.
1849 2010 1947 2058 Ille
1963 2010 2229 2059 Tiberium
2255 2009 2414 2058 Liviae
2437 2009 2720 2057 uxorisar·

1653 2087 1791 2136 tibus
1815 2085 2068 2149 adoptare
2087 2087 2401 2149 compulsus.
2432 2085 2718 2133 sueton-in

1656 2162 1794 2225 Aug.
1816 2177 1935 2224 cap.
1958 2167 2042 2211 6⁵.
2063 2171 2120 2212 et
2144 2164 2195 2211 in
2214 2161 2337 2212 Tib.
2360 2177 2407 2210 c.
2427 2164 2508 2210 15.
2542 2161 2717 2210 Tacit.

1659 2239 1794 2288 Ann.
1818 2240 1907 2289 lib.
1946 2254 1988 2288 ι.
2055 2239 2159 2289 Hie
2196 2241 2246 2287 in
2273 2240 2575 2304 Agrippinae
2599 2252 2720 2303 gra·

1654 2317 1775 2365 tiam
1803 2317 2089 2366 Neronem.
2136 2318 2355 2366 Sueton.
2378 2318 2428 2365 in
2458 2318 2502 2367 N
2511 2331 2583 2367 er.
2602 2332 2648 2366 c.
2671 2321 2723 2367 6.

1650 2395 1820 2443 Tacit.
1845 2394 1985 2443 Anu.
2013 2407 2120 2443 ιιι.
2145 2394 2296 2442 Iden.

1723 2472 1792 2520 Ut
1812 2472 1946 2534 prius
1962 2472 2084 2519 alius
2098 2477 2242 2532 alque
2253 2469 2400 2534 alias]
2429 2473 2717 2533 Augustum

1655 2550 1838 2609 sentit,
1872 2549 1961 2613 qui
1994 2549 2046 2598 in
2079 2549 2235 2598 Liviae
2260 2563 2363 2597 sua»
2390 2551 2608 2613 gratiam
2632 2550 2719 2599 Tl-

1654 2624 1853 2673 berium
1909 2625 2213 2688 adoptavit,
2199 2643 2212 2655 ·
2277 2627 2373 2674 sed
2421 2641 2526 2675 nou
2574 2637 2721 2689 aute,

1654 2716 1805 2767 quam
1849 2703 1891 2751 is
1934 2703 2323 2765 Germanicum,
2363 2712 2605 2765 nepotem
2652 2717 2719 2753 ex

1649 2777 1836 2836 fr,atre
1879 2779 2199 2841 adoptasset.
2267 2777 2585 2830 Suetonium
2599 2782 2719 2843 lege

1653 2853 2241 2909 Tiberlo‚c.15·Lv'vt'tt.

1720 2933 1861 2981 Alius
1889 2937 2031 2995 atque
2051 2932 2201 2995 nlius]
2224 2930 2470 2982 'ribertus
2489 2939 2543 2981 et
2573 2934 2721 2983 Nero

1654 3006 2053 3071 intelliguntur:
2089 3009 2178 3057 ille
2209 3009 2274 3058 ab
2318 3010 2577 3072 Augusto,
2615 3021 2720 3058 ma»-

1658 3083 1750 3131 tiis
1781 3084 1940 3131 Liviae
1967 3083 2202 3133 ambitu:
2238 3085 2321 3135 liic
2343 3099 2371 3135 a
2397 3084 2615 3135 Claudio
2650 3083 2722 3134 A»

1659 3160 1943 3222 grippina’,
1969 3159 2032 3207 ad
2057 3158 2332 3223 imperinm
2358 3159 2564 3210 adsciti.
2587 3159 2724 3223 Lips.

1724 3235 1837 3283 Non
1874 3235 2096 3299 vitricus]
2142 3236 2215 3288 Ut
2254 3235 2466 3285 fuerunt
2506 3235 2722 3286 Tiberio

1658 3311 1940 3375 Augusta,
1979 3311 2230 3362 Claudius
2288 3314 2505 3363 Neroni.
2566 3312 2726 3363 Pota·

1655 3389 1743 3437 rol.

1724 3464 1836 3513 Non
1857 3465 2078 3518 vitricus,
2094 3467 2176 3515 sed
2200 3464 2443 3529 princeps]
2463 3464 2598 3516 Vide
2616 3467 2723 3516 Ex·

1656 3553 1787 3588 curs.
1812 3553 1888 3588 tx.
1913 3540 2155 3590 Schworz.

1718 3615 1905 3678 Aliter]
1922 3618 2089 3668 Quam
2109 3617 2351 3680 eligendo
2383 3617 2447 3667 ab
2471 3617 2726 3667 omnibus.

1659 3691 1855 3742 Annon.
1879 3694 1948 3741 de
1977 3694 2182 3744 Nerva·
2220 3695 2234 3721 ⁸
2259 3695 2415 3746 Nulla
2438 3696 2547 3743 viro
2571 3696 2726 3743 sobu-

1658 3768 1735 3816 les
1777 3769 2012 3818 imitatur
2046 3770 2258 3834 adoptio
2289 3772 2515 3834 prolem,
2548 3771 2724 3822 Quam

1661 3847 1848 3909 legisse
1878 3848 2049 3910 juvat.
2096 3863 2246 3914 quam
2282 3849 2521 3913 genuisse
2562 3848 2725 3898 velih·

1658 3924 1814 3972 Bern.

1721 4000 1949 4049 &munt
1985 4001 2300 4063 populumque
2333 4002 2615 4060 Romnum,
2637 4016 2725 4050 eatb

1657 4074 1936 4139 ercitusJ,S.
1964 4074 2030 4124 P.
2057 4075 2120 4131 Q.
2144 4075 2351 4125 Romani
2372 4078 2611 4125 exercilus
2640 4077 2726 4126 u-

1658 4152 1764 4200 vin.
1830 4151 2013 4200 Placet
2037 4149 2174 4212 qnod
2199 4151 2253 4199 in
2279 4152 2344 4200 V.
2360 4151 2419 4202 C.
2441 4151 2506 4200 R.
2529 4151 2728 4215 inveni,

1651 4228 1908 4291 Senatum,
1945 4228 2256 4292 populumque
2289 4228 2431 4279 Iton.
2469 4230 2730 4287 munitus,
