3060 4902
775 327 838 372 c.
889 323 1131 371 PLlNu
1181 323 1507 373 suevum
1565 325 1835 373 nnnc.
1911 308 2096 374 1.83.

339 470 569 522 tificatua
595 467 802 517 maximi
826 468 1041 517 violasse
1062 485 1076 528 3
1109 483 1170 518 ac
1194 483 1258 518 ne
1285 470 1396 534 qui-

338 548 460 597 dem
485 548 535 596 in
561 544 828 609 republica
862 546 1020 595 libera
1046 561 1263 610 uuquam
1292 547 1398 596 cui-

337 639 495 689 quam
533 624 618 673 hic
645 622 976 685 pontificatus
1010 621 1112 672 fuit
1147 624 1400 672 ademtua.

339 703 517 766 Ipsius
537 700 571 753 J
579 701 666 750 ulii
692 700 912 749 Coeaaria
937 708 1160 765 quatuor
1179 714 1398 750 comme·
1473 702 1650 761 gendo.

340 785 611 828 morantur
633 791 842 837 uxorea,
877 790 906 825 e
940 775 1123 840 quibua
1157 775 1286 824 duaa
1322 790 1402 824 re-

342 854 603 920 pudiavit.
663 853 856 918 Itaque
888 854 1252 903 auctoritatem
1275 854 1403 903 Ter-

338 931 544 982 tulliani
568 931 666 980 hac
706 931 757 978 in
790 944 845 978 re
870 928 1063 978 dudum
1100 929 1153 977 in
1189 929 1403 978 dubium

344 1018 599 1058 vocarunt
656 1006 752 1055 viri
802 1004 1013 1055 eruditi.
1104 1005 1406 1068 Gutberiuo,

346 1084 600 1135 Ludovic.
629 1085 710 1133 De
741 1083 792 1131 la
824 1082 1012 1138 Cerda,
1040 1089 1095 1131 et
1126 1082 1408 1145 Pamelius,

346 1162 546 1226 opinati
568 1167 710 1220 sunt,
730 1159 1095 1208 aTertulliano
1116 1159 1227 1208 istis
1261 1160 1310 1208 in
1337 1161 1407 1209 lo·

344 1240 424 1288 cia
466 1252 567 1287 nou
613 1237 768 1286 alium
809 1236 1029 1300 intelligi
1068 1236 1409 1294 sacerdotem,

347 1330 505 1380 quam
540 1319 555 1343 ⁴
572 1311 823 1363 flaminem
848 1313 1084 1374 Dialem;
1106 1312 1121 1336 ’
1156 1314 1408 1377 appellari

348 1405 476 1442 vero
508 1393 524 1419 ‘
546 1390 843 1455 pontificem
879 1388 1191 1452 maximum,'
1228 1398 1280 1440 et
1321 1390 1411 1439 ali·

350 1467 559 1533 quaudo
582 1472 598 1494 ‘
616 1482 788 1529 regem
810 1467 1103 1516 sacrorum-⁹
1137 1467 1324 1517 Boaina
1343 1467 1411 1519 de

347 1543 612 1596 Pontifice
634 1545 870 1593 Maximo
906 1544 1087 1593 Romae
1121 1544 1344 1607 Veteris,
1366 1559 1415 1595 c.

349 1625 402 1672 2.
421 1621 681 1677 concedit,
698 1621 1093 1684 Tertullianum,
1109 1622 1412 1685 scriptorem

359 1697 566 1755 Afrum,
606 1705 659 1747 et
705 1712 874 1746 rernm
921 1699 1268 1747 Romanarum
1307 1714 1413 1749 non

350 1777 548 1842 ubique
570 1778 695 1825 satis
721 1775 963 1840 peritum,
987 1777 1193 1826 nomina
1207 1776 1415 1841 pontifi-

352 1855 430 1904 cis
455 1853 678 1908 maximi,
701 1861 756 1901 et
786 1851 1006 1902 flaminia
1031 1853 1219 1916 Dialia,
1235 1852 1412 1903 confu-

354 1930 534 1993 dia⁸a;
565 1944 669 1979 non
709 1931 832 1978 item
871 1944 901 1978 a
926 1929 1170 1979 Romania
1207 1929 1419 1980 factum.

356 2007 491 2058 Qua
537 2006 668 2055 ratio
705 2020 808 2055 uon
846 2012 929 2054 est
962 2006 1029 2054 de
1067 2006 1247 2057 nihilo.
1315 2006 1416 2056 Sed

353 2082 517 2149 quid?
550 2083 594 2131 ai
630 2082 970 2145 auspicemur,
1006 2081 1227 2132 fortasse
1271 2097 1419 2147 aeque

354 2160 496 2224 apud
518 2159 912 2220 Tertullianum,
931 2173 992 2208 ac
1014 2158 1149 2223 apud
1176 2159 1421 2223 Plinium,

356 2238 475 2288 loco
488 2236 707 2302 flaminis
734 2236 953 2300 maximi,
976 2251 1004 2284 a
1028 2236 1251 2285 librariis
1272 2251 1422 2285 nasu·

360 2317 431 2367 tia
470 2331 585 2367 ease
624 2318 905 2380 reponitum
942 2317 1155 2382 pontifici
1197 2318 1420 2368 maximo.

358 2394 554 2459 Ecquis
598 2394 734 2443 enim
777 2394 915 2459 apud
956 2395 1326 2444 Tertullianum
1368 2396 1421 2444 in

359 2473 585 2525 Exhort.
606 2473 673 2522 ad
696 2472 838 2522 Cast.
860 2487 906 2522 c.
942 2476 1022 2523 13.
1049 2487 1150 2530 non
1174 2480 1421 2536 expecta·

360 2557 448 2601 ret
469 2550 781 2614 legendum?
815 2554 830 2580 ⁸
858 2551 1018 2601 Certe
1040 2550 1300 2601 flaminica
1320 2565 1422 2602 non

361 2629 465 2679 uici
486 2629 684 2677 univira
707 2636 808 2687 eat,
834 2643 948 2691 quae
975 2635 1031 2675 et
1063 2625 1284 2676 flaminia
1321 2628 1423 2677 lex.

360 2707 503 2760 Nam
526 2706 631 2757 duo
654 2708 754 2771 ipsi
771 2704 962 2756 flamini
987 2706 1212 2755 maximo
1236 2707 1425 2755 iterare

360 2786 693 2837 matrimnia
711 2798 812 2833 non
836 2783 997 2834 licet.'
1063 2786 1131 2833 Et
1154 2784 1220 2833 de
1245 2784 1426 2834 Mono-

364 2878 504 2925 εισι.
528 2878 574 2911 c.
599 2867 677 2913 17.
700 2862 815 2925 quis
832 2876 934 2911 non
956 2870 1129 2924 putet,
1146 2871 1234 2911 aut
1255 2863 1425 2924 potius

365 2939 782 3003 conjungendos,
801 2938 817 2965 ‘
839 2938 1096 2987 flaminem
1113 2938 1429 3001 maximum‚'

364 3026 422 3068 et
440 3025 455 3045 ⁸
479 3014 787 3066 flaminii-am
807 3015 843 3076 ;'
867 3024 975 3071 aiut.
994 3016 1037 3064 ai
1071 3030 1246 3065 verum
1271 3024 1427 3073 esset,

365 3093 504 3156 quod
524 3091 754 3155 pontifici
780 3093 1019 3147 maximo,
1038 3093 1253 3156 ejusque
1276 3094 1429 3142 uxori

368 3169 526 3230 vulgo
563 3168 890 3229 attribuitur,
925 3168 1221 3231 pontificem
1266 3170 1428 3218 maxi·

368 3259 533 3309 mum,
556 3252 611 3294 et
635 3259 846 3295 uxorem
870 3246 1005 3308 ejus.
1024 3245 1220 3296 nubere
1237 3247 1429 3296 semel?

366 3321 550 3386 Atque
585 3323 715 3372 adeo
756 3338 822 3371 ne
844 3324 1191 3373 Tertullianus
1225 3323 1431 3388 quidem

367 3400 514 3462 leges
534 3398 603 3451 de
620 3400 883 3461 castitate,
899 3408 951 3448 et
967 3401 1290 3463 monogamia
1311 3415 1434 3449 uxo⁴

370 3477 443 3525 ria
481 3474 741 3537 pontificis
766 3477 995 3538 maximi,
1026 3478 1256 3540 attingit.
1323 3477 1435 3541 Ego

369 3551 583 3614 quidem
604 3567 706 3601 non
730 3553 937 3602 memini
967 3567 1193 3618 unquam
1218 3568 1435 3603 momor-

371 3627 512 3689 diue
534 3629 754 3690 laurum,
786 3637 847 3679 nt
879 3629 1115 3679 divinare
1138 3631 1358 3692 possim3
1393 3630 1437 3680 ai

375 3712 548 3755 tamen
581 3706 752 3754 omnia
785 3707 883 3755 ista
917 3705 1198 3767 diligenter
1233 3720 1437 3755 mecum

373 3781 638 3844 expendo,
664 3783 785 3831 milii
811 3783 992 3847 utique
1029 3782 1195 3831 habeo
1227 3796 1438 3846 persua·

370 3874 506 3920 aum,
530 3860 710 3909 saltem
734 3860 906 3909 Plinio
945 3860 1321 3919 restituendum
1360 3875 1438 3908 ea-

374 3951 456 3997 ne,
483 3935 680 4000 ,nmini
719 3937 961 3993 maz-imm
1015 3952 1165 4001 quam
1202 3935 1441 3986 emenda-

374 4012 574 4063 tionem
616 4013 741 4063 licet
764 4013 876 4077 ipse
910 4012 1132 4061 noudum
1165 4027 1319 4061 ausus
1342 4013 1440 4061 aim

375 4088 617 4151 recipere
658 4088 709 4138 in
745 4096 1069 4152 contextum,
1100 4087 1319 4139 fortasse
1351 4089 1443 4137 ali-

374 4165 583 4229 quando
612 4166 876 4216 audebunt
897 4166 1021 4226 alii;
1054 4180 1169 4231 que
1207 4180 1329 4216 vero
1353 4181 1441 4216 au-

375 4241 532 4293 dacia
567 4249 668 4306 eat,
712 4244 885 4294 lumen
920 4241 1170 4306 praeferre
1206 4242 1445 4307 caligini?

2354 311 2525 378 1027

1477 469 1720 519 Schworz.

1541 548 1782 608 Eligeadu
1801 548 1866 596 ait
1897 547 2094 611 conjux]
2130 549 2248 598 Non
2285 550 2438 614 pauci
2474 551 2533 600 li·

1476 621 1687 673 brorum
1734 626 2098 688 impressorum
2145 628 2373 690 produnt
2418 629 2535 678 deli-

1717 702 1932 765 Contra,
1961 718 2138 752 omnes
2172 703 2378 754 codices
2405 706 2535 755 Mn.

1479 792 1609 842 quoa
1632 777 1755 842 adii,
1775 779 1959 827 liabent
1982 781 2215 840 eligenda.
2279 782 2535 845 Equidem

1480 854 1738 904 Ausonius
1782 856 1983 918 Popma
2024 856 2302 906 discrimen
2353 860 2539 910 statuit

1481 931 1615 978 inter
1656 931 1811 981 verba
1843 931 2142 996 ‘deligere'
2180 944 2235 983 et
2271 935 2286 961 ⁸
2308 935 2543 995 eligere!

1480 1008 1496 1035 ⁸
1524 1006 1807 1071 Deligere,’
1842 1008 2026 1073 inquit,
2061 1015 2144 1059 est
2170 1023 2199 1059 e
2230 1011 2401 1059 multis
2431 1010 2540 1060 ido·

1484 1084 1596 1133 neia
1652 1086 1874 1147 aliquem
1929 1087 2173 1136 eximium
2239 1087 2540 1149 adsumere3

1485 1164 1501 1190 ‘
1527 1162 1721 1226 eligere
1739 1162 1752 1183 ’
1775 1178 1899 1213 vero
1933 1171 2016 1213 eat
2046 1179 2076 1214 e
2110 1165 2286 1230 quavis
2309 1164 2541 1216 multitu-

1486 1239 1606 1289 dine
1633 1255 1785 1290 unum
1811 1256 2104 1304 secernere,
2128 1243 2210 1293 vel
2245 1242 2311 1291 ad
2348 1243 2543 1306 eligen-

1489 1318 1556 1367 ti·
1589 1319 2007 1375 emolumentum,
2043 1320 2125 1370 vel
2164 1321 2229 1369 ad
2267 1321 2415 1383 illius,
2453 1320 2545 1384 qui

1484 1393 1721 1456 eligitur,
1766 1394 2091 1459 dignitatem.
2169 1396 2382 1459 Verum,
2426 1409 2542 1445 cum

1485 1469 1585 1518 boc
1610 1470 1885 1521 discrimen
1910 1486 2010 1522 non
2034 1473 2104 1523 ait
2125 1480 2458 1536 perpetuum,
2480 1486 2544 1521 ac

1489 1563 1605 1597 cum
1629 1557 1705 1599 tot
1728 1549 1933 1599 codices
1958 1551 2084 1601 Mu.
2113 1549 2347 1599 referant
2366 1549 2546 1612 eligen-

1487 1628 1583 1684 da,·
1616 1626 1857 1691 deniqroe,
1879 1642 1993 1677 cum
2019 1627 2086 1676 de
2116 1626 2298 1677 eadem
2325 1641 2548 1690 perrona

1489 1718 1590 1752 non
1627 1706 1839 1752 verbum
1871 1707 1886 1732 ‘
1908 1702 2207 1768 delegerit,'
2226 1702 2316 1751 aed
2341 1702 2357 1729 ‘
2376 1704 2547 1766 elege-

1489 1778 1596 1835 rit‚'
1617 1789 1924 1831 constanter
1946 1783 1996 1830 in
2020 1782 2256 1830 omnibus
2287 1778 2429 1830 libris
2467 1795 2548 1830 re·

1492 1867 1725 1922 petatur,
1760 1858 1885 1909 nibil
1930 1858 2182 1920 dubitavi,
2221 1858 2549 1922 participium

1484 1933 1707 1995 ²eligenda
1731 1935 1984 1998 recipere,
2003 1935 2139 2000 quod
2153 1935 2262 1998 jam
2280 1935 2329 1983 in
2353 1934 2551 1998 aliquot

1492 2011 1641 2060 libris
1693 2014 1897 2061 excusis
1942 2013 2174 2074 legimus.
2262 2012 2554 2068 Praeterea,

1494 2087 1544 2135 in
1580 2101 1680 2136 non
1720 2088 1872 2136 nullia
1918 2087 2121 2151 quidem
2163 2087 2304 2136 libri·
2344 2087 2553 2150 scriptia

1494 2164 1798 2227 excuaiaque
1870 2172 2015 2213 extat
2078 2162 2317 2223 οοηὶιιηες
2382 2163 2556 2212 analo·

1494 2242 1596 2305 gire
1648 2249 1820 2290 tamen
1867 2240 2278 2301 convenientius,
2337 2245 2391 2287 et
2453 2239 2555 2286 uai-

1499 2318 1674 2374 tatiun,
1729 2317 1977 2365 scribitur
2024 2314 2216 2374 conjux,
2255 2321 2555 2377 propterea,

1497 2395 1636 2458 quod
1707 2407 1855 2443 cauus
1911 2390 2162 2457 gignendi
2232 2405 2334 2446 non
2399 2389 2559 2438 babet

1497 2474 1514 2500 ‘
1540 2469 1847 2535 conjungia,'
1870 2471 1960 2519 sed
1986 2473 2001 2499 ⁸
2019 2469 2284 2532 conjugia;
2301 2467 2314 2488 ’
2338 2477 2394 2518 et
2416 2467 2556 2531 quod

1500 2563 1684 2598 nomen
1707 2547 1935 2612 ejusdem
1959 2548 2172 2610 originis
2196 2560 2295 2595 nou
2317 2545 2561 2594 scribitur

1501 2633 1516 2653 ⁸
1538 2623 1911 2689 conjungium,’
1935 2625 2025 2674 sed
2052 2627 2067 2652 ⁴
2085 2621 2414 2687 conjugium.’
2462 2624 2561 2673 At·

1500 2717 1602 2767 que
1636 2705 1709 2752 ita
1732 2704 1841 2766 jam
1866 2704 2110 2760 Scaurus,
2132 2711 2281 2751 vetus
2306 2714 2560 2764 gramma-

1503 2782 1659 2842 ticus,
1697 2781 1878 2829 melina
1916 2781 2116 2844 putavit
2150 2779 2322 2841 conjux
2362 2778 2464 2828 dici
2505 2785 2562 2828 et

1503 2858 1679 2909 scribi.
1760 2859 2044 2920 Sequentia
2078 2858 2256 2917 verba,
2290 2856 2372 2904 abi
2403 2862 2565 2905 nutem

1501 2945 1593 2993 eat.
1632 2952 1731 2986 non
1769 2938 1897 2986 nulli
1934 2936 2047 2984 libri
2084 2936 2158 2985 sic
2199 2939 2565 3007 transponunt,

1503 3015 1585 3063 ubi
1605 3019 1677 3062 eat
1699 3019 1875 3062 cutem.
1911 3012 2076 3060 Idem.

1496 3134 1503 3141 .
1575 3091 1710 3139 Idem
1732 3087 1872 3151 eatis]
1907 3088 1977 3137 Η.
2000 3102 2049 3136 e.
2083 3085 2286 3134 Baunio
2323 3083 2452 3132 bene
2488 3084 2565 3133 in-

1507 3175 1849 3232 terpretante.
1872 3167 2025 3215 iidem
2043 3165 2169 3213 eatis
2185 3163 2294 3227 jam
2320 3163 2372 3211 in
2398 3163 2566 3225 digui-

1508 3251 1619 3293 tate
1644 3243 1993 3306 imperatoria,
2016 3242 2101 3307 qui
2138 3240 2355 3289 antehac
2386 3239 2438 3288 in
2464 3239 2569 3303 pri-

1508 3331 1631 3370 vata
1650 3320 1877 3370 fortuna.
1946 3319 2141 3368 Eodem
2176 3316 2286 3366 fere
2309 3330 2460 3366 aenan
2485 3331 2569 3365 au·

1508 3413 1625 3461 pra,
1652 3410 1811 3446 xxtv.
1835 3401 1884 3445 2.
1920 3395 2156 3445 dixerat:
2191 3396 2207 3423 ‘
2233 3392 2429 3443 Eadem
2462 3408 2571 3442 orn-

1510 3475 1596 3522 nia
1619 3474 1705 3523 illa
1726 3473 1870 3522 circa
1894 3479 1976 3533 te;
2009 3472 2136 3520 nihil
2157 3471 2268 3534 ipsa
2289 3478 2340 3519 te
2364 3468 2572 3519 fortuna

1509 3548 1765 3601 mutavit)
1843 3548 1974 3597 Inde
2011 3562 2135 3599 vero
2169 3547 2344 3611 colligi
2383 3553 2573 3612 potest,

1509 3626 1790 3688 Trajanum
1836 3624 2046 3675 duxisse
2088 3626 2371 3680 Plotinam,
2426 3631 2572 3673 ante-

1507 3719 1664 3770 quam
1690 3703 1971 3765 imperator
1988 3702 2155 3752 fieret.
2195 3705 2344 3752 Idem.

1581 3779 1786 3829 Probati
1830 3795 1892 3829 ex
1943 3778 2099 3843 equo]
2149 3778 2336 3828 Adhuc
2380 3776 2571 3841 ubique

1513 3857 1811 3918 evulgatum
1835 3862 1930 3915 eat,
1961 3855 2172 3919 probatis
2201 3869 2264 3902 ex
2285 3868 2451 3914 aqum,-
2486 3866 2574 3899 ne-

1513 3948 1615 3999 que
1660 3934 1777 3982 binc
1820 3932 2015 3981 abeunt
2058 3932 2265 3989 codices
2307 3929 2438 3978 Mn.
2472 3928 2575 3979 nisi

1514 4012 1651 4076 quod
1676 4011 1726 4059 in
1751 4009 2013 4059 Vaticano
2034 4012 2183 4059 8461.
2205 4014 2258 4056 et
2284 4005 2574 4069 Guelpber-

1516 4089 1729 4152 hymno,
1770 4087 2021 4148 scriptum
2061 4093 2160 4142 est,
2195 4084 2348 4148 idque
2388 4097 2575 4147 perpe-

1518 4178 1647 4220 ram,
1674 4161 1912 4224 probantia
1941 4176 2003 4211 ex
2035 4176 2182 4224 equo.
2250 4159 2417 4222 Magia
2452 4173 2577 4210 vero

1512 4240 1756 4307 ,corrupit
1779 4238 2174 4302 obscuravitque
2199 4250 2372 4288 veram
2396 4236 2580 4288 lectio·
