3060 4902
764 408 827 454 ο.
877 402 1117 453 enimi
1169 399 1505 451 suenum
1561 397 1836 448 uuna.
1916 395 1964 448 1.
2007 380 2117 447 58.

327 548 453 601 ibid.
474 562 522 597 c.
537 549 625 597 58.
657 551 675 576 ‘
692 545 835 596 Deos
853 550 1119 609 precatus,
1137 543 1211 593 nti
1230 549 1401 605 coepta

324 630 725 690 prosperarent,
763 621 1019 686 sedesque
1049 636 1170 671 snas
1206 620 1402 684 pietate

325 702 591 753 bominum
633 701 900 750 inchoatas
924 699 1097 748 divina
1121 712 1223 762 ope
1249 698 1406 746 attol-

327 777 534 830 lerent.’
588 779 659 828 Et
695 777 810 826 Liv.
843 789 1030 825 xxvu.
1053 779 1133 825 17.
1168 779 1184 806 ‘
1209 773 1405 823 Asdru-

327 857 416 906 bal
440 870 560 906 cum
582 854 803 904 bostium
822 867 903 902 res
923 853 1100 902 tacitis
1125 864 1405 914 augescere

328 932 666 983 incrementis
705 936 969 990 cerneret,
997 944 1115 978 suas
1143 925 1410 983 imminui!

329 1011 434 1059 Δια.
502 1007 606 1055 Pro
644 1005 801 1054 verbo
829 1005 1037 1060 videtur,
1063 1003 1227 1052 codex
1261 1003 1408 1052 Vati·

330 1098 497 1134 eanns
520 1087 676 1132 3⁴61.
709 1089 761 1130 et
800 1078 1298 1144 Guelpherbytauus
1319 1078 1407 1126 ha·

333 1160 470 1209 beni
491 1159 750 1207 rideretur.
788 1155 1046 1205 Schwarz.

405 1236 542 1286 Car.
568 1246 727 1284 mru-
796 1235 907 1282 Non
931 1232 1002 1295 te]
1039 1231 1171 1281 Cod.
1201 1230 1411 1279 Vatica-

333 1328 435 1365 nus
473 1316 617 1362 1776.
652 1310 816 1360 babet
850 1311 993 1358 Nunc
1029 1313 1111 1366 te,·
1158 1306 1295 1371 quod
1323 1305 1410 1355 ad·

336 1389 575 1440 verbium
602 1389 809 1437 minime
832 1389 931 1436 buc
953 1386 1192 1451 quadrat.
1243 1384 1413 1446 Magis

336 1466 554 1518 tolerari
592 1467 757 1528 possit
793 1465 945 1525 Nam,
980 1462 1114 1527 quod
1165 1462 1414 1524 scriptum

337 1543 501 1594 estin
522 1542 703 1591 codice
742 1541 1000 1589 Vaticano
1033 1543 1177 1588 1475.
1211 1538 1337 1586 item
1365 1536 1415 1585 iu

339 1617 650 1679 Parisiensi,
688 1624 742 1667 et
779 1624 998 1679 utroque
1035 1617 1278 1674 Veneto;
1331 1628 1415 1662 ve·

339 1710 481 1756 rum,
502 1695 556 1744 in
580 1693 773 1744 ceteris
811 1693 1023 1756 scriptis
1054 1691 1417 1754 impressisque

339 1772 494 1823 libris
534 1772 726 1820 rectius
760 1770 999 1833 proditur
1038 1768 1294 1833 particula
1329 1780 1418 1815 ne·

343 1846 525 1912 gandi,
559 1846 693 1906 Noa,
716 1847 828 1894 sine
867 1842 1222 1907 interrogandi
1256 1843 1421 1906 siguo.

346 1923 437 1975 Ita
477 1937 603 1972 vero
645 1925 757 1972 istae
801 1922 1090 1985 particulae,
1134 1936 1243 1975 non,
1290 1934 1420 1975 num,

345 2016 494 2062 nnnc,
529 2013 778 2065 perquam
819 1998 1122 2062 frequenter
1153 2012 1183 2045 a
1208 1994 1422 2044 rudibus

348 2076 579 2129 librariis
623 2074 1024 2125 confunduntur.
1112 2073 1285 2122 Etiam
1330 2071 1423 2119 ali-

347 2162 602 2219 qnantum
635 2151 848 2202 iuferius
890 2153 941 2201 in
977 2150 1149 2199 verbis
1173 2149 1322 2213 hujus
1346 2148 1424 2210 ip·

349 2232 461 2280 ains
485 2245 603 2293 cap.
624 2231 652 2293 ς
671 2234 718 2278 8.
753 2231 768 2257 ‘
789 2229 910 2278 Non
938 2227 1172 2276 debitum
1194 2226 1292 2275 hoc
1315 2226 1425 2273 illi?

351 2308 476 2358 Non
538 2307 621 2354 vel
673 2303 814 2359 sola.’
863 2307 963 2354 dcc.
1020 2319 1111 2367 pro
1172 2301 1426 2365 particula

351 2381 736 2446 interrogandi.
808 2396 901 2429 non
961 2378 1165 2444 quidam
1220 2378 1426 2427 codices

350 2461 539 2524 scripti
568 2461 750 2509 vitiose
772 2458 1023 2507 exhibent
1039 2472 1167 2505 num.
1194 2457 1427 2506 Schwar-

352 2551 485 2587 zius.

423 2610 569 2674 Eius]
621 2610 817 2674 Utique
865 2610 1171 2666 Domitiani,
1215 2608 1281 2656 de
1324 2623 1427 2672 quo

353 2690 578 2740 Sueton.
600 2701 647 2737 c.
675 2691 755 2736 13.
786 2687 802 2715 ‘
828 2687 1143 2735 Consulatus
1171 2698 1318 2735 xvii.
1343 2700 1428 2733 ce·

358 2766 458 2830 pit,
481 2770 608 2827 quot
634 2771 754 2813 ante
778 2777 895 2810 eum
921 2776 1090 2811 nemo.
1145 2763 1222 2810 Ex
1248 2760 1429 2825 quibus

356 2850 568 2907 septem
604 2842 801 2891 medios
841 2840 1201 2890 continuavit:
1254 2852 1430 2887 omues

360 2928 539 2971 autem
566 2934 715 2983 paene
744 2918 893 2968 titulo
934 2926 1084 2967 tenus
1108 2916 1304 2979 gessit3
1338 2930 1433 2964 nec

357 3013 674 3066 quemqnam
701 3000 837 3047 ultra
873 2996 1127 3047 Calendas
1152 2995 1300 3056 Maii,
1322 2995 1432 3057 plu-

360 3090 448 3126 res
473 3075 538 3123 ad
563 3073 691 3125 Idus
708 3069 1189 3136 usqnerunarias.'
1213 3071 1435 3118 Potor-ol.

431 3152 581 3216 Eius]
632 3151 937 3211 Domitiani,
973 3148 1039 3197 de
1077 3163 1179 3214 quo
1220 3148 1436 3196 Suetou.

274 3252 278 3255 ’
362 3244 487 3294 cap.
517 3234 598 3278 14.
633 3229 649 3256 ‘
677 3227 987 3278 Consulatus
1012 3230 1093 3274 17.
1128 3225 1289 3289 cepit,
1312 3230 1439 3289 quot

363 3315 490 3358 ante
515 3320 633 3355 enm
661 3302 848 3354 nemo!
877 3303 1014 3365 Lips.

435 3383 539 3441 Qui
559 3381 797 3431 continuis
817 3376 1157 3440 consulatibus]
1183 3375 1439 3426 Ausonius

365 3459 673 3511 Gratiarum
727 3456 936 3505 actione
980 3454 1042 3502 ad
1092 3452 1440 3503 Gratianum:

368 3539 386 3567 ‘
425 3537 539 3586 Scis
578 3534 759 3584 decem
806 3546 867 3581 ac
914 3539 1113 3595 septem
1159 3528 1442 3579 Domitiani

367 3613 694 3669 consulatus,
729 3623 857 3673 quos
895 3608 983 3657 ille
1021 3605 1213 3655 invidia
1252 3605 1443 3653 alteros

366 3685 692 3756 provehendi
751 3682 1107 3734 continuando
1161 3680 1447 3743 conseruit,

366 3767 447 3817 ita
483 3767 539 3814 in
574 3762 684 3827 ejus
718 3760 970 3810 aviditate
1005 3757 1223 3819 derisos,
1256 3764 1313 3805 nt
1349 3756 1446 3805 boc

369 3857 490 3894 enm
530 3841 723 3904 pagina
750 3838 1014 3887 Fastorum
1039 3835 1222 3898 (immo
1247 3831 1448 3881 fastidi·

370 3919 552 3982 orum)
598 3916 787 3966 fecerit
834 3909 1177 3963 insolentem-⁹
1247 3908 1347 3956 Adi
1392 3914 1448 3957 et

369 3999 595 4049 sueton.
623 3991 821 4043 Domit.
844 4003 962 4051 cap.
988 3991 1068 4036 13.
1102 3985 1267 4034 Licin.

443 4068 725 4131 Continuis]
763 4065 1075 4115 Contiunnm
1094 4062 1189 4110 sibi
1212 4076 1240 4108 a
1258 4060 1449 4124 populo

374 4150 652 4201 decretum
692 4142 949 4193 recusavit
987 4139 1265 4190 Africanus
1296 4153 1449 4201 supe·

375 4230 498 4280 rior.
555 4225 678 4275 Val.
702 4223 848 4271 Max.
871 4235 944 4269 tv,
970 4224 1016 4269 1.
1044 4217 1249 4268 admisit
1272 4217 1335 4265 ad
1360 4217 1452 4267 de·

375 4305 624 4357 cenninm
656 4301 853 4353 Caesar.
890 4298 991 4349 Dio
1027 4297 1116 4348 lib.
1140 4308 1258 4346 xm.
1292 4295 1451 4346 Multi

2411 373 2545 443 811

1480 547 1810 604 perpetuum.
1846 538 2013 588 Vetus
2035 535 2198 601 lapis:
2232 540 2248 563 ¹
2271 532 2436 585 Aulus
2457 533 2551 582 Vi·

1480 618 1674 678 tellius,
1690 617 2006 681 Imperator,
2019 613 2211 664 Consul
2231 610 2555 675 perpetuus.'

1484 693 1733 756 Plerique
1794 706 1982 741 annum
2042 689 2368 754 aperiebant,
2427 686 2552 735 alios

1481 770 1673 820 deinde
1695 767 2040 818 sufficiebant.
2110 767 2226 814 Fuit
2244 773 2416 813 autem
2440 765 2553 813 baec

1483 847 1709 911 dignitas
1749 845 1847 894 sub
1884 846 2007 906 ipsis
2036 843 2191 892 etiam
2229 839 2553 904 imperatori·

1485 923 1580 973 bus
1617 923 1748 972 adeo
1784 921 1979 985 ampla,
2013 920 2146 968 utin
2182 917 2396 981 imperio
2428 916 2554 965 nibil

1485 1007 1623 1049 esset
1643 999 1875 1062 amplius,
1901 1004 1956 1046 et
1981 995 2175 1059 majus:
2214 1007 2397 1056 nempe
2416 990 2558 1041 ordi·

1485 1080 1768 1138 uariorum,
1807 1091 1904 1125 non
1942 1071 2299 1131 suffectorum,
2324 1079 2379 1120 ut
2402 1069 2559 1120 docet

1484 1155 1777 1207 Jornandes
1795 1153 1845 1201 in
1865 1152 2122 1201 Chronico
2138 1149 2204 1197 de
2223 1148 2393 1197 Rebus
2409 1146 2561 1196 Gott.

1486 1241 1544 1281 et
1578 1230 1866 1292 Procopius
1906 1229 1994 1276 lib.
2019 1239 2059 1275 1.
2100 1227 2251 1274 Pers.
2286 1231 2301 1253 ⁴
2328 1223 2558 1287 Eratque

1487 1306 1684 1368 bonos,'
1726 1315 1779 1354 ut
1818 1303 2162 1354 Mamertinus
2203 1301 2254 1349 in
2296 1300 2557 1361 Panegyr-

1487 1387 1733 1451 loquitur‚
1746 1385 1761 1413 ‘
1775 1385 1884 1433 sine
1900 1382 2073 1430 labore
2088 1375 2396 1441 susceptus.'
2421 1376 2559 1425 Hinc

1491 1465 1835 1526 imperatores
1875 1460 2009 1508 iilius
2052 1458 2185 1507 adeo
2221 1454 2369 1504 fuere
2404 1451 2560 1512 avidi,

1492 1547 1547 1588 nt
1589 1538 1703 1586 aliis
1737 1538 2059 1585 subtractum
2094 1537 2371 1594 cuperent,
2394 1539 2447 1578 et
2472 1542 2562 1576 no-

1492 1616 1630 1664 mine
1670 1627 1759 1661 suo
1790 1625 1965 1660 omues
2005 1622 2164 1658 annos
2191 1605 2424 1667 insigniri
2454 1604 2563 1653 vei·

1494 1691 1621 1739 ient.
1688 1697 1702 1719 ‘
1729 1689 1937 1750 Nempe
1963 1685 2175 1734 ambitio
2210 1681 2381 1744 magui
2408 1679 2566 1730 animi

1494 1781 1598 1815 nou
1634 1774 1711 1815 est
1750 1771 1992 1813 contenta
2027 1760 2307 1810 bonoribus
2340 1757 2565 1817 annuis3

1498 1845 1538 1892 si
1565 1842 1676 1892 fieri
1703 1849 1895 1906 potest,
1929 1853 2048 1895 uuo,
2066 1836 2271 1885 nomine
2309 1845 2567 1895 occupare

1495 1919 1656 1970 fastos
1669 1915 1814 1966 vult!
1847 1917 2033 1965 Seuec.
2052 1914 2115 1961 de
2136 1913 2241 1967 Ira,
2260 1925 2299 1959 1.
2314 1915 2392 1958 16.
2418 1909 2569 1958 Ber-n.

1564 1993 1811 2056 Longum]
1854 1993 1991 2042 Nam
2032 1991 2151 2039 anni
2187 2003 2282 2052 per
2326 1986 2567 2035 consules

1498 2071 1754 2133 distingui
1779 2068 1918 2117 soliti
1940 2083 1952 2115 :
1990 2081 2107 2115 cum
2130 2074 2300 2113 autem
2327 2064 2413 2111 ille
2439 2075 2569 2110 unus

1499 2162 1727 2211 semper,
1773 2144 2050 2194 videbatur
2096 2149 2149 2189 et
2206 2153 2336 2188 unns
2390 2151 2570 2186 annus.

1503 2226 1641 2287 Lips-

1568 2302 1787 2360 Longum
1808 2294 2061 2362 quendam]
2098 2294 2286 2342 Novum
2308 2291 2550 2353 quemdam
2580 2324 2590 2338 .

1502 2378 1692 2430 Faber.

1571 2455 1689 2504 Sine
1709 2448 2007 2513 discrimine]
2044 2445 2186 2495 Alias
2219 2443 2335 2493 anni
2361 2441 2575 2493 nomini·

1505 2534 1602 2583 bus
1626 2533 1891 2582 consulum
1918 2527 2230 2578 variantium
2257 2524 2415 2574 facile
2439 2523 2575 2571 iuter

1505 2627 1560 2661 se
1585 2609 2034 2660 discernebantur.
2082 2606 2169 2654 Ita
2192 2618 2241 2652 e.
2267 2617 2314 2666 g.
2334 2614 2467 2649 auno
2493 2614 2578 2649 nr-

1506 2689 1584 2737 bis
1600 2686 1825 2736 conditae
1843 2687 1959 2733 ⁷54.
1977 2683 2058 2733 vel
2075 2687 2193 2745 post
2212 2686 2387 2729 natum
2407 2677 2578 2727 Chris-

1508 2773 1638 2826 tum,
1677 2768 1724 2811 2.
1766 2760 1934 2811 Fastis
1972 2759 2179 2808 nomina
2216 2755 2496 2817 dederunt,
2517 2754 2582 2802 P.

1508 2839 1753 2894 Viuitins,
1789 2843 1842 2886 et
1879 2839 1944 2886 P.
1966 2833 2204 2885 Alfenius
2245 2832 2470 2890 Varius3
2505 2844 2582 2878 se-

1508 2917 1688 2982 quenti
1727 2930 1878 2971 nune.
1918 2915 1974 2961 L.
2000 2912 2161 2961 AEiius
2205 2909 2402 2962 Lamia,
2426 2914 2479 2954 et
2506 2906 2584 2954 M.

1512 2993 1783 3053 Servilius,
1803 2994 1900 3039 &c.
1937 2986 2191 3040 Quoniam
2214 2997 2332 3031 vero
2356 2981 2584 3031 Domiti·

1514 3087 1642 3122 anus
1680 3071 1960 3132 imperator
1986 3079 2079 3129 per
2105 3071 2184 3113 tot
2218 3075 2377 3110 annos
2401 3072 2588 3107 consu-

1511 3152 1674 3199 latum
1702 3145 2117 3204 continuaverat,
2133 3154 2282 3189 omne
2305 3134 2585 3187 discrimen

1514 3238 1758 3275 annorum
1796 3220 2064 3271 sustulisse
2100 3217 2311 3265 dicitur.
2378 3211 2483 3262 Sed
2510 3211 2589 3260 di-

1516 3303 1650 3351 citur
1677 3314 1769 3362 per
1804 3295 2265 3359 exaggerationem
2296 3289 2590 3339 oratoriam.

1516 3378 1747 3429 Omnino
1788 3376 1924 3423 enim
1969 3367 2226 3434 superfuit
2273 3366 2589 3425 discrimem

1518 3455 1640 3504 dnm
1667 3466 1765 3501 uon
1792 3451 1954 3499 solnm
1974 3449 2174 3509 collega
2190 3458 2396 3507 semper
2413 3441 2591 3491 Domi·

1520 3532 1661 3582 tiano
1686 3527 1883 3580 consuli
1918 3523 2017 3574 fnit
2038 3522 2341 3586 adjunctus3
2378 3518 2469 3568 sed
2493 3517 2591 3567 eti-

1522 3624 1603 3657 am
1623 3605 1838 3668 singulis
1858 3604 1967 3667 ejus
1984 3598 2335 3650 consulatibus
2351 3608 2592 3644 uumems

1521 3682 1751 3738 additus,
1802 3678 1940 3728 unde
1986 3674 2282 3725 discrimina
2344 3684 2592 3721 annorum

1522 3765 1838 3811 constarent.
1872 3756 1957 3805 Sic
1978 3753 2114 3802 enim
2135 3765 2297 3800 annus
2316 3749 2455 3798 urbis
2474 3762 2592 3796 con·

1522 3836 1647 3885 ditae
1685 3837 1801 3883 835.
1838 3833 1947 3880 sive
1972 3836 2091 3893 post
2120 3836 2292 3876 natum
2333 3824 2593 3873 Christum

1522 3916 1606 3960 82.
1636 3910 1685 3957 iu
1712 3906 1877 3957 Fastis
1900 3903 2272 3967 designabatur
2305 3894 2597 3946 nominibus

1526 3985 1816 4038 Domitiani
1853 3981 2075 4046 Augusti
2110 3991 2233 4028 viti.
2277 3983 2330 4025 et
2351 3976 2413 4023 Τ.
2436 3974 2598 4024 Flavii

1527 4063 1729 4123 Sabini,
1752 4060 2049 4116 cousuluin3
2089 4054 2154 4104 Α.
2176 4056 2240 4103 U.
2263 4055 2322 4101 C.
2343 4056 2460 4100 836.
2491 4051 2598 4101 Do-

1524 4138 1727 4192 mitiani
1756 4134 1982 4200 Augusti
2010 4146 2088 4181 ix.
2111 4137 2165 4179 et
2188 4132 2254 4181 Q.
2281 4127 2456 4176 Petilii
2486 4125 2600 4176 Rufi

1528 4232 1590 4267 n.
1616 4221 1775 4275 atque
1799 4213 1874 4260 sic
1898 4211 1949 4259 in
1978 4207 2206 4268 reliquis.
2242 4203 2482 4252 Schmun-z.

1596 4290 1719 4354 His]
1757 4288 1820 4341 In
1842 4282 2111 4340 codicibus
2130 4280 2418 4338 Vaticanis,
2438 4280 2595 4331 Guel-
