3060 4902
544 348 677 414 926

542 509 688 572 φορᾷ·
723 520 769 555 v.
793 521 844 570 g.
881 518 970 556 nx.
1005 509 1054 555 2.
1092 510 1148 555 et
1183 510 1233 554 6.
1267 503 1437 568 Epist.
1460 517 1527 553 11.
1552 506 1603 552 9.

541 588 593 639 «1.
627 589 678 633 6.
721 585 820 631 διο.
862 597 956 631 cnr
1000 596 1102 631 non
1148 583 1305 631 etiam
1348 582 1606 643 longiores

541 660 828 710 sententias
867 659 1018 708 simili
1051 659 1266 723 ἀναφορᾷ
1299 666 1469 714 ornet,
1516 656 1608 706 ubi

540 736 778 802 inprimis
827 751 932 786 non
988 737 1169 785 eadem
1226 744 1309 785 est
1351 743 1610 784 structura

540 815 879 877 grammatica
900 829 1100 872 vocum,
1122 829 1238 879 quae
1258 812 1558 876 dependent
1579 826 1607 859 a

540 891 705 941 verbo
729 893 937 954 priore:
971 899 1123 954 prout
1149 892 1198 938 in
1224 891 1319 939 hoc
1344 891 1609 952 loco,ver-

543 967 668 1018 bum
719 968 928 1030 contigit
998 968 1215 1030 primum
1273 965 1612 1028 conjungitur

543 1059 662 1094 cnm
688 1045 914 1105 nomine,
939 1044 1161 1104 Contigit
1182 1043 1372 1090 insolita
1393 1049 1504 1091 ante
1523 1042 1610 1101 sa-

540 1120 680 1178 vies:
729 1120 919 1170 deinde
962 1120 1294 1183 conjungitur
1346 1133 1461 1167 cum
1509 1119 1610 1166 alio

543 1197 723 1258 verbo,
736 1197 954 1258 Contigit
969 1197 1162 1251 intueri,
1181 1200 1297 1259 ᾆσμ’
1334 1195 1610 1259 Utcunque

543 1282 644 1335 est,
688 1288 838 1322 nemo
896 1273 1129 1336 negabit,
1182 1273 1245 1322 sd
1303 1271 1611 1336 explendam

543 1349 704 1399 Plinii
759 1351 1093 1410 sententiam,
1136 1350 1344 1399 omniuo
1399 1363 1610 1398 necesse

545 1441 681 1487 esse,
718 1436 777 1476 ut
814 1426 911 1476 hoc
949 1429 1114 1490 ipsum
1143 1427 1378 1487 verbum,
1400 1426 1483 1474 ubi
1508 1439 1611 1474 non

544 1504 734 1553 iterum
758 1518 1055 1567 expressum
1090 1501 1267 1560 fuerit,
1291 1519 1320 1552 e
1343 1504 1611 1566 superiore

544 1581 662 1630 loco
698 1582 880 1630 saltem
917 1581 1086 1630 animo
1120 1590 1406 1644 repetatur.
1470 1580 1612 1642 Jam,

544 1656 589 1704 si
614 1657 902 1719 repetendo
925 1657 1024 1705 hoc
1049 1655 1207 1704 verbo
1231 1655 1500 1710 sentimus,
1519 1670 1612 1717 per

543 1732 678 1781 hanc
701 1734 860 1795 ipsam
897 1732 1262 1793 repetitionem
1301 1734 1612 1781 sententiam

544 1808 709 1858 Plinii
762 1822 861 1856 non
905 1810 1068 1856 solum
1116 1807 1335 1870 expleri,
1379 1806 1470 1855 sed
1514 1808 1611 1856 eti·

544 1899 627 1933 am
659 1884 970 1947 vegetiorem
1006 1881 1396 1946 fluidioremque
1430 1881 1612 1944 reddi;

543 1961 656 2024 quis
693 1975 792 2009 non
834 1961 1082 2023 conjiciat
1121 1960 1480 2022 intelligatque
1515 1961 1611 2009 hoc

544 2038 757 2087 verbum
813 2051 915 2085 non
960 2046 1202 2100 tanquam
1259 2038 1503 2096 alienum,
1556 2044 1612 2085 et

543 2124 794 2179 tanquam
839 2114 1011 2163 labem
1058 2114 1336 2177 quandam,
1389 2114 1611 2162 orationi

545 2192 706 2241 Plinii
761 2190 986 2253 inferri3
1042 2191 1132 2240 sed
1187 2190 1444 2240 excidisse
1496 2192 1611 2254 jam

543 2267 685 2330 olim,
735 2276 792 2317 et
833 2266 1019 2316 merito
1065 2267 1172 2331 jam
1219 2267 1416 2315 restitui
1454 2265 1613 2315 debe·

544 2345 640 2393 re?
710 2345 763 2393 Si
788 2344 997 2401 dixeris,
1032 2345 1084 2393 in
1123 2346 1276 2393 nullis
1309 2360 1429 2394 vero
1468 2346 1614 2394 libris

545 2434 817 2485 superesse
865 2420 1108 2471 indicium
1155 2420 1410 2487 quoddam
1465 2422 1613 2486 liujus

545 2499 710 2560 verbi,
724 2500 820 2547 ltoc
843 2498 893 2546 in
913 2499 1027 2547 loco
1048 2499 1327 2548 reiterandi
1347 2515 1364 2559 ;
1400 2513 1610 2563 respon·

546 2576 665 2637 deo,
686 2589 958 2638 superesse
983 2584 1172 2632 tamen,
1204 2585 1357 2637 prout
1385 2576 1499 2639 jam
1533 2592 1613 2624 os-

547 2651 710 2712 tendi,
765 2650 1012 2699 indicium
1071 2651 1120 2700 in
1181 2652 1292 2714 ipso
1360 2662 1610 2701 contextu

546 2740 788 2789 nexuque
843 2727 1109 2776 orationis.
1176 2727 1388 2786 Adhaec,
1442 2744 1612 2795 neque

546 2804 650 2853 alia
666 2802 852 2852 desunt
875 2803 989 2852 loca
1012 2819 1195 2853 manca
1215 2813 1269 2853 et
1288 2814 1535 2868 corrupta
1562 2807 1610 2856 in

544 2882 644 2931 hoc
699 2880 1044 2945 Panegyrico,
1092 2883 1276 2947 quibus
1333 2885 1612 2945 explendis

546 2958 984 3024 emendandisque
1000 2959 1126 3007 nulli
1144 2959 1308 3007 adhuc
1322 2960 1459 3021 libri,
1473 2962 1611 3024 quod

545 3037 698 3086 valde
732 3036 899 3092 doleo,
934 3035 1162 3084 remedia
1199 3036 1458 3096 attulere;
1494 3053 1611 3100 quae

545 3120 720 3163 tamen
777 3127 843 3163 ex
898 3120 1146 3162 contextu
1203 3113 1613 3174 probabilissime

548 3199 767 3255 possunt
791 3191 1075 3259 emendari.
1127 3190 1331 3247 Annon,
1367 3206 1414 3239 v.
1436 3207 1485 3254 g.
1511 3205 1612 3241 xx.

547 3274 598 3316 4.
632 3271 685 3318 in
725 3269 961 3317 omnibus
1000 3267 1206 3317 omnino
1242 3268 1383 3317 libris
1406 3270 1612 3332 legitur,

547 3344 563 3370 ‘
583 3344 715 3394 Cum
747 3343 964 3393 abactus
994 3346 1251 3407 hospitum
1288 3356 1557 3395 exerceret
1577 3346 1614 3395 ?’

549 3419 635 3465 ubi
667 3430 835 3467 tanuen
873 3436 1005 3470 nuuc
1035 3437 1099 3468 ex
1139 3431 1386 3470 contextu
1412 3423 1613 3486 judico,

547 3495 824 3556 legendum
870 3512 1001 3557 esse,
1052 3500 1173 3547 Cum
1213 3498 1410 3548 abactas
1452 3501 1613 3563 hospi-

547 3579 648 3622 tam
680 3575 933 3623 exercitus.
997 3579 1164 3626 Taceo
1191 3579 1304 3641 jam
1341 3581 1486 3642 plura
1520 3581 1613 3628 hu·

539 3650 631 3715 jus
664 3650 867 3711 generis
911 3655 1169 3714 exempla.
1232 3656 1285 3704 Si
1319 3657 1402 3705 cui
1443 3671 1613 3721 neque

548 3729 627 3779 sic
661 3727 869 3793 quidem
906 3728 972 3777 ad
1011 3733 1350 3792 repetendum
1380 3734 1612 3798 verbum,

548 3807 774 3869 contigit,
795 3805 1075 3865 satisfacio,
1100 3806 1142 3854 is
1174 3822 1266 3870 per
1301 3825 1381 3857 me
1414 3824 1508 3872 pro
1535 3812 1612 3858 lu·

551 3886 664 3935 bitu
709 3883 1002 3932 missionem
1046 3882 1138 3931 det
1176 3883 1335 3932 verbo
1378 3886 1609 3938 innoxio.

551 3962 794 4012 Schwarz.

616 4035 827 4101 Intueri]
862 4036 1139 4103 laturique
1177 4038 1345 4088 Lirin.
1379 4040 1432 4090 in
1476 4054 1610 4089 mar-

551 4114 690 4178 gine.

616 4192 805 4243 Intueri
837 4191 1021 4256 parem]
1070 4191 1202 4242 Hazc
1237 4192 1413 4257 verba,
1448 4194 1607 4244 iuter·

539 4269 700 4333 jectis
730 4270 1120 4334 supplementis,
1142 4271 1218 4324 sic
1252 4271 1605 4337 interpretem

1237 360 1457 409 NOTAE
1506 357 1919 407 vammum
1967 358 2047 407 IN

1686 502 1907 564 Contigit
1930 499 2091 551 oculis
2121 499 2316 549 nostris
2351 501 2534 551 ἰιιιιιενι·
2557 502 2751 565 princi.

1685 594 1820 642 pem,
1841 580 1924 642 qui
1942 579 2088 627 dabat
2115 578 2353 640 honoreus,
2377 588 2433 627 et
2458 579 2750 643 principem

1682 658 1888 719 quidem
1921 671 2103 720 parem,
2140 659 2252 704 sive
2282 663 2541 721 aequatum
2573 658 2749 706 candi·

1683 732 1841 797 datis,
1859 732 2198 796 accipientibus
2227 747 2345 781 eum
2385 732 2555 795 ipsum
2594 734 2748 783 bono·

1686 824 1810 858 rem.
1845 811 2015 873 Vulgo
2039 809 2113 857 ita
2134 808 2463 872 distinguunt
2492 811 2748 872 posterio-

1685 902 1743 936 ra
1769 886 1945 951 verba,
1970 901 2134 950 paren
2153 885 2496 949 accipientibus
2513 886 2747 950 konnen,

1684 965 1767 1027 qiu·
1789 965 1967 1023 dabat;
2000 964 2087 1013 nbi
2120 973 2293 1013 tamen
2329 978 2533 1012 comma
2555 966 2747 1014 rectius

1688 1051 1803 1104 post
1842 1041 2174 1104 participium
2213 1040 2555 1104 accipientibus
2591 1043 2748 1092 collo·

1685 1117 1904 1168 candum
1925 1132 2133 1167 censeo.
2164 1116 2401 1166 Seium-2.

1760 1195 1884 1244 Vera
1905 1192 2262 1255 acclamatione]
2295 1192 2358 1241 In
2393 1192 2580 1242 codiee
2603 1191 2749 1242 Pari-

1685 1273 1838 1321 siensi
1861 1272 2103 1321 mendose
2126 1272 2375 1334 scriptum
2407 1279 2489 1319 est
2516 1272 2753 1319 dandi·

1686 1364 1791 1400 one.
1859 1349 1974 1398 Nec
2012 1339 2145 1397 bene
2184 1347 2449 1412 Gryphius
2486 1361 2571 1398 an.
2607 1350 2753 1397 1⁵³1.

1688 1425 1928 1474 ediderat
1949 1426 2285 1474 declamatione
2297 1442 2319 1483 ‚·
2355 1425 2492 1490 qnod
2518 1427 2751 1488 posthaee

1687 1502 1935 1552 correxit.
2004 1503 2085 1552 Do
2121 1516 2261 1551 more
2299 1502 2645 1562 acclamandi,
2667 1503 2749 1566 qui

1687 1592 1716 1625 e
1741 1577 1957 1627 theatris
1990 1580 2208 1641 primum
2242 1579 2295 1628 in
2330 1578 2469 1638 fora,
2488 1578 2680 1630 deinde
2702 1580 2752 1629 in

1687 1663 1922 1704 senatum
1945 1661 1998 1704 et
2023 1670 2278 1719 campum,
2309 1654 2538 1721 deniqne
2559 1658 2615 1705 in
2639 1658 2752 1719 ipsa

1692 1732 1888 1794 templa
1941 1731 2368 1790 Christianorum,
2434 1735 2750 1797 penetravit,

1688 1808 1774 1858 alii
1786 1808 1895 1871 jam
1917 1822 1983 1857 ex
2007 1809 2244 1858 instituto
2267 1819 2509 1872 egerunt.
2544 1810 2696 1859 Idem.

1757 1885 1911 1934 Tanto
1962 1886 2111 1946 mnjor
2133 1885 2159 1935 Ι
2227 1887 2379 1935 Tanto
2433 1886 2748 1951 omnim-l]

1688 1961 1932 2009 Formula
1953 1961 2217 2024 laudandi,
2248 1969 2301 2011 et
2335 1962 2651 2025 gratulandi,
2674 1970 2751 2012 at·

1688 2052 1788 2102 que
1811 2037 2134 2100 approbandi
2158 2039 2296 2087 dicta
2318 2047 2407 2088 ant
2431 2037 2577 2088 facta
2612 2039 2750 2102 prin·

1687 2117 1879 2179 cipum,
1899 2131 2013 2165 cum
2047 2115 2387 2165 admiratione
2410 2125 2467 2166 et
2490 2118 2749 2167 exclama·

1690 2193 1831 2241 tione
1872 2192 2190 2254 coujuncta3
2227 2193 2370 2255 quasi
2393 2192 2612 2256 diceret,
2647 2193 2748 2242 Be·

1689 2283 1754 2317 ne
1770 2269 2005 2332 egisti,et
2026 2276 2177 2333 prout
2193 2284 2431 2333 magnum
2451 2279 2750 2335 augustam·

1689 2360 1792 2410 que
1830 2346 2116 2408 principem
2140 2346 2311 2395 decet.
2375 2347 2552 2396 Tanto
2586 2347 2750 2411 major

1687 2424 2051 2487 augustiorque
2085 2438 2162 2486 es,
2186 2431 2381 2488 quanto
2420 2425 2620 2474 rectius
2655 2427 2747 2475 boc

1686 2501 1885 2562 dixisti,
1905 2500 2171 2550 fecistive!
2239 2503 2428 2552 Potest
2456 2504 2559 2550 huc
2591 2503 2749 2552 etiam

1690 2578 1873 2627 referri
1897 2576 2122 2628 formula
2156 2594 2220 2625 ex
2247 2578 2423 2632 Ovidii
2459 2580 2598 2631 Met.
2634 2594 2749 2630 xiv.

1686 2661 1802 2707 658.
1836 2658 2037 2706 ‘Tanto
2077 2657 2339 2719 potentior
2360 2654 2394 2703 !'
2430 2656 2640 2718 quando
2672 2656 2747 2706 di·

1690 2735 1847 2782 vitem
1889 2748 2099 2783 censum
2146 2733 2393 2782 Pomone
2429 2734 2744 2783 Vertumnus

1686 2813 1900 2859 miratus
1936 2817 2048 2860 est:
2097 2810 2410 2874 ‘Cultosque
2446 2811 2664 2860 intravit
2694 2812 2746 2859 in

1687 2887 1880 2947 hortos,
1912 2887 2177 2951 Pomaque
2212 2887 2461 2946 miratus3
2500 2895 2749 2952 tantoque

1691 2964 1966 3026 potentior,
2023 2964 2222 3028 inquit!
2310 2963 2447 3013 Vide
2502 2965 2748 3014 Gronovii

1688 3041 1967 3090 Observat.
1996 3055 2062 3089 ιι.
2099 3045 2181 3089 21.
2246 3040 2351 3089 Sed
2390 3049 2509 3088 sunt
2545 3049 2603 3090 et
2637 3043 2748 3090 alioe

1687 3118 1841 3180 hujus
1884 3119 2089 3181 generis
2131 3114 2364 3165 formula·-
2409 3104 2784 3180 approbandis

1691 3188 2009 3259 principibus
2055 3203 2111 3244 et
2154 3194 2368 3258 privatis
2414 3194 2749 3256 communes,

1688 3287 1738 3320 v.
1777 3288 1825 3335 g.
1859 3277 1874 3301 ⁸
1896 3273 2065 3321 Tanto
2102 3268 2339 3320 meliorl'
2406 3270 2620 3319 ‘Tanto
2650 3271 2750 3321 for·

1690 3347 1861 3396 tior!’
1928 3355 1942 3377 ¹
1965 3348 2137 3397 Tanto
2189 3346 2459 3397 feliciorl’
2537 3352 2554 3376 ⁸
2582 3348 2753 3397 Tanto

1692 3425 1952 3487 pulchrior
1973 3426 2002 3473 !’
2069 3426 2246 3474 Plant.
2270 3425 2453 3480 Persa,
2492 3438 2555 3473 ιι.
2589 3431 2641 3474 5.
2671 3430 2750 3473 25.

1689 3501 1704 3527 ‘
1729 3502 1897 3550 Tanto
1941 3500 2182 3551 meliorl'
2252 3501 2402 3550 Idem
2444 3502 2658 3551 Truenl.
2700 3515 2750 3548 v.

1689 3582 1771 3629 60.
1822 3579 2026 3627 ‘Tanto
2069 3578 2286 3627 melior!
2359 3578 2557 3628 Noster
2600 3578 2750 3629 esto!

1687 3656 1896 3705 Terent.
1919 3656 2113 3705 Heant.
2135 3668 2224 3704 ιιι.
2246 3658 2297 3703 2.
2321 3658 2404 3705 88.
2459 3656 2477 3682 ‘
2491 3656 2629 3705 svn.
2660 3656 2753 3706 Et·

1689 3734 1826 3780 enim
1862 3746 1964 3794 quo
1999 3738 2152 3794 pacto
2191 3730 2242 3779 id
2279 3729 2393 3778 fieri
2427 3733 2616 3789 soleat,
2651 3733 2753 3782 cal·

1689 3809 1786 3858 leo.
1854 3808 1998 3858 Cnn.
2036 3809 2223 3870 Tanto,
2253 3807 2502 3867 Hercule,
2525 3809 2750 3859 meliori·

1688 3885 1898 3934 Phoedr.
1934 3898 2017 3935 ιιι.
2050 3891 2099 3934 5.
2163 3885 2400 3949 AEsopus,
2425 3888 2510 3935 cni
2544 3885 2747 3950 qnidam

1689 3976 1819 4024 puer
1861 3964 2104 4026 petulans
2147 3963 2373 4027 lapidem
2439 3964 2750 4027 impegerat,

1686 4039 1927 4102 ‘Tanto,'
1963 4041 2146 4104 inquit,
2177 4039 2460 4089 ‘meliori'
2496 4040 2748 4092 ubiAEso-

1687 4134 1782 4182 pus
1830 4133 1924 4180 per
1967 4119 2148 4181 jocum
2191 4124 2246 4166 et
2290 4117 2550 4167 fallaciam
2586 4118 2751 4181 impu·

1685 4198 1896 4244 dentem
1941 4195 2210 4245 audaciam
2256 4198 2402 4258 pueri
2471 4197 2747 4262 approbat.

1687 4272 1937 4324 Quinctil.
1956 4271 2133 4324 Instit.
2152 4271 2306 4322 Orat.
2324 4285 2449 4322 vm.
2470 4277 2521 4323 2.
2558 4275 2574 4301 ‘
2597 4273 2746 4323 Unde
