3060 4902
552 401 684 467 502

553 565 793 623 noscant,
814 568 870 611 et
893 561 991 626 ipsi
1014 576 1071 612 se
1094 577 1186 626 pro
1205 562 1357 611 victis·
1370 561 1616 624 babeant,

553 648 715 704 atque
767 640 1070 706 obsequium
1120 649 1174 691 et
1228 640 1614 691 submissionem

551 716 917 766 confiteantur.
984 717 1137 767 Unde
1168 718 1435 768 claudian.
1462 719 1615 767 Cous.

551 792 755 843 Honor.
782 807 859 843 vt.
884 807 961 841 vs.
984 799 1099 844 248.
1117 796 1191 843 sic
1207 795 1395 845 cecinit
1415 810 1429 844 ε
1448 794 1465 820 ⁸
1483 795 1616 844 Nul-

550 868 600 916 la
625 876 699 917 est
727 872 941 919 victoria
964 872 1148 934 major,
1172 871 1339 921 Quam
1362 887 1476 935 quae
1494 886 1614 921 con·

546 944 712 994 fessos
735 948 903 995 animo
926 962 1129 1012 quoque
1149 948 1386 1012 subjugat
1407 946 1617 999 hostes!

550 1021 671 1070 Hoc
705 1022 959 1077 Velleius,
999 1038 1064 1073 ιι.
1102 1029 1181 1074 89.
1217 1025 1370 1086 dixit,
1405 1028 1614 1074 ‘extor-

550 1112 710 1162 quere
745 1099 974 1149 hostibus
1011 1100 1387 1151 confessionem
1430 1117 1615 1165 paren-

547 1174 641 1224 di.'
706 1176 883 1241 Atque
917 1177 1051 1226 idem
1082 1193 1129 1227 c.
1164 1183 1247 1228 90.
1280 1180 1296 1206 ‘
1317 1178 1617 1234 Dalmatia:

548 1251 740 1315 inquit,
768 1260 782 1284 ⁸
810 1266 909 1302 xx.
932 1263 981 1302 et
1006 1268 1085 1304 cc.
1113 1269 1274 1304 annos
1300 1255 1526 1319 rebellis,
1548 1254 1612 1303 ad

548 1335 749 1376 certam
786 1326 1158 1379 confessionem
1199 1340 1386 1392 pacata
1421 1337 1502 1379 est
1527 1331 1618 1378 im·

548 1403 718 1467 perii.'
779 1406 942 1455 Recte
987 1406 1106 1455 binc
1148 1414 1202 1456 et
1246 1408 1424 1471 Scipio
1470 1406 1610 1470 apud

547 1481 665 1529 Liv.
705 1494 826 1531 xxt-
867 1486 947 1532 40.
983 1488 998 1513 ⁸
1022 1482 1413 1534 confessionem
1459 1486 1614 1534 bostis

547 1557 802 1621 cedentis,
844 1575 905 1610 ac
950 1561 1290 1611 detrectantis
1330 1571 1613 1619 certamen,

546 1632 730 1684 habuit
754 1650 848 1699 pro
874 1636 1127 1686 victoria)
1164 1637 1315 1689 Idem.

618 1714 733 1762 Tam
767 1715 1001 1777 consessa]
1038 1715 1213 1764 Tamen
1242 1717 1471 1776 contessa.
1506 1717 1611 1767 sut

548 1797 645 1841 tam
667 1792 876 1850 consessa
900 1794 962 1842 C.
997 1792 1158 1841 Licin.

618 1868 875 1930 Obsequio,
910 1874 964 1917 ut
1002 1871 1258 1919 vincendas
1289 1884 1338 1918 n.
1364 1869 1438 1933 s.]
1474 1871 1614 1921 Mira

544 1946 847 2008 corruptela
888 1946 977 1993 lias
1020 1958 1175 1994 voces
1216 1948 1263 1995 in
1308 1947 1612 2010 quibusdam

547 2021 817 2070 codicibus
834 2023 961 2071 Mss.
977 2024 1253 2086 occupavit
1272 2041 1287 2084 ;
1306 2037 1612 2088 quamquam

548 2098 765 2146 verioris
806 2099 1045 2148 lectionis
1077 2100 1293 2163 vestigia
1327 2099 1480 2150 facile
1521 2117 1611 2164 ap·

545 2184 785 2239 pareant.
831 2177 893 2225 Iu
921 2177 1179 2227 Vaticano
1205 2179 1266 2226 R.
1294 2180 1357 2228 Α.
1387 2183 1533 2228 1475.
1559 2186 1613 2228 et

546 2251 597 2300 in
644 2253 925 2302 Parisiensi
969 2255 1219 2317 scriptum
1264 2265 1366 2315 est,
1403 2256 1647 2325 obsequi,-

544 2334 629 2377 nut
651 2330 920 2379 vincendus.
972 2332 1157 2380 Adhuc
1183 2332 1417 2380 vitiosius
1442 2334 1491 2380 iu
1526 2348 1610 2383 co·

545 2406 664 2456 dice
691 2408 918 2473 Veneto,
954 2417 1007 2458 et
1042 2423 1172 2465 meo,
1204 2408 1411 2474 obsequi,
1432 2415 1513 2459 aut
1535 2410 1610 2460 ιἠ·

543 2483 738 2532 cendiis.
807 2484 873 2533 At
903 2486 950 2533 iu
977 2485 1139 2533 tribus
1172 2485 1438 2534 codicibus
1463 2486 1609 2535 Vati·

543 2562 708 2624 canis,
745 2570 797 2610 et
834 2561 1318 2625 Guelplierbytauo‚
1351 2555 1609 2613 omniSus·

545 2650 664 2700 que,
721 2641 844 2700 quos
904 2638 1125 2701 inspexi,
1184 2639 1326 2687 libris
1381 2642 1608 2697 excusis,

545 2714 790 2774 evulgata
813 2713 968 2762 lectio
996 2714 1275 2776 reperitur.
1347 2715 1495 2764 Istud
1523 2732 1608 2766 au·

546 2795 651 2837 tem
689 2789 982 2852 exemplum
1022 2792 1335 2853 corruptelae
1371 2791 1491 2841 ideo
1519 2808 1608 2841 au-

547 2865 831 2913 uotandum
872 2867 1013 2929 duxi,
1042 2875 1095 2914 nt
1124 2868 1358 2930 juniores
1393 2884 1608 2932 coguos-

544 2949 684 2997 cant‚
726 2943 1157 3005 quemadmodum
1191 2945 1347 2994 etiam
1386 2948 1435 2995 iu
1478 2948 1606 3011 ipsis

544 3022 808 3081 corruptis
837 3029 1069 3070 veterum
1103 3023 1338 3072 codicum
1366 3024 1490 3073 locis
1513 3039 1605 3074 sae-

546 3109 613 3159 pe
635 3098 803 3146 adhuc
841 3098 1022 3159 lateat,
1060 3106 1113 3148 et
1148 3100 1423 3163 aliquando
1448 3101 1609 3152 felici-

545 3181 630 3222 ter
653 3176 761 3222 erni
790 3176 967 3237 possit,
990 3176 1146 3225 lectio
1167 3180 1363 3239 νοτίοις
1399 3178 1608 3243 deinde,

544 3256 603 3300 ut
632 3253 716 3300 alii
742 3253 1054 3315 intelligant,
1084 3254 1340 3312 librarios,
1372 3257 1458 3321 qui
1483 3257 1608 3306 istas

542 3330 867 3392 corruptelas
915 3331 1192 3393 repetiere,
1237 3333 1397 3395 magis
1444 3336 1606 3384 videri

544 3405 723 3469 rudes,
748 3422 898 3470 qnam
931 3409 1137 3468 sciolos,
1157 3408 1349 3460 fuisse:
1388 3426 1503 3459 cum
1542 3426 1608 3461 ue

546 3482 751 3546 quidem
791 3491 1014 3533 mentem
1053 3485 1208 3534 Plinii
1244 3485 1437 3537 fuerint
1468 3503 1607 3539 asse·

544 3559 687 3619 cuti3
735 3566 932 3609 tantum
981 3560 1149 3623 abest,
1192 3569 1249 3612 ut
1288 3566 1606 3614 commodam

542 3637 856 3685 seutentiam
882 3651 945 3685 ex
976 3637 1181 3700 iugenio
1213 3655 1304 3689 suo
1341 3643 1607 3703 potuerint

541 3708 808 3774 effingere.
879 3712 1052 3762 Rudes
1081 3722 1254 3763 autem
1281 3716 1606 3767 nihilominus

539 3787 679 3836 haud
703 3800 822 3837 raro
846 3789 897 3837 iu
928 3789 1052 3853 ipsis
1076 3792 1263 3840 crassis
1290 3793 1426 3842 vitiis
1453 3796 1609 3844 vesti·

542 3865 622 3928 gia
660 3867 892 3927 quaedam
924 3867 1162 3928 genuinae
1190 3868 1427 3918 lectionis
1459 3870 1606 3920 inda·

543 3940 725 4003 gaudae
752 3941 1043 4006 reliquere3
1080 3943 1226 3991 scioli
1260 3952 1460 4002 contra,
1492 3959 1607 3994 ver-

543 4016 622 4066 bis
645 4018 1020 4082 sententiisque
1048 4019 1378 4082 quibusdam,
1414 4036 1507 4085 pro
1532 4022 1604 4071 lu·

545 4092 656 4143 bitu
681 4107 792 4150 suo.
826 4102 880 4143 et
906 4095 1178 4160 aliquando
1200 4096 1327 4145 satis
1352 4099 1607 4166 speciose,

542 4171 777 4232 mutatis,
813 4171 1009 4221 aditum
1035 4171 1098 4220 ad
1125 4173 1423 4235 primoevam
1443 4177 1606 4239 scrip-

545 4253 734 4304 turam,
780 4248 862 4296 vel
906 4248 1112 4311 penitus
1154 4250 1483 4313 proclusere,
1522 4255 1606 4303 vel

544 4331 692 4373 carte
714 4323 989 4375 reddidere
1006 4322 1379 4378 difficillimum.
1418 4328 1608 4383 Exem-

1252 419 1470 467 1⁴01·AE
1520 418 1928 467 vARtoRuM
1980 417 2059 467 m

1693 564 1833 627 plum
1866 563 2019 627 hujus
2047 563 2120 612 rei
2151 576 2282 626 cape
2308 575 2374 612 ex
2408 562 2507 613 boc
2535 563 2645 626 ipso
2668 576 2757 614 ca·

1691 643 1817 703 pite.
1886 642 2015 691 Cum
2045 656 2233 705 nempe
2260 642 2525 706 utriusque
2548 643 2755 704 generis

1691 720 1879 768 librarii
1917 734 2016 769 uon
2054 721 2177 769 satis
2211 728 2478 782 caperent,
2511 719 2635 782 quid
2677 733 2756 767 es-

1691 805 1806 846 sent
1828 798 2003 845 mimici
2017 811 2184 845 carras
2198 812 2218 855 ‚-
2242 797 2409 861 scioli,
2433 810 2521 845 sen
2546 797 2757 859 ingenio

1689 874 1853 934 abusi,
1889 874 2222 933 substituere,
2252 874 2419 923 inanes
2441 888 2641 930 currum·
2669 888 2754 923 ru·

1691 950 1801 1006 des,
1825 951 2058 1007 inimicos,
2084 953 2161 999 vel
2187 951 2373 1014 iniquos
2391 967 2573 1000 currus.
2622 951 2756 1001 Abs·

1690 1040 1789 1091 qne
1829 1028 1905 1076 his
1951 1027 2163 1076 rudibus
2206 1028 2430 1077 librariis
2464 1029 2506 1077 si
2551 1027 2757 1090 fuisset,

1691 1105 1827 1169 quis,
1871 1119 2064 1169 quun,
2109 1106 2394 1168 cogitasset
2437 1104 2504 1154 de
2550 1105 2755 1154 veriore

1692 1182 1956 1231 lectione?
1992 1182 2234 1231 Schwmz.

1756 1258 2015 1306 Pulchr-ius
2062 1259 2148 1306 Ιιοσ
2203 1258 2417 1306 omnibus
2476 1257 2757 1321 triumphis]

1687 1334 1811 1384 Sine
1853 1348 2028 1398 pugna
2062 1343 2116 1382 et
2151 1335 2397 1398 sanguine
2433 1334 2633 1383 bostem
2671 1349 2755 1382 su-

1688 1423 1875 1473 perare
1899 1418 1951 1460 et
1967 1411 2229 1471 cohibere,
2251 1425 2309 1459 ac
2328 1424 2507 1474 pacem
2531 1410 2754 1459 reddere

1688 1487 1895 1550 patria,
1942 1500 2149 1550 semper
2191 1488 2241 1535 in
2287 1487 2552 1550 praecipua
2602 1496 2753 1549 parte

1688 1561 1957 1612 felicitatis
1980 1570 2035 1613 et
2060 1563 2239 1626 glorias
2263 1561 2448 1611 ducum
2471 1563 2589 1611 belli
2617 1565 2754 1625 posi-

1690 1647 1797 1687 tum
1844 1646 1961 1688 est:
2005 1640 2239 1704 qtiamvis
2286 1638 2424 1703 apud
2474 1641 2753 1702 Romanos,

1692 1717 1821 1765 tales
1860 1716 2039 1771 duces,
2077 1717 2164 1780 qni
2203 1718 2524 1766 incruentam
2564 1718 2755 1766 retule-

1689 1800 1807 1842 rant
1831 1796 2119 1854 victoriam,
2143 1793 2400 1842 duntaxat
2428 1803 2758 1842 mererentur

1689 1872 2000 1926 ovationem,
2020 1872 2265 1919 minorem
2283 1870 2562 1933 triumpho.
2602 1871 2757 1919 Hanc

1691 1961 1816 1997 vero
1872 1949 2074 1997 laudem
2131 1948 2330 1998 Plinius
2376 1955 2572 2003 noster,
2617 1948 2756 2012 qnod

1680 2025 1788 2088 jam
1814 2032 2131 2074 annotarunt
2155 2026 2429 2074 Catanaeus
2444 2032 2498 2073 et
2514 2025 2755 2080 neurius,

1690 2102 1871 2151 tribuit
1896 2103 2061 2165 Epist.
2092 2115 2153 2150 ιι.
2174 2106 2225 2150 7.
2262 2103 2518 2151 Vestricio
2537 2103 2755 2165 Spurin-

1688 2193 1800 2228 uoe:
1839 2178 2166 2242 ‘Spurinua‚'
2195 2180 2383 2242 inquit,
2407 2180 2751 2228 ‘Bructerum

1689 2271 1863 2321 regem
1890 2259 1935 2306 vi
1959 2265 2012 2306 et
2036 2257 2189 2307 armis
2216 2256 2423 2305 induxit
2449 2257 2497 2305 iu
2519 2270 2755 2319 regnum,

1689 2342 2052 2396 ostentatoque
2070 2333 2224 2389 bello,
2243 2330 2614 2380 ferocissimam
2634 2345 2759 2395 gen·

1689 2417 1811 2465 tem,
1835 2409 1968 2473 quod
1994 2418 2075 2459 est
2098 2409 2497 2473 pulcherrimum
2521 2411 2752 2458 victoria

1687 2501 1871 2549 genus,
1921 2495 2118 2536 terrore
2165 2484 2498 2550 perdomuit.'
2563 2487 2651 2534 Sic
2696 2494 2754 2536 et

1685 2563 1982 2625 Scipionem
2014 2563 2134 2611 belli
2170 2573 2368 2612 terrore
2394 2563 2612 2625 plurima
2636 2575 2756 2624 per-

1687 2641 1878 2702 egisse,
1903 2647 2077 2689 narrat
2107 2640 2222 2689 Liv.
2260 2640 2351 2688 lib.
2388 2651 2557 2688 xxix.
2593 2638 2755 2688 Ovid-

1687 2718 1829 2767 Fast.
1857 2730 1892 2765 1.
1917 2720 2032 2766 711.
2056 2731 2198 2782 seqq.
2222 2725 2235 2746 ⁶
2258 2717 2546 2765 Frondibus
2573 2714 2753 2764 Actia-

1687 2792 1762 2841 cis
1809 2801 2007 2841 comtos
2052 2792 2286 2841 redimita
2333 2791 2568 2854 capillos,
2614 2792 2754 2848 Pax,

1690 2868 1828 2924 ades,
1873 2875 1927 2917 et
1967 2875 2079 2918 toto
2127 2869 2267 2917 mitis
2309 2868 2359 2916 in
2403 2869 2530 2917 orbe
2566 2881 2717 2916 mane
2736 2869 2756 2915 l

1687 2946 1825 2994 Dum
1882 2945 2072 2994 desunt
2129 2946 2322 3007 hostes,
2366 2944 2501 2993 desit
2545 2959 2753 3008 qnoque

1687 3036 1869 3072 caussa
1912 3022 2187 3085 triumphi:
2229 3023 2306 3070 Tu
2351 3021 2568 3070 ducibus
2613 3023 2754 3071 bello

1688 3100 1851 3163 gloria
1875 3099 2038 3163 major
2056 3097 2194 3147 eris!
2231 3099 2402 3147 Etiam
2424 3099 2627 3148 Seneca
2644 3099 2753 3148 Oc·

1688 3182 1794 3223 tav.
1815 3189 1888 3222 vs.
1905 3180 2019 3224 472.
2038 3190 2179 3239 seqq.
2195 3175 2210 3202 ‘
2231 3175 2507 3224 Pulchrum
2524 3175 2752 3223 eminere

1687 3261 1770 3303 est
1814 3254 1946 3303 inter
1985 3255 2214 3302 illustres
2255 3255 2427 3315 viros;
2466 3255 2753 3304 Consulere

1688 3330 1902 3393 patriae3
1939 3343 2153 3391 parcere
2185 3327 2422 3390 afflictis;
2454 3327 2569 3378 fera
2593 3330 2754 3379 Caede

1687 3407 1988 3467 abstinere3
2037 3414 2240 3471 tempus
2276 3416 2435 3472 atque
2477 3409 2566 3456 irae
2602 3407 2751 3473 dare,

1687 3483 1821 3533 Orbi
1879 3485 2124 3548 quietem,
2175 3487 2363 3534 soeculo
2415 3499 2597 3549 pacem
2639 3500 2750 3536 suo.

1687 3558 1818 3609 Haec
1841 3574 2032 3609 somma
2068 3560 2263 3624 virtus;
2303 3562 2502 3627 petitur
2530 3561 2624 3611 bac
2647 3576 2750 3612 coe·

1683 3636 1788 3685 lum
1815 3636 1927 3686 via!
1961 3636 2111 3686 Idem.

1756 3714 1823 3762 Ut
1864 3714 2177 3779 vinceremus]
2217 3713 2594 3764 Rittersbusius
2635 3729 2751 3766 nos·

1685 3797 1766 3840 ter
1778 3791 1897 3839 olim
1917 3791 2049 3839 hauc
2066 3791 2341 3840 lectionem
2359 3805 2455 3855 pro
2475 3791 2748 3843 manifeste

1681 3866 1815 3915 falsa
1850 3867 2045 3921 habuit.
2094 3867 2584 3934 rescribendnmque
2627 3884 2749 3920 cen-

1680 3944 1784 3993 suit
1822 3949 1877 3993 at
1915 3944 2243 4003 vinceremur-,-
2281 3953 2576 4008 propterea,
2608 3948 2748 4012 quod

1683 4028 1974 4072 contemtus
2015 4035 2117 4070 non
2158 4023 2226 4071 sit
2269 4036 2453 4071 caussa
2497 4024 2753 4087 victoriae,

1683 4100 1774 4148 sed
1803 4100 1972 4164 potius
1993 4101 2083 4158 τῆς
2099 4099 2264 4158 ἣττης.
2300 4100 2368 4148 Et
2388 4100 2599 4150 videtur
2612 4116 2752 4153 nnnc

1681 4177 1801 4227 huic
1824 4176 2051 4241 opinioni
2074 4177 2381 4240 adstipulari
2407 4176 2576 4227 codex
2601 4179 2751 4230 Pari-

1680 4254 1881 4309 siensis‚
1915 4255 1966 4302 in
2004 4267 2105 4319 quo
2143 4255 2234 4317 ita,
2257 4255 2332 4304 uti
2371 4253 2750 4308 Rittersbusius

1682 4331 1865 4398 voluit,
1886 4331 2139 4396 scriptum
2164 4338 2265 4383 est.
2299 4330 2527 4397 sedjm
2553 4334 2751 4387 Grute-
