3060 4902
567 317 701 386 934

637 478 785 528 Nosti
825 474 1151 527 necessitatem
1184 472 1459 537 servitutis]
1502 474 1549 524 1.
1586 488 1640 523 e.

569 557 683 620 ipso
717 553 814 605 sub
836 553 980 604 duris
1016 551 1338 617 principibus
1364 552 1555 614 vixisti,
1578 558 1637 601 et

567 634 872 685 servitutem
927 633 1068 683 ferre
1123 647 1337 683 necesse
1393 630 1637 682 habuisti.

569 711 808 762 Servitus
849 711 986 761 enim
1030 707 1183 760 affert
1229 711 1632 770 necessitatem3

566 789 856 839 necessitas
912 788 1049 838 tollit
1091 787 1378 838 arbitrium.
1447 787 1537 836 Sic
1579 791 1634 836 et

567 879 722 928 supra
766 865 899 915 dixit
936 865 1077 915 Pliu.
1117 878 1272 914 xciv·
1315 869 1361 914 1.
1403 863 1634 913 ‘Vixisti

568 942 860 999 nobiscum.
901 942 1225 1006 periclitatus
1270 956 1343 1004 es,
1381 941 1634 1002 timuisti;

569 1033 687 1084 quae
714 1025 837 1069 tunc
860 1025 974 1068 erat
998 1016 1348 1067 innocentium
1371 1014 1514 1064 vita?
1562 1017 1636 1066 Et

569 1109 658 1145 ιν.
685 1099 735 1146 2.
761 1094 842 1145 ‘Si
870 1096 1081 1144 velimus
1105 1107 1221 1143 cum
1249 1093 1473 1155 priorum
1500 1098 1634 1141 tem·

567 1185 751 1233 porum
775 1170 1089 1221 necessitate
1108 1176 1333 1230 certare,
1350 1167 1635 1216 vincemur.

568 1248 897 1312 Ingeniosior
934 1256 1018 1297 est
1053 1246 1187 1296 enim
1223 1245 1290 1294 ad
1334 1245 1633 1308 excogitan·

568 1326 687 1374 dum
728 1324 988 1375 simulatio
1028 1323 1272 1378 veritate,
1310 1322 1534 1372 servitus
1573 1321 1633 1371 ti-

567 1400 790 1458 bertate,
813 1408 982 1451 metus
1004 1397 1216 1449 amore!
1251 1400 1402 1449 Idem.

633 1478 804 1542 Nosti]
841 1478 972 1527 Cum
1008 1485 1064 1527 et
1100 1485 1156 1528 tu
1191 1475 1289 1524 sub
1322 1475 1456 1524 malo
1490 1473 1630 1538 prin·

567 1552 686 1616 cipe
711 1554 932 1608 viveres,
956 1566 1143 1617 nempe
1166 1550 1489 1602 Domitiano.
1529 1549 1633 1599 Pa-

566 1631 712 1679 torol.

634 1706 807 1771 Nosti]
841 1706 977 1755 Nam
1002 1714 1053 1753 et
1081 1704 1193 1769 ipse
1215 1702 1392 1769 paullo
1415 1707 1538 1752 ante
1560 1702 1634 1751 iu·

564 1790 651 1833 ter
674 1783 978 1832 servientes.
1013 1782 1149 1844 Lips.

637 1858 840 1914 Quando
871 1856 1047 1919 simile]
1094 1856 1157 1905 In
1192 1854 1457 1905 codicibus
1488 1852 1635 1902 Vati·

566 1934 727 1993 canis,
761 1932 997 1987 Venetis.
1037 1930 1335 1991 parisiensi,
1371 1929 1634 1979 Salisbur·

567 2011 735 2073 gensi,
779 2009 1055 2072 Patarico,
1099 2022 1236 2067 meo,
1280 2015 1335 2056 et
1392 2007 1444 2055 iu
1498 2005 1631 2055 libro

565 2088 843 2150 vossiano,
867 2083 1080 2150 pra-fixa
1113 2084 1299 2148 copula
1319 2088 1388 2146 ee,
1411 2082 1632 2147 legimus

564 2172 611 2215 et
645 2166 831 2229 quondo
869 2162 1026 2213 simile
1061 2160 1244 2225 aliquid
1276 2160 1473 2210 audisti.
1543 2158 1631 2208 In-

567 2248 786 2293 venerat
819 2241 975 2290 etiam
1010 2238 1275 2288 Livineius
1309 2239 1439 2287 lianc
1473 2251 1635 2300 copu-

564 2319 666 2368 lam
704 2318 754 2367 in
793 2316 1005 2383 antiquo
1044 2314 1349 2378 exemplati,
1380 2313 1632 2363 malebat·

566 2409 665 2460 que
689 2393 981 2443 rescribere
1005 2391 1240 2455 ecquando
1261 2389 1433 2439 simile.
1495 2388 1630 2439 Quae

564 2471 776 2536 quidem
821 2469 1041 2519 mutatio
1087 2469 1137 2517 in
1185 2466 1452 2517 codicibus
1498 2466 1632 2516 Mss.

564 2547 691 2595 satis
710 2543 954 2608 frequens
978 2550 1092 2602 est;
1127 2543 1166 2591 si
1192 2540 1312 2604 quid
1350 2549 1521 2589 tamen
1550 2540 1633 2590 bic

565 2629 766 2670 mutare
795 2621 966 2681 velim,
989 2619 1158 2667 malim
1180 2623 1231 2666 ot
1255 2618 1458 2680 quondo,
1477 2631 1633 2680 quam

561 2698 816 2759 ecquando.
855 2708 1124 2758 reponere.
1190 2694 1306 2744 Nec
1342 2707 1454 2741 raro
1493 2692 1633 2741 enim

564 2771 846 2836 particulas
888 2784 1096 2835 quoque
1133 2775 1180 2819 et
1216 2778 1373 2833 atque
1405 2774 1458 2817 ot
1494 2769 1636 2818 inter

568 2864 624 2898 se
665 2846 970 2911 permutari,
1004 2848 1111 2910 jam
1154 2845 1240 2895 alii
1276 2845 1634 2895 observarunt.

565 2926 651 2976 Sic
691 2924 939 2974 Heinsius
977 2924 1027 2971 in
1053 2936 1207 2972 versu
1244 2925 1356 2971 5⁷0.
1390 2920 1508 2970 libri
1547 2932 1634 2968 ιιι.

564 3004 712 3056 Silii:
749 3003 883 3052 ‘His
926 3001 1132 3061 venun
1180 3006 1235 3050 et
1271 3007 1447 3049 contra
1489 2998 1634 3061 geni-

564 3090 649 3132 tor
672 3083 743 3130 sic
768 3080 957 3130 deinde
983 3076 1256 3143 profatur!
1328 3077 1399 3125 Et
1420 3075 1471 3123 in
1496 3088 1632 3123 vers.

565 3162 680 3208 325.
706 3157 797 3206 lib.
823 3170 860 3206 ι.
878 3155 990 3205 AEu.
1009 3154 1215 3217 Virgilii
1237 3169 1250 3203 ς
1285 3152 1299 3179 ‘
1321 3152 1410 3201 Sic
1430 3150 1634 3209 venun

565 3243 620 3286 et
665 3242 853 3284 contra
892 3231 1114 3280 Veneris
1156 3230 1231 3280 sic
1272 3227 1405 3278 filius
1436 3241 1583 3275 orsus
1599 3224 1634 3287 ς’

564 3310 843 3374 utrobique
889 3307 1073 3358 maluit
1125 3308 1321 3370 legere,
1356 3308 1409 3352 ot
1449 3306 1637 3352 contro.

561 3387 819 3437 Schwarz.

631 3461 907 3523 Ecquando
950 3456 1151 3520 dixisti]
1202 3457 1378 3520 Forte,
1417 3456 1634 3519 Ecquan-

570 3538 632 3585 do
655 3537 845 3585 dixisti.
890 3537 1052 3584 Livin-

630 3610 819 3673 Metus]
871 3611 1071 3672 Dogma
1112 3608 1512 3674 pulcherrimum
1552 3616 1636 3660 est

564 3689 618 3739 in
642 3685 915 3738 Plutarchi
944 3685 1246 3734 Demetrio:
1282 3686 1298 3714 ⁸
1319 3686 1438 3734 Non
1466 3684 1632 3735 fiden-

564 3768 684 3817 dum
710 3762 993 3814 honoribus
1018 3762 1148 3824 istis,
1172 3761 1256 3823 qui
1280 3760 1634 3812 decernuntur

565 3846 639 3894 sic
681 3843 869 3905 vulgo:
919 3838 991 3889 Τὸ,
1028 3838 1123 3901 ’γὰρ
1158 3835 1296 3899 αὐτὰ,
1332 3838 1520 3902 inquit,
1554 3838 1637 3889 καὶ

568 3918 773 3972 δεδιότες
803 3916 1110 3982 ψηφίζονται,
1140 3913 1219 3965 καὶ
1250 3915 1522 3979 φιλοῦντες,
1553 3932 1633 3967 ea·

563 4000 670 4048 dem
723 3998 848 4047 enim
900 4002 948 4046 et
1003 3995 1225 4046 timentes
1269 3994 1544 4053 aecer-nn,
1583 3999 1634 4043 et

564 4079 794 4124 anantes.
860 4073 932 4123 At
951 4086 1106 4122 unum
1133 4077 1490 4134 argumentum
1515 4082 1632 4120 esso

567 4163 706 4200 verae
731 4148 1130 4205 benevolentiae,
1152 4147 1194 4196 si
1217 4146 1272 4208 ii,
1291 4146 1479 4210 quibus
1503 4144 1632 4195 dan·

570 4233 677 4288 tur,
712 4226 907 4279 conscii
940 4224 1040 4277 sibi
1080 4224 1203 4282 siut,
1242 4222 1396 4276 factis
1434 4229 1491 4274 et
1529 4221 1629 4273 vir-

1266 329 1483 380 NOTAE
1532 326 1940 377 vammum
1994 327 2077 391 tt(

1711 478 1826 525 tute
1849 470 2131 523 meruisse!
2164 472 2303 536 Lips-

1774 550 1938 600 Malta
1970 549 2162 613 quidm
2198 548 2442 612 excogitat
2474 549 2646 614 netu]
2670 549 2774 600 Τι-

1708 624 1802 676 cit.
1825 624 2013 675 Annal.
2031 638 2107 675 tv.
2123 628 2208 676 sl.
2225 626 2243 652 ‘
2259 625 2375 675 Nec
2399 626 2656 678 occultum
2675 631 2781 687 est,

1708 700 1914 765 quando
1952 715 2018 750 ex
2055 701 2301 764 veritate,
2339 701 2549 767 quando
2595 702 2774 751 adum-

1708 777 1859 828 brata
1879 777 2089 841 latitia,
2110 777 2250 829 facta
2283 779 2611 843 imperatoris
2638 779 2773 831 eels-

1711 852 1963 905 breutur.'
2028 853 2182 905 Adde
2209 855 2479 905 Plutarch.
2500 855 2555 905 in
2579 856 2775 906 Demo·

1709 931 1813 981 trio
1860 945 1976 996 cap.
2009 936 2092 981 89.
2131 931 2334 982 Tubam
2374 930 2530 982 Pacis
2578 932 2777 982 clariss.

1710 1003 1975 1072 Bernegg.
2000 1024 2051 1073 p.
2078 1014 2192 1060 110.
2226 1009 2463 1060 Frisckas.

1778 1086 1994 1142 Qua-sita
2027 1084 2088 1135 ab
2122 1083 2319 1148 invitis]
2354 1086 2402 1136 Ι.
2430 1099 2478 1135 e.
2510 1084 2777 1149 affectata,

1709 1168 1767 1212 et
1797 1163 1962 1213 multo
2001 1162 2184 1212 labore
2212 1177 2503 1227 magnaque
2540 1177 2664 1213 cura
2691 1176 2777 1214 ac·

1708 1237 1939 1300 cersita;
1985 1252 2103 1303 quae
2145 1238 2355 1301 nativis,
2391 1246 2447 1288 et
2487 1239 2639 1302 qnasi
2678 1240 2776 1302 ipsi

1710 1323 1910 1364 naturae
1967 1319 2024 1364 et
2077 1315 2354 1377 voluntati,
2412 1315 2777 1366 adversantur.

1710 1390 1959 1455 Propert.
1983 1404 2074 1440 ιιι.
2097 1393 2180 1440 24.
2202 1390 2270 1441 de
2303 1389 2529 1442 candore
2558 1406 2664 1441 non
2686 1406 2775 1444 na·

1710 1468 1836 1526 tivo,
1856 1468 1946 1518 sed
1969 1483 2063 1533 per
2081 1474 2247 1519 artem
2278 1475 2333 1520 et
2356 1483 2531 1520 curam
2555 1469 2779 1535 adscito,

1707 1546 1879 1596 ‘Cum
1920 1546 2015 1595 tibi
2053 1546 2302 1610 quaesitus
2347 1546 2546 1597 candor
2586 1547 2639 1596 in
2686 1560 2776 1596 ore

1709 1619 1886 1672 foret.'
1953 1622 2102 1672 Idem
2128 1637 2169 1673 r.
2195 1628 2276 1672 16.
2299 1628 2315 1652 ‘
2332 1622 2411 1672 Tu
2434 1628 2588 1685 potes
2605 1630 2777 1673 exter·

1708 1714 1803 1749 nos
1841 1700 2079 1750 manibus
2118 1712 2431 1764 componere
2470 1700 2667 1759 crines,
2706 1701 2777 1750 Es

1709 1775 1862 1837 longa
1897 1772 2084 1826 faciem
2109 1789 2343 1841 querere
2370 1774 2607 1826 desidia!
2672 1774 2778 1826 Ubi

1709 1852 2040 1901 Passeratius
2075 1853 2169 1912 ait,
2194 1853 2212 1881 ⁸
2231 1850 2414 1904 faciem
2451 1853 2609 1916 longa
2641 1852 2778 1904 desi·

1711 1927 1796 1977 dia
1830 1928 2103 1993 quaerere,’
2125 1929 2252 1992 diei,
2272 1928 2491 1981 forman
2523 1930 2622 1980 sibi
2655 1945 2777 1980 con-

1710 2004 1888 2055 ciliare
1921 2012 1978 2057 et
2011 2019 2195 2069 parare
2227 2007 2359 2056 velle
2399 2008 2557 2071 longa
2598 2008 2781 2057 inerti·

1709 2096 1811 2146 que
1834 2093 2014 2144 mora;
2047 2082 2186 2148 quia,
2210 2089 2270 2133 ut
2293 2083 2369 2132 ait
2391 2084 2645 2137 comicus.
2668 2097 2777 2132 nu·

1708 2158 1863 2209 lieres
1894 2160 2048 2209 ‘dnm
2082 2169 2379 2224 comuntur,
2400 2159 2525 2211 dum
2561 2162 2776 2211 moliun-

1709 2242 1810 2296 tur,
1832 2250 1995 2285 annus
2018 2244 2098 2287 est
2117 2237 2150 2299 ς’
2189 2239 2442 2301 queritur
2464 2237 2774 2301 enim,quod

1709 2320 1896 2361 natura
1917 2312 2084 2362 abest.
2151 2313 2241 2363 Sic
2264 2321 2319 2362 et
2337 2312 2498 2362 ovid.
2519 2311 2642 2362 Art.
2662 2312 2781 2363 Ata.

1710 2401 1797 2437 ιιι.
1820 2392 1934 2439 199.
1959 2389 2149 2440 ‘Scitis
2173 2397 2228 2439 et
2251 2388 2468 2439 inducta
2496 2388 2774 2439 madorem

1710 2481 1944 2531 querere
1968 2465 2126 2517 cera)
2189 2467 2359 2517 Tacit.
2382 2465 2573 2515 Annat.
2595 2479 2675 2515 νι.
2696 2470 2775 2515 60.

1709 2541 1797 2591 ubi
1834 2542 1899 2592 de
1934 2542 2128 2593 Tiberii
2166 2541 2582 2592 dissimulatione
2616 2540 2775 2591 disse·

1708 2619 1809 2668 ritz
1847 2619 2029 2668 ‘Idem
2066 2619 2222 2669 animi
2252 2619 2422 2681 rigon-3
2455 2632 2695 2668 sermone
2716 2633 2775 2668 ac

1709 2695 1855 2745 vultu
1880 2696 2131 2759 intentus,
2152 2696 2373 2760 quesita
2397 2694 2464 2759 (i.
2488 2709 2537 2745 e.
2564 2692 2775 2746 affecta·

1710 2768 1792 2833 ta)
1815 2770 2077 2820 interdum
2113 2772 2379 2828 comitate,
2406 2772 2640 2834 quamvis
2672 2785 2774 2820 aa·

1708 2845 1949 2897 nifestam
1974 2847 2321 2898 defectionem
2356 2846 2613 2913 tegebat)
2644 2845 2776 2897 Wa-

1711 2938 1820 2972 rum
1843 2939 1907 2973 ex
1934 2924 2021 2973 illa
2044 2925 2159 2990 ipsa
2193 2925 2480 2976 artificiosa
2510 2923 2776 2976 affectata·

1708 3014 1807 3063 que
1842 2999 2240 3064 significatione,
2265 3017 2313 3052 v.
2329 3017 2381 3067 g.
2406 3002 2585 3067 gaudii
2615 3010 2671 3052 et
2693 3017 2774 3052 ve·

1711 3077 2254 3142 nerationis,'primutn
2276 3093 2336 3129 ac
2352 3080 2675 3143 praecipuam
2690 3077 2776 3129 fic·

1712 3151 1868 3201 tionis
1915 3153 2363 3218 simulationisque
2412 3162 2780 3216 argumentum

1711 3228 1820 3291 peti
1855 3237 2061 3293 potest3
2097 3229 2236 3294 quod
2271 3229 2428 3280 docet
2459 3229 2641 3293 Scipio
2661 3230 2777 3279 Cla·

1711 3305 1996 3353 remontius
2029 3304 2097 3354 de
2135 3305 2490 3370 coniectandis
2525 3306 2778 3370 cujusque

1710 3381 1960 3438 moribus,
1989 3395 2072 3432 tx.
2106 3387 2157 3433 4.
2188 3387 2239 3432 6.
2304 3383 2421 3434 Quo
2459 3380 2626 3431 refert
2665 3383 2777 3432 illos

1711 3470 1896 3506 versus
1918 3458 2109 3508 Horat.
2130 3458 2198 3507 de
2230 3457 2365 3508 Arte
2388 3457 2544 3509 Poiit.
2566 3474 2645 3510 vs.
2664 3462 2779 3509 ⁴25.

1710 3546 1855 3599 seqq.
1901 3534 1989 3584 ubi
2039 3533 2197 3598 poiita
2230 3534 2297 3584 de
2341 3534 2620 3585 simulante
2655 3536 2779 3585 ada·

1711 3607 1879 3659 latore
1924 3610 2078 3674 agit:
2117 3616 2133 3640 ⁸
2157 3610 2416 3660 Clamabit
2458 3612 2620 3675 enim,
2657 3613 2779 3662 Pal·

1710 3684 1851 3749 ohre,
1881 3685 2038 3749 bene,
2071 3687 2251 3736 recte!
2287 3687 2585 3750 Pallescet3
2622 3702 2779 3751 snper

1708 3761 1788 3810 his
1826 3762 1987 3812 etiam
2023 3761 2243 3812 stillabit
2280 3762 2461 3814 amicis
2499 3763 2579 3813 Ex
2616 3765 2778 3814 ocalis

1709 3852 1911 3899 rorem3
1947 3837 2119 3894 saliet,
2162 3837 2345 3889 tundet
2389 3838 2527 3903 pede
2568 3848 2776 3890 terram.

1709 3914 1785 3963 Ut
1819 3913 1908 3978 qui
1950 3912 2196 3963 conducti
2240 3914 2447 3978 plorant
2483 3916 2536 3966 in
2574 3914 2779 3973 fenore.

1708 3990 1892 4039 dicunt
1920 3988 1992 4038 Et
2013 3986 2210 4039 faciunt
2236 4002 2404 4053 prope
2427 3991 2581 4054 plura
2603 3991 2778 4041 dolam

1709 4065 1848 4116 tibus
1869 4080 1937 4115 ex
1960 4066 2158 4128 animo;
2191 4065 2270 4115 sic
2291 4066 2505 4117 Derisor
2521 4081 2647 4119 vero
2664 4070 2776 4133 pias

1707 4141 1979 4194 laudatore
2004 4141 2282 4193 movetur.’
2319 4141 2569 4195 Sesars.

1758 4219 1923 4272 ‚Aliud
1945 4218 2288 4284 solicitudinis]
2321 4218 2465 4274 Male
2488 4220 2778 4274 omiserunt
