3060 4902
755 399 818 447 c.
865 399 1105 447 patrm
1155 398 1489 448 saeuum
1541 398 1815 448 nnec.
1889 400 1941 448 1.
1986 380 2095 449 63.

312 558 515 607 omnes,
547 543 673 593 item
713 548 770 592 et
803 541 1060 592 editiones
1086 542 1387 605 Puteolani,

313 620 626 682 Philomusi,
683 618 939 680 Rheuaui,
996 620 1060 668 R.
1111 619 1384 683 Stephani,

282 697 494 758 'Navii‚
523 697 766 757 Livineii,
804 696 981 759 Lipsii,
1019 697 1255 758 Gruteri,
1294 699 1378 747 ba·

310 774 439 824 beut
463 785 694 824 nostram
718 773 1026 832 lectionem;
1060 774 1219 822 etiam
1245 774 1378 836 Gry·

312 851 467 915 phius
508 864 596 898 an.
639 852 782 898 1531.
823 847 1126 911 prodiderat
1163 850 1380 913 concupi·

309 927 412 976 eris
422 942 443 984 ,-
467 932 523 975 at
547 939 631 975 an.
653 929 797 974 1542.
814 924 1043 989 prodidit
1064 926 1384 989 concupiscas.

311 1001 486 1052 Idem.

383 1079 537 1134 Quem
556 1073 870 1140 concupierit]
910 1076 1061 1131 Quem
1083 1076 1379 1139 concupiscas

313 1157 378 1206 C.
406 1155 572 1204 Liuia.

377 1229 582 1293 Hortis]
601 1229 839 1282 Quibus?
873 1228 1028 1279 Horti
1051 1229 1378 1294 Agrippinae,

312 1322 445 1371 quos
469 1307 627 1356 Caius
649 1307 774 1354 item
797 1306 976 1359 coluit,
1013 1306 1167 1355 vicini
1191 1320 1377 1369 campo

309 1383 534 1444 Martio,
558 1388 613 1432 et
648 1382 854 1431 credam
894 1382 984 1429 hos
1015 1382 1253 1445 intelligi,
1275 1383 1375 1432 etsi

308 1462 400 1511 alii
441 1460 601 1510 etiam
638 1459 896 1508 Caesarurn
930 1459 1070 1508 horti
1104 1461 1377 1525 propinqui

309 1552 429 1589 ease
452 1543 758 1601 potueruut.
792 1536 925 1598 Lips.

378 1614 592 1665 Comitia
616 1611 902 1677 prospectes]
935 1610 1113 1661 Codex
1138 1610 1377 1661 Venetus

307 1696 359 1743 2.
405 1700 460 1740 et
509 1704 654 1739 meus
691 1689 882 1738 babent
918 1692 1181 1751 per-spectes
1202 1704 1222 1745 ‚·
1260 1703 1376 1751 quae

306 1768 535 1819 varietas
559 1771 684 1817 nata
706 1774 784 1814 est
805 1780 868 1814 ex
888 1764 1196 1828 compendio
1211 1766 1377 1827 scrip·

310 1852 446 1894 tura
489 1842 872 1907 pra-positionis
911 1856 1015 1904 pro.
1086 1842 1173 1890 Sic
1220 1843 1375 1891 etiam

306 1921 422 1970 hac
448 1919 604 1970 verba
628 1917 840 1969 confusa
859 1927 980 1966 sunt
1003 1917 1141 1981 apud
1160 1918 1376 1967 Suetou.

307 1997 507 2046 Domit.
526 2010 643 2058 cap.
659 1999 711 2045 4.
733 1996 750 2023 ‘
767 1995 901 2042 inter
926 1995 1168 2042 maximos
1186 1994 1374 2044 imbres

308 2070 723 2139 perspectavi13'
763 2071 848 2119 ubi
900 2071 988 2120 alii
1036 2070 1231 2120 habent
1262 2087 1373 2135 pro·

310 2153 561 2215 spectavit.
622 2149 810 2198 Posset
834 2147 1038 2209 quidem
1065 2148 1219 2195 etiam
1260 2162 1372 2197 ver-

305 2227 427 2276 bum
449 2230 465 2256 ·
484 2222 849 2290 perspectare'
871 2224 952 2272 hic
976 2219 1141 2272 locum
1159 2223 1373 2287 habere,

306 2306 346 2355 i.
367 2319 418 2355 e.
440 2304 687 2354 continue
711 2314 766 2352 et
802 2318 832 2350 a
854 2303 1105 2366 principio
1131 2303 1194 2352 ad
1219 2303 1371 2353 finem

303 2390 558 2448 spectare.
624 2381 712 2430 Sic
746 2381 964 2430 Suetou.
994 2379 1125 2443 Aug.
1151 2396 1265 2443 cap.
1289 2386 1373 2430 98.

302 2469 318 2490 ⁴
343 2460 740 2526 Quinquenuale
764 2467 1028 2507 certamen
1060 2460 1372 2521 gymnicum,

303 2539 485 2588 honori
520 2546 614 2585 suo
636 2535 955 2595 institutum,
979 2534 1371 2597 perspectavit.’

307 2615 453 2666 Nihil
479 2621 654 2665 tamen
677 2620 777 2674 est,
813 2611 949 2677 quod
976 2612 1250 2661 lectionem
1277 2614 1369 2662 du·

305 2691 427 2740 dum
486 2696 749 2753 receptam
805 2687 1123 2750 abjiciamus.
1191 2687 1371 2738 Verba

305 2767 442 2818 enim
480 2767 496 2794 ‘
514 2764 848 2831 prospicere'
884 2772 937 2814 et
964 2765 979 2790 ⁸
997 2764 1370 2828 prospectare'

304 2843 517 2909 proprie
542 2840 835 2904 significant
857 2841 1055 2904 procul,
1094 2841 1173 2888 vel
1206 2857 1234 2889 e
1260 2843 1368 2891 lon·

303 2921 495 2985 ginquo
508 2927 765 2984 spectare.
831 2919 918 2968 Sic
945 2919 1057 2967 Cic.
1082 2918 1263 2966 Famil.
1288 2932 1369 2967 tv.

304 3001 354 3048 8.
386 2996 404 3025 ‘
425 2997 600 3046 Multo
644 3002 785 3058 ante,
823 3001 1065 3057 tanquam
1100 3008 1163 3042 ex
1198 2994 1370 3059 aliqua

300 3074 536 3138 specula,
557 3071 825 3135 prospexit
845 3078 1210 3133 tempestatem
1227 3071 1369 3121 futu·

303 3147 456 3198 ram?
519 3149 591 3197 Et
616 3148 763 3195 Verr.
790 3159 847 3195 x.
871 3150 949 3195 17.
974 3153 988 3174 ‘
1005 3147 1134 3198 Quae
1159 3147 1366 3211 quidem

300 3225 451 3274 navis
472 3221 728 3283 omnibus,
752 3224 837 3287 qui
862 3237 974 3270 eam
1000 3221 1369 3287 adspexerant,

301 3307 647 3365 prospectare
672 3300 780 3362 jam
812 3298 1052 3348 exsilium
1077 3298 1267 3348 domini
1293 3301 1367 3348 vi·

301 3376 560 3427 debatur.’
593 3377 807 3426 Sueton.
830 3376 961 3425 Ner.
978 3388 1094 3437 cap.
1113 3379 1192 3424 ³8.
1211 3377 1225 3404 ‘
1249 3376 1367 3427 Hoc

299 3452 601 3504 incendium
625 3467 654 3501 e
688 3452 816 3502 turri
841 3451 1224 3502 Maecenatiana
1248 3468 1366 3514 pro·

296 3527 583 3594 spectans.²
617 3527 740 3591 Ipse
766 3527 968 3577 Plinius
989 3542 1164 3590 supra,
1189 3541 1368 3578 xxxv·

298 3612 348 3657 1.
371 3614 385 3635 ⁴
403 3604 637 3656 Juvabat
656 3611 991 3667 prospectare
1011 3606 1185 3653 statim
1200 3620 1232 3654 a
1248 3620 1365 3669 por·

297 3691 356 3734 tu
404 3698 586 3747 sparsa
631 3681 872 3746 navigia-²
930 3680 1014 3731 Cf.
1049 3696 1278 3733 mxxxii.
1313 3689 1366 3734 4.

296 3760 550 3811 Schmun.

362 3836 619 3901 Rhenoque
659 3835 910 3900 dirimere]
946 3836 991 3886 1.
1035 3852 1082 3887 e.
1121 3845 1363 3903 tanquam

297 3915 481 3977 procul
511 3914 668 3976 absis,
698 3920 749 3963 et
787 3914 1101 3978 disjungatis
1126 3930 1156 3962 a
1179 3931 1364 3980 campo

295 3991 515 4047 Martio,
540 3991 685 4055 quasi
708 4005 823 4041 cum
841 3992 1079 4040 exercitu
1097 3990 1162 4039 ad
1189 3990 1364 4040 Danu·

294 4066 434 4117 bium
479 4066 786 4115 Rlienumve
823 4066 1064 4115 tendens.
1133 4067 1220 4116 Sic
1251 4082 1365 4116 ver·

294 4143 414 4193 bum
450 4140 685 4191 ‘dirimi'
720 4142 878 4191 etiam
915 4142 1037 4190 alibi
1073 4142 1138 4190 de
1175 4143 1302 4192 locis
1333 4159 1362 4193 a

292 4236 351 4272 se
388 4222 614 4272 invicem
659 4214 911 4283 sejunctis
956 4220 1168 4272 dicitur.
1221 4221 1363 4270 Plin.

292 4301 470 4368 Epist.
511 4312 588 4352 vt.
623 4301 674 4351 8.
715 4297 959 4365 ‘Oppida
998 4308 1177 4351 nostra
1211 4302 1362 4353 unius

2391 383 2525 451 859

1456 542 1559 591 diei
1585 542 1772 593 itinere
1797 539 2147 592 dirimuntur!
2181 539 2331 591 Idem
2354 541 2522 606 Epist.

1457 633 1539 668 vi.
1580 624 1659 669 16.
1699 620 1921 669 ‘Stabiis
1953 628 2083 680 erat,
2110 619 2363 669 diremtus
2403 620 2521 668 sinn

1455 695 1666 745 medio!
1722 696 1917 745 Lucan.
1957 709 2012 745 x.
2052 699 2169 745 ³12.
2203 696 2358 746 ‘Qua
2397 694 2525 746 diri·

1454 780 1603 822 munt
1627 781 1858 821 nostrum
1883 771 2039 821 rubro
2066 773 2375 820 commercia
2396 786 2523 835 pon·

1455 848 1550 898 to.’
1600 850 1797 899 Navius
1842 859 1899 898 et
1943 848 2227 910 Livineius,
2265 863 2360 911 pro
2395 850 2525 898 diri-

1452 941 1604 985 mere,
1626 925 1900 975 ediderunt
1921 924 2161 973 dirimere.
2231 924 2369 973 Hinc
2396 939 2522 974 con·

1440 1003 1575 1066 jecit
1608 1003 1893 1058 Livineius,
1922 1001 2061 1050 forte
2094 1001 2367 1064 legendum
2397 1002 2522 1051 diri-

1452 1096 1646 1130 merere.
1719 1080 1997 1144 Aliquanto
2021 1079 2219 1127 acutius
2250 1078 2522 1141 cuspinia-

1451 1171 1548 1206 nus
1572 1156 1792 1217 effinxit,
1828 1163 1918 1204 aut
1946 1163 2092 1204 certe
2114 1155 2377 1218 evulgavit
2396 1155 2519 1203 diri-

1451 1241 1624 1283 mente.
1691 1234 1796 1283 Sed
1826 1233 2039 1282 lectioni
2064 1231 2259 1280 dudum
2285 1238 2516 1294 receptas

1452 1324 1629 1359 omues
1667 1308 2019 1374 suffragantur
2053 1310 2261 1358 codices
2304 1309 2432 1357 Mss-
2464 1307 2520 1356 Ι-

1451 1389 1578 1436 dem.

1518 1462 1793 1526 Dii-imore]
1825 1463 2063 1512 Dirimere
2078 1462 2247 1510 Lirin.
2265 1461 2317 1510 iu
2337 1467 2486 1512 textu
2505 1480 2522 1523 3

1452 1539 1545 1591 sed
1592 1541 1642 1589 in
1688 1542 1938 1603 margine,
1970 1540 2198 1588 dirimere
2232 1538 2299 1587 V.
2340 1537 2406 1589 R.
2445 1539 2515 1590 G.

1450 1618 1705 1667 dirimente
1729 1618 1789 1665 C.
1813 1614 1948 1665 forte
1970 1616 2262 1664 dirimeret-e,

1517 1693 1904 1756 Renuntiurique
1947 1697 1995 1740 ee
2036 1692 2268 1739 conulem
2308 1689 2516 1749 jussisse

1450 1776 1714 1825 contentus,
1750 1769 1910 1818 libera
1936 1768 2151 1817 civitatis
2172 1781 2231 1817 ne
2250 1766 2518 1816 simulatio-

1449 1862 1558 1896 nem
1579 1848 1764 1911 quidem
1785 1843 1964 1906 serves]
2003 1843 2171 1892 Lirin.
2189 1843 2373 1893 inserit
2394 1842 2518 1892 diri-

1450 1940 1630 1975 meret-e
1655 1923 1832 1988 probe.
1869 1921 2104 1970 Riuersh.

1514 2001 1705 2051 Liberoe
1737 1997 1975 2061 civitatis]
2012 1996 2359 2060 Cuspinianus
2404 1995 2517 2046 edi·

1449 2080 1548 2142 dit,
1585 2080 1747 2129 tiberoe
1779 2079 1973 2127 civitati
2006 2092 2062 2125 ne
2088 2076 2389 2124 simulatione
2408 2075 2514 2137 qni·

1447 2160 1554 2207 dem
1605 2157 1802 2206 sarius.
1872 2156 2004 2205 Qnoe
2049 2153 2205 2202 lectio
2257 2153 2513 2201 calculum

1449 2232 1777 2283 Rittersliusii
1800 2230 1960 2280 nostri
1978 2230 2182 2284 meruit,
2202 2235 2252 2276 et
2262 2228 2384 2291 jure
2408 2242 2513 2275 me·

1447 2314 1575 2373 ruit,
1615 2312 1656 2358 si
1695 2324 1759 2357 ex
1801 2314 2008 2356 vetusto
2049 2303 2232 2353 codice
2270 2301 2514 2365 profecta

1445 2396 1547 2439 est.
1615 2388 1789 2449 Vulgo
1830 2384 2028 2433 editum
2073 2381 2280 2443 legitur,
2319 2378 2512 2427 Libera

1445 2465 1636 2515 civitati
1670 2479 1729 2514 ue
1762 2461 2107 2512 simulationem
2135 2459 2322 2521 quidem
2342 2470 2515 2505 serves·

1448 2543 1511 2592 Iu
1538 2541 1762 2592 Puteani
1785 2537 2014 2588 editione
2040 2534 2510 2595 Parisiens1,voces

1443 2619 1609 2669 liberoe
1646 2616 1853 2670 civitati,
1897 2627 1993 2678 per
2035 2610 2509 2672 interpunctionem

1442 2697 1717 2747 commatis
1742 2709 1772 2742 a
1804 2690 2147 2756 sequentibus
2180 2693 2510 2750 separantur,

1443 2774 1587 2838 quasi
1625 2770 1956 2837 dependeant
1980 2783 2010 2816 a
2034 2766 2192 2816 verbo
2215 2764 2511 2814 renuntiari-

1440 2867 1544 2914 (με.
1583 2851 1696 2914 Ego
1721 2862 1911 2913 sequor
1932 2861 2049 2896 eam
2069 2844 2366 2897 lectionem,
2389 2857 2507 2906 qun

1442 2928 1492 2976 iu
1529 2925 1797 2975 codicibus
1820 2921 2090 2970 Vaticanis
2126 2928 2178 2967 et
2215 2919 2508 2981 Guelpber·

1441 3002 1634 3067 bytano
1660 2999 2107 3057 animadvertitur,
2122 3010 2181 3043 ac
2197 3010 2332 3044 nuuc
2348 2996 2509 3045 etiam

1442 3095 1499 3129 se
1524 3079 1767 3143 probavit
1793 3076 1913 3125 viris
1949 3072 2283 3133 doctissimis,
2307 3071 2507 3120 Gesne-

1442 3172 1500 3206 ro
1524 3166 1579 3207 et
1605 3153 1905 3213 Arutzenio,
1933 3152 2095 3201 libera
2128 3149 2342 3197 civitatis
2363 3163 2423 3196 ne
2444 3151 2510 3196 si·

1439 3234 1743 3282 mutationem
1763 3231 1949 3294 quidem
1968 3241 2143 3288 serves,
2166 3226 2200 3273 i.
2216 3240 2262 3275 e.
2282 3239 2377 3274 uec
2395 3238 2505 3273 ser·

1441 3323 1551 3371 ves,
1573 3310 1752 3357 saltem
1775 3306 1901 3355 dicis
1924 3318 2129 3359 caussa,
2159 3303 2387 3364 speciem
2412 3316 2505 3350 an·

1439 3387 1599 3449 tiquae
1627 3390 1681 3432 et
1710 3384 1885 3431 liberae
1911 3380 2236 3443 reipublice,
2260 3392 2321 3426 ac
2345 3377 2506 3426 comi·

1440 3464 1648 3513 tiorum.
1713 3460 1814 3509 Ubi
1839 3461 1853 3488 ‘
1875 3457 2133 3507 simulatio
2150 3455 2163 3475 ’
2189 3456 2393 3502 videtur
2416 3468 2505 3504 uo·

1442 3547 1557 3587 tare
1582 3538 1931 3594 simulacrum,
1966 3546 2055 3582 seu
2085 3530 2507 3593 similitudinem;

1440 3622 1598 3678 prout
1629 3613 1726 3662 hac
1763 3624 1887 3660 voce
1915 3623 2038 3658 usus
2062 3617 2142 3658 est
2164 3609 2277 3657 Cic.
2299 3608 2362 3655 de
2388 3608 2501 3657 Fin.

1440 3704 1506 3740 11.
1527 3695 1609 3740 22.
1628 3691 1644 3717 ⁸
1666 3689 1751 3738 lta
1776 3702 1871 3751 pro
1896 3701 2019 3736 vera
2033 3684 2506 3747 certaquejustitia

1437 3766 1817 3816 simulationem
1850 3763 1994 3812 nobis
2016 3762 2236 3825 justitiae
2263 3759 2504 3809 traditis.⁹

1437 3842 1575 3892 Item
1600 3849 1654 3891 et
1680 3840 1878 3890 Plinius
1901 3839 2096 3902 Major,
2115 3850 2192 3886 xt.
2213 3841 2295 3886 44.
2320 3843 2334 3864 ⁶
2352 3837 2503 3885 Simi-

1437 3932 1580 3968 arum
1622 3931 1815 3981 genera
1854 3913 2140 3979 perfectam
2181 3911 2398 3960 bominis
2433 3915 2503 3960 si-

1436 3995 1767 4043 mulationem
1788 3993 2075 4045 continent,
2095 3987 2251 4049 facie,
2272 3987 2501 4052 naribus,

1436 4072 1662 4127 auribus,
1702 4064 2002 4132 palpebris.'
2067 4065 2372 4126 Quanquam
2414 4063 2500 4114 luc

1435 4161 1538 4197 non
1563 4147 1689 4196 nulli
1717 4144 2051 4197 recentiores,
2073 4142 2269 4201 nescio,
2286 4152 2349 4186 au
2371 4140 2500 4189 satis

1435 4225 1626 4274 idoneo
1671 4222 1966 4273 testimonio
2001 4217 2347 4282 antiquitatis.
2377 4232 2499 4282 pro.

1435 4301 1663 4353 diderint
1699 4297 2027 4350 imieaeionem.
2113 4294 2201 4345 Sic
2233 4306 2357 4345 vero
2393 4308 2494 4345 nou
