3060 4902
748 396 815 446 c.
864 392 1108 444 remu
1154 392 1489 446 suevum
1543 396 1818 448 ranno.
1898 399 1945 445 1.
1989 384 2100 448 45.

307 551 386 589 me
417 538 840 604 qualemcunque
875 554 1105 590 caussam
1147 539 1374 601 dixisse3

307 621 358 665 et
380 625 524 677 noto,
551 624 755 680 praeter
787 615 978 667 citatos
1004 616 1250 674 editores,
1275 618 1374 666 etl·

307 706 383 741 um
420 692 766 756 Beroaldum,
801 692 1123 754 Catanoeum,
1161 692 1373 749 Aldum,

304 775 357 818 et
397 769 726 833 Rhenanam,
762 770 1003 833 copulam
1044 776 1093 821 et
1126 770 1224 819 hoc
1258 770 1372 819 loco

306 864 404 899 non
426 850 723 913 agnovisse.
757 851 909 901 Idem.

368 927 659 992 Ceasar-am]
696 927 771 977 Ut
797 926 1064 985 Claudius,
1086 933 1147 977 ut
1168 925 1371 989 Vespa-

307 1003 491 1065 sianus,
513 1004 867 1055 Domitianus.
900 1005 1035 1068 Lips.

368 1081 742 1146 Proeseetnmiu]
779 1081 897 1132 Quo
921 1080 1076 1130 titulo
1094 1081 1154 1131 C.
1171 1080 1369 1143 Caesar,

306 1156 347 1205 sl
367 1157 591 1214 memini,
616 1172 762 1212 nsua.
781 1166 839 1206 et
855 1156 1119 1221 Augustus
1137 1156 1217 1221 (in
1241 1157 1368 1206 Sue·

306 1234 472 1296 tenio)
493 1234 737 1297 ‘recepit
758 1247 957 1283 morum
991 1240 1049 1283 et
1083 1235 1254 1297 legum
1286 1248 1367 1283 re-

306 1309 467 1372 gimen
500 1315 840 1375 perpetuum,
866 1309 979 1359 sine
1011 1311 1210 1359 honore
1244 1323 1366 1359 ceu·

304 1385 470 1436 rurae?
507 1387 668 1437 Idem.

364 1465 714 1525 Profectus-aar
738 1462 944 1527 moram]
986 1462 1137 1513 Hanc
1160 1476 1191 1512 a
1211 1462 1228 1492 ⁴
1246 1477 1366 1513 cen-

304 1539 448 1588 sura’
502 1540 831 1605 distinguere
886 1540 1097 1590 videtur
1142 1538 1366 1590 Plinius.

304 1616 368 1665 Et
399 1624 573 1676 certe,
603 1631 668 1666 ex
700 1617 1040 1681 grammatica
1063 1629 1249 1666 vocum
1289 1628 1366 1664 ra-

303 1692 454 1753 tione,
478 1692 838 1757 ‘proei'ectura
868 1706 1070 1742 morum
1088 1690 1102 1713 ’
1138 1705 1240 1742 non
1265 1692 1366 1741 nisi

304 1775 493 1832 partem
538 1775 557 1798 ‘
586 1767 864 1819 ceusuroe’
911 1767 1192 1830 designat3
1249 1782 1363 1817 cum

302 1845 454 1894 multo
478 1846 635 1909 plura
660 1843 676 1873 ‘
694 1843 994 1895 censornm’
1017 1844 1071 1893 in
1096 1842 1366 1907 republica

301 1919 451 1969 libera
495 1920 695 1971 fuerint
736 1921 926 1982 munia,
964 1934 1080 1984 qnae
1126 1933 1362 1983 maguam

300 2006 495 2058 partem
521 2002 767 2047 recenset
789 1997 1045 2047 Asconius
1069 1995 1286 2046 Pedian.
1310 1997 1362 2046 in

302 2070 527 2122 Divinat.
562 2072 676 2122 Cic.
711 2088 764 2137 p.
791 2076 875 2122 20.
911 2072 1170 2136 copiosius
1210 2070 1362 2121 Anti·

298 2148 550 2211 quitatum
625 2151 842 2200 Roman.
905 2154 1363 2199 commentatores.

299 2224 380 2274 Sic
407 2225 517 2289 jam
564 2226 869 2291 Pompeius,
908 2239 1047 2286 cnm,
1088 2232 1225 2275 teste
1263 2225 1364 2272 Ta-

299 2301 397 2350 cito
432 2302 623 2352 Annal.
644 2315 733 2351 nr.
755 2306 837 2351 28.
868 2307 884 2330 ‘
903 2300 1221 2364 corrigendis
1257 2314 1363 2349 mo-

301 2376 435 2425 rlbus
469 2377 742 2427 delectus’
777 2377 1062 2438 diceretur,
1089 2390 1191 2426 non
1229 2376 1362 2425 inte·

300 2465 433 2517 gram
477 2466 773 2515 censuram,
817 2453 907 2502 sed
955 2455 1067 2517 ejus
1103 2450 1360 2503 duntaxat

297 2536 513 2592 partem,
536 2531 829 2592 suscepisse
864 2530 1239 2579 existimandus
1262 2537 1363 2580 est.

296 2605 384 2670 At,
406 2606 678 2671 republica
713 2608 766 2656 in
803 2608 1160 2672 principatum
1195 2615 1361 2656 muta·

300 2688 363 2736 ta,
396 2683 553 2746 pauci
589 2684 946 2748 imperatores.
984 2698 1173 2748 nempe
1205 2686 1360 2735 Clau-

295 2755 424 2816 dius,
468 2764 526 2808 et
570 2757 733 2808 ferme
778 2758 946 2808 Flavii
989 2760 1106 2821 soli,
1150 2760 1359 2810 titulum

294 2832 590 2884 ‘censoris’
633 2834 938 2897 adscivere;
991 2835 1089 2884 nisi
1134 2843 1360 2886 tantum·

294 2909 444 2960 modo
489 2911 767 2977 aliquando
821 2912 870 2961 in
914 2911 1118 2976 agendo
1164 2928 1356 2965 census

293 2989 449 3037 ceteri
491 2995 665 3038 autem
709 2990 805 3038 sub
847 2990 943 3039 hac
978 2991 1095 3053 ipsa
1139 2989 1359 3039 formula

295 3063 637 3127 prefecturae,
682 3072 771 3115 aut
819 3067 1104 3129 regiminis,
1144 3082 1361 3129 morum,

294 3139 451 3189 nihilo
484 3142 669 3203 miuus,
693 3142 949 3197 omnibus,
974 3141 1141 3206 iisque
1176 3144 1358 3206 ampli·

294 3212 474 3278 ficatis,
511 3218 810 3268 ‘censurae’
843 3219 1052 3281 juribus
1092 3219 1168 3269 usi
1206 3224 1359 3281 suut;

293 3304 582 3356 quanquam
607 3292 891 3342 identidem
915 3295 1072 3344 etiam
1096 3307 1161 3343 ex
1187 3295 1357 3359 priva-

295 3368 356 3416 tis
403 3370 695 3419 hominibus
742 3370 1058 3421 ‘censores’
1111 3372 1356 3421 crearint.

290 3444 583 3496 Secundum
603 3462 754 3512 quam
774 3446 1141 3512 praefecturam
1166 3457 1220 3497 et
1237 3462 1355 3497 ceu-

291 3523 476 3571 aoriam
521 3530 860 3586 potestatem,
905 3525 1147 3573 tradente
1185 3524 1355 3575 Dione

292 3594 486 3653 Cassio,
524 3597 614 3647 lib.
657 3611 777 3648 ιιιι.
815 3612 936 3663 pag.
974 3603 1085 3653 608.
1135 3614 1226 3663 pro
1263 3614 1355 3649 suo

292 3673 500 3723 arbitrio
544 3682 895 3725 exercuerunt
947 3674 1247 3725 facultatem
1302 3677 1352 3726 in

289 3748 444 3799 vitam
491 3757 549 3800 et
591 3764 762 3799 mores
802 3752 991 3801 civium
1040 3752 1354 3817 inquirendi,

289 3837 465 3875 causus
490 3827 696 3890 agendi,
717 3826 768 3875 in
790 3835 1085 3890 equestrem
1121 3842 1180 3877 ac
1205 3842 1351 3877 sena·

292 3901 470 3950 torium
494 3902 729 3951 ordinem
748 3901 1100 3964 adscribendi,
1122 3904 1351 3969 aliosque

288 3990 350 4025 ex
375 3980 434 4028 iis
458 3979 776 4029 removendi.
821 3980 909 4029 Sic
937 3994 1058 4029 vero
1077 3982 1217 4032 Julio
1237 3984 1351 4032 Coe-

289 4054 399 4118 sari,
428 4056 639 4106 devicto
672 4055 947 4119 Pompeio,
977 4072 1008 4104 a
1045 4064 1246 4120 senatu,
1276 4058 1349 4107 in·

292 4136 365 4179 ter
383 4133 510 4183 alios
534 4133 781 4194 honores,
797 4133 955 4183 etiam
981 4132 1350 4197 pru-secturam

289 4218 474 4259 morum
498 4210 563 4259 ad
591 4218 699 4260 tres
727 4223 887 4258 annos
917 4210 1183 4260 decretam
1217 4225 1349 4277 esse,

289 4294 455 4335 narrat
499 4286 641 4338 idem
677 4286 801 4341 Dio,
832 4286 922 4339 lib.
964 4300 1123 4339 xun.
1160 4303 1212 4353 p.
1236 4294 1350 4340 220.

2386 384 2524 450 707

1448 541 1540 603 Et,
1564 540 1698 605 quod
1737 541 1835 592 alio
1865 547 2101 607 tempore
2135 540 2355 606 factum,
2386 544 2515 595 Sue·

1450 626 1560 666 ton.
1585 620 1717 668 Caes.
1744 633 1790 669 c.
1812 623 1893 668 70.
1911 620 1927 648 ‘
1944 619 2158 678 Caesarss
2182 621 2370 684 iuquit,
2393 622 2409 649 ⁸
2425 622 2510 671 ho·

1449 708 1604 744 nores
1645 696 1824 745 nimios
1863 698 2085 762 recepit,
2115 703 2176 748 nt
2208 699 2514 748 continuum

1447 771 1796 829 consulatum,
1832 782 2138 838 perpetuam
2178 774 2515 837 dictaturam,

1449 846 1925 913 praefecturamque
1969 851 2216 912 morum,'
2251 854 2348 901 διο.
2428 852 2516 903 Sic

1445 922 1586 972 idem
1628 924 1748 988 Dio,
1789 925 1879 975 lib.
1916 940 2035 976 mn.
2086 941 2140 990 p.
2165 932 2279 979 527.
2330 928 2513 993 refert,

1445 998 1688 1064 Augusto
1710 1016 1914 1067 quoque
1932 1003 2223 1053 Octaviano
2244 1004 2514 1055 decretum

1445 1074 1622 1134 fuisse,
1660 1084 1719 1127 ut
1768 1094 1862 1143 per
1895 1079 2127 1145 quinque
2165 1095 2326 1131 anuos
2355 1081 2514 1143 ἔτεμε·

1442 1152 1596 1213 lxm-<lys
1626 1156 1723 1204 τῶν
1753 1154 1956 1218 τρόπον,
1988 1164 2201 1207 curator
2237 1157 2347 1204 sive
2381 1171 2514 1221 pras·

1443 1228 1616 1279 fectus
1663 1245 1859 1280 morum
1898 1240 2057 1296 esset,
2096 1239 2513 1296 potestatemque

1443 1306 1730 1356 censoriam
1751 1306 1984 1358 haberet.
2046 1308 2298 1356 Similiter
2317 1307 2384 1357 de
2409 1307 2513 1357 Au·

1445 1390 1597 1447 gusto
1640 1384 1855 1433 Sueton.
1895 1398 2017 1446 cap.
2050 1387 2133 1433 27.
2167 1384 2279 1434 hoc
2323 1384 2509 1433 tradit:

1442 1459 1702 1523 ‘Recepit
1744 1468 1796 1508 et
1833 1473 2030 1509 morum
2065 1460 2344 1524 legumque
2382 1461 2514 1523 regi·

1444 1550 1560 1586 men
1584 1544 1923 1601 perpetuum;
1952 1536 2204 1601 quojure‚
2220 1551 2509 1601 quanquam

1443 1612 1556 1663 sine
1592 1628 1825 1664 censurae
1861 1615 2073 1670 honore,
2098 1628 2308 1663 censum
2338 1623 2510 1664 tameu

1441 1690 1621 1752 populi
1653 1698 1734 1739 ter
1766 1689 1910 1753 egit;
1948 1691 2166 1753 primum
2205 1705 2266 1739 ac
2301 1691 2510 1740 tertium

1441 1778 1560 1814 cum
1600 1766 1838 1830 collega3
1872 1766 2095 1816 medium
2131 1765 2309 1816 solus!
2371 1765 2509 1816 Ube-

1442 1841 1549 1890 rius
1584 1843 1695 1892 lnaec
1729 1842 1973 1906 exposuit
2004 1842 2281 1906 Spauhem.
2310 1841 2375 1891 de
2399 1843 2509 1892 Usu

1441 1925 1497 1967 et
1521 1917 1714 1967 Praest.
1740 1917 1993 1971 Numism.
2020 1924 2144 1969 tom.
2166 1933 2230 1969 ιι.
2256 1933 2374 1984 pag.
2395 1923 2510 1970 472.

1437 2008 1586 2059 seqq.
1657 1995 1888 2045 Dubium
1924 2002 2098 2046 autem
2132 2004 2235 2059 est,
2270 2011 2363 2046 cur
2396 1998 2508 2061 plu·

1440 2072 1557 2121 rimi
1590 2072 1950 2136 imperatores,
1984 2073 2175 2121 omisso
2208 2072 2509 2135 ‘censoris,'

1437 2149 1454 2178 ⁸
1479 2162 1837 2213 censuraeque,
1862 2148 1877 2171 '
1919 2148 2145 2210 nomine,
2192 2149 2208 2175 ⁴
2231 2145 2509 2211 proefectu-

1438 2240 1546 2275 ram
1590 2225 1817 2275 morum’
1867 2225 2134 2288 suscipere
2190 2224 2509 2286 maluerint3

1438 2316 1554 2351 cum
1594 2309 1767 2350 tamen
1800 2315 1856 2350 re
1880 2302 1994 2364 ipsa
2029 2299 2202 2350 omnia
2233 2314 2507 2350 censorum

1426 2378 1552 2441 jura
1574 2377 1868 2428 habuerint.
1920 2377 1974 2426 Si
1999 2376 2129 2425 fides
2164 2375 2401 2426 habenda
2425 2386 2506 2427 est

1438 2455 1618 2517 Dioni,
1639 2456 1671 2504 Ι.
1697 2469 1745 2503 c.
1767 2469 1888 2519 pag.
1906 2458 2022 2505 220.
2048 2453 2099 2503 id
2124 2454 2240 2504 ideo
2262 2455 2506 2519 contigit,

1436 2532 1559 2596 quia
1581 2545 1765 2582 nomen
1792 2530 2079 2581 ‘censoris’
2118 2545 2216 2581 non
2254 2522 2379 2581 satis
2418 2533 2506 2581 ho-

1433 2606 1703 2657 norificum
1757 2607 2075 2672 dignumque
2122 2607 2287 2657 visum
2343 2603 2506 2658 fuerit

1435 2683 1854 2746 imperatoribus.
1922 2685 2087 2735 Quam
2120 2684 2300 2734 Diouis
2334 2685 2502 2748 opini-

1433 2774 1585 2809 onem
1630 2761 1786 2809 etiam
1831 2758 2072 2809 defendit
2111 2760 2394 2810 Gutlierius
2437 2761 2504 2810 de

1434 2834 1590 2886 Offic.
1616 2837 1817 2886 Domus
1843 2836 1978 2899 Aug.
2005 2837 2090 2885 lib.
2113 2849 2150 2885 ι.
2177 2852 2226 2885 c.
2248 2841 2331 2886 40.
2399 2837 2503 2885 Ve-

1433 2927 1567 2976 rum,
1605 2928 1804 2964 summa
1838 2927 2042 2978 semper
2069 2912 2246 2962 habita
2279 2921 2362 2964 est
2392 2913 2503 2978 dig·

1429 2990 1566 3039 nitas
1605 2990 1858 3050 censoris,
1891 3004 2039 3053 qnam
2077 2989 2413 3049 Plutarchus,
2449 2991 2501 3039 in

1432 3065 1622 3115 Paullo
1660 3065 1881 3121 AEmiiio,
1917 3064 2076 3127 ἀρχὴν
2107 3066 2273 3113 πασῶν
2312 3064 2504 3126 ἱερωτά-

1428 3159 1538 3203 την,
1583 3147 1639 3190 et
1678 3143 1729 3190 in
1775 3143 1975 3191 Catone
2021 3140 2244 3204 Majore,
2292 3140 2502 3206 κορυφήν

1429 3236 1539 3269 τινα
1579 3221 1719 3280 τιμῆς
1768 3216 1972 3278 ἁπάσης,
2015 3218 2223 3267 omnium
2275 3220 2502 3270 honoram

1429 3297 1626 3358 apicem,
1652 3297 1874 3344 vocavit.
1943 3297 2085 3357 Ergo
2118 3295 2380 3345 lubentius
2417 3311 2501 3347 ac-

1433 3372 1565 3422 cedo
1588 3372 1896 3421 casaubono
1931 3371 1995 3420 ad
2034 3374 2256 3422 Sueton.
2289 3372 2340 3422 iu
2365 3374 2501 3425 Caes.

1432 3466 1479 3501 c.
1501 3454 1586 3500 76.
1618 3449 1980 3514 existimoque,
2005 3448 2318 3514 Augustum,
2348 3453 2499 3502 alios·

1431 3541 1532 3590 que
1567 3526 1929 3590 imperatores,
1955 3526 2161 3575 titulum
2195 3528 2498 3590 ‘censoris,'

1429 3610 1487 3651 et
1507 3603 1522 3630 ‘
1542 3601 1812 3658 censura‘,'
1839 3602 2010 3666 potius
2029 3617 2123 3666 per
2143 3605 2372 3666 speciem
2392 3620 2497 3655 mo·

1428 3677 1633 3740 destiae,
1650 3693 1802 3742 quam
1822 3680 1942 3744 quia
1965 3679 2131 3730 miuus
2153 3680 2493 3733 honorificum

1424 3751 1718 3811 habuerint,
1739 3769 2026 3819 recusasse,
2049 3770 2114 3806 ue
2149 3757 2352 3807 scilicet
2386 3773 2493 3807 om-

1423 3844 1514 3879 ues
1555 3844 1784 3880 censura
1825 3840 2002 3896 partes
2051 3833 2374 3897 honoresque
2416 3849 2496 3884 re-

1423 3908 1646 3971 cepisse,
1667 3921 1835 3973 neqne
1855 3909 2189 3958 severitatem
2214 3910 2353 3960 illam
2376 3923 2498 3961 cen-

1424 3986 1635 4049 soriam,
1670 3985 1862 4049 populo
1902 3986 2179 4050 aliquando
2220 4002 2320 4037 nou
2367 3990 2493 4038 satis

1424 4070 1660 4126 gratam,
1709 4076 1927 4112 exerere
1984 4064 2120 4112 velle
2177 4064 2492 4113 viderentur.

1424 4138 1671 4187 Schmun-z.

1488 4213 1757 4280 Beneficio]
1796 4213 2009 4263 Leniter
2029 4213 2094 4262 ad
2118 4214 2248 4265 bona
2284 4214 2494 4274 ducere,

1424 4297 1478 4342 et
1511 4292 1647 4342 bene
1681 4290 1947 4353 faciendo,
1982 4290 2156 4354 potius
2193 4306 2347 4356 quam
2374 4306 2493 4342 ceu·
