3060 4902
762 395 826 441 G.
880 391 1122 442 PLINn
1173 391 1507 442 SECUNnt
1561 393 1837 443 PANEG.
1915 394 1966 441 1.

320 538 698 595 consuluimus,
725 544 874 588 recte
897 537 1089 588 babent
1114 539 1236 588 hunc
1250 541 1390 597 nolo,-

319 615 513 663 timidus
529 619 623 664 est.
652 614 801 663 Solus
817 615 984 664 codex
1001 616 1234 665 Venetus
1250 631 1390 665 men-

322 690 446 739 dose
484 691 763 740 substituit
788 691 911 740 huuc
944 694 1063 741 oola.
1129 694 1259 744 Quis
1300 707 1389 740 aii-

323 775 427 816 tem
451 782 572 815 eum
597 766 831 829 judicem
854 768 992 828 velie,
1015 767 1100 830 qui
1136 777 1219 817 est
1255 769 1390 818 tirni·

326 845 435 902 dus,
462 860 562 894 nec
601 859 772 894 rerum
805 845 1043 908 peritus?
1100 845 1170 895 At
1206 845 1259 895 iu
1296 847 1392 897 lioc

325 922 439 970 loeo
464 936 655 984 magna
675 928 760 970 est
788 922 1034 971 varietas.
1099 923 1226 971 Tres
1248 923 1393 973 codi-

326 1014 413 1048 ces
435 999 699 1058 Vaticani,
734 1007 790 1048 et
809 999 1233 1063 Salisburgeusis,
1269 1001 1392 1049 item

327 1077 378 1125 in
403 1076 687 1138 impressis,
713 1076 1073 1139 Cuspinianns,
1096 1076 1395 1134 sichardus,

330 1152 613 1215 Livineius,
631 1151 917 1214 Gryphius,
949 1151 1176 1215 Lipsius,
1198 1151 1396 1201 Grute-

331 1243 435 1290 rus,
466 1228 754 1286 Puteanus,
787 1227 1037 1282 Baunius,
1074 1228 1396 1290 Bernegger,

328 1304 661 1360 Arutzenius,
706 1303 990 1365 Gesnerus,
1029 1303 1222 1353 liabent
1256 1305 1395 1353 illum

327 1383 468 1437 nole,-
501 1392 685 1430 contra
710 1381 888 1445 aliqui,
907 1380 1043 1429 illum
1063 1382 1187 1430 uolo.
1226 1382 1397 1431 Hoesi·

331 1457 508 1506 tabam
534 1457 778 1521 primum,
799 1465 965 1505 utram
993 1458 1268 1507 lectionem
1305 1459 1395 1507 ad·

332 1535 616 1584 mitterem.
670 1536 789 1583 Non
813 1535 1125 1597 displicebat
1150 1535 1217 1584 ab
1245 1536 1395 1586 initio

331 1612 465 1668 boc,
486 1613 623 1661 illuns
643 1614 748 1661 nolo
763 1630 785 1672 ,·
819 1629 934 1662 cum
955 1616 1260 1679 cogitarem,
1285 1617 1394 1665 Pli-

330 1690 473 1740 nium
493 1689 629 1753 loqui
650 1689 715 1738 de
740 1691 1022 1754 rejectione
1037 1690 1275 1754 judicum
1302 1707 1394 1755 per

332 1775 526 1816 sortem
558 1766 767 1832 quidem
802 1767 1064 1825 datorum,
1104 1768 1194 1816 sed
1228 1769 1394 1818 minus

329 1852 617 1904 gratorum.
684 1843 789 1893 Sed
820 1859 938 1892 mox
961 1843 1024 1892 ad
1050 1845 1266 1894 alteram
1292 1846 1395 1894 lec-

333 1922 549 1984 tionem,
572 1921 705 1971 ium
723 1923 845 1978 ⁹⁰10.
874 1921 1289 1984 amplectendam
1315 1937 1397 1973 me

330 1999 591 2064 pertraxit
607 1999 821 2062 adjecta
842 1997 1083 2059 formula,
1109 2006 1123 2027 ·
1142 2001 1265 2062 quia
1283 2001 1396 2048 Cae-

329 2089 498 2124 sarens
520 2074 738 2124 fortiter
768 2075 946 2125 amat.’
998 2076 1134 2124 Talis
1159 2076 1298 2125 enim
1312 2080 1398 2139 ju-

329 2155 456 2216 dex,
475 2158 579 2204 isto
598 2169 711 2204 πω
724 2155 958 2220 Trajsni,
973 2156 1157 2218 optimi
1180 2156 1400 2219 impera-

334 2233 479 2288 toris,
496 2233 660 2296 magis
684 2231 1121 2295 comprobandus,
1142 2246 1298 2296 quam
1320 2247 1402 2281 re-

327 2308 595 2373 jiciendus
613 2316 746 2358 erat.
796 2309 980 2372 Neque
1004 2310 1138 2358 enim
1161 2311 1176 2337 ‘
1194 2308 1404 2359 fortiter

334 2400 508 2435 amare
526 2385 540 2406 '
557 2386 644 2435 bic
658 2385 967 2449 simpliciter
987 2395 1152 2450 notat,
1174 2387 1327 2436 valde
1348 2394 1403 2437 et

334 2469 669 2517 vehementer
704 2481 914 2527 amare3
948 2466 1057 2529 sed,
1080 2476 1237 2530 prout
1261 2475 1404 2518 recte

332 2547 624 2610 explicavit
664 2547 884 2607 Lipsius,
911 2562 1012 2596 non
1051 2556 1269 2604 temere.
1311 2557 1403 2598 aut

335 2624 537 2683 timide,
575 2631 633 2672 ut
668 2622 968 2679 adulantes.
1003 2632 1095 2673 aut
1141 2626 1403 2686 timentes,

335 2714 400 2749 ne
420 2698 710 2760 offendant,
728 2706 818 2749 ant
840 2708 897 2749 nt
921 2701 1304 2750 matresliberis
1328 2703 1403 2750 ni·

333 2778 427 2826 mis
450 2777 805 2839 indulgentes,
823 2776 1034 2837 solent;
1067 2776 1159 2825 sed
1186 2792 1299 2826 curn
1323 2792 1403 2827 se·

336 2854 561 2902 veritate
585 2851 808 2916 quadam
845 2858 902 2901 et
942 2851 1188 2901 libertate
1214 2868 1406 2903 amare.

336 2928 504 2980 Quam
529 2929 791 2978 notionem
804 2927 953 2991 liujus
967 2927 1203 2978 formulae
1225 2931 1405 2995 utique

335 3005 693 3070 cognoscimus
718 3020 784 3053 ex
809 3007 1007 3054 Seneca
1030 3005 1096 3053 de
1121 3006 1408 3056 Providen-

338 3083 412 3131 tia
449 3081 648 3136 divina,
682 3081 769 3129 ubi
800 3082 843 3129 is
878 3096 926 3130 c.
959 3086 1007 3129 2.
1030 3084 1045 3111 ‘
1071 3082 1189 3132 Nou
1231 3083 1412 3147 vides:

337 3160 530 3224 inquit,
561 3162 800 3223 ‘qtisnto
839 3160 991 3210 aliter
1029 3168 1220 3224 patres,
1256 3162 1409 3212 aliter

336 3248 554 3296 matres,
589 3236 932 3299 indulgeant?
979 3237 1065 3286 Illi
1090 3239 1408 3302 excitariju-

337 3313 466 3364 bent
500 3313 695 3363 liberos
724 3314 791 3361 ad
824 3314 996 3363 studia
1034 3315 1275 3365 obeunda
1307 3332 1408 3367 rna-

337 3401 494 3453 ture3
526 3390 735 3442 feriatis
759 3405 965 3456 quoque
988 3392 1173 3443 diebus
1193 3408 1295 3443 non
1321 3408 1408 3456 pa-

336 3473 543 3521 tiuntur
578 3483 694 3517 esse
717 3469 928 3527 otiosos.
949 3478 1007 3519 et
1029 3471 1267 3521 sudorem
1292 3471 1411 3534 illis,

338 3556 394 3598 et
416 3547 683 3598 interdurn
708 3545 946 3596 lacrimas
979 3550 1268 3599 excutiunt.
1338 3549 1409 3598 At

336 3632 536 3675 matres
581 3622 760 3673 fovere
805 3623 857 3671 in
892 3624 1025 3684 sinu,
1060 3625 1321 3675 contineri
1356 3625 1409 3673 in

339 3702 547 3760 umbra,
570 3700 783 3757 volunt3
821 3714 1084 3764 nunquam
1110 3698 1255 3756 flere,
1282 3714 1410 3749 nun·

334 3792 491 3843 quam
510 3776 1001 3841 tristari,nunquam
1020 3777 1279 3828 laborare.
1308 3779 1409 3827 Pa·

338 3854 498 3904 trium
521 3852 685 3902 lubet
709 3854 851 3902 Deus
869 3852 1115 3902 adversus
1130 3854 1288 3904 bonos
1305 3856 1410 3903 ani-

340 3944 500 3994 mum,
524 3937 582 3980 et
600 3930 717 3979 illos
735 3927 920 3979 fortius
937 3937 1089 3980 amat.
1125 3931 1412 3996 Operibus,

342 4006 531 4071 inquit,
559 4002 850 4061 doloribus,
885 4020 946 4054 ac
981 4006 1203 4067 damnis,
1239 4009 1413 4070 exagi-

340 4088 538 4138 tentur,
561 4089 619 4130 ut
642 4094 821 4131 verum
836 4082 1085 4145 cunigunt
1105 4081 1294 4133 robus-‚²
1327 4085 1414 4133 Ita

344 4158 478 4209 idem
498 4159 711 4209 Seneca
743 4157 919 4221 Epist.
945 4163 1057 4209 104.
1077 4161 1153 4221 τῷ·
1186 4162 1202 4188 ⁸
1221 4159 1413 4211 fortius

341 4249 515 4287 amare
529 4236 544 4259 ⁹
560 4234 787 4299 opponit
800 4234 815 4261 ‘
827 4248 1002 4284 amare
1017 4235 1366 4298 indulgentius
1382 4236 1417 4288 ι’

342 4315 365 4343 ⁸
378 4316 636 4369 Quoniam
654 4311 790 4379 ego:
810 4310 999 4379 inquit,
1017 4314 1033 4340 ⁸
1049 4312 1114 4364 sb
1130 4313 1216 4364 ills
1231 4313 1417 4379 [Paul-

2009 378 2121 446 36.
2405 381 2537 446 649

1463 537 1595 600 lina]
1615 553 1717 587 non
1737 537 1971 601 impetro,
1988 546 2044 588 nt
2062 552 2142 589 me
2156 538 2341 589 fortius
2360 549 2499 590 amet
2521 557 2536 590 ε

1463 615 1715 678 impetrat
1752 616 1840 664 illa
1877 631 1908 664 a
1934 631 2034 678 ine,
2058 624 2114 666 ut
2151 632 2231 666 me
2261 616 2536 678 indulgen·

1467 694 1571 743 tius
1599 693 1799 742 amem!
1835 693 1938 743 Hic
1960 701 2133 744 autem
2160 695 2535 745 observandum

1465 778 1570 824 est.
1601 769 1803 832 judicio
1849 785 2144 820 caussarum
2186 770 2455 828 fiscalium,
2506 788 2537 822 a

1468 850 1651 898 Nerva
1695 848 1921 910 Trajano
1967 848 2229 911 instituto,
2273 851 2539 901 ordinarie

1467 924 1676 988 quidem
1718 924 2030 987 praesedisse
2068 933 2343 990 praetorem
2388 927 2537 989 fisri3

1470 1001 1564 1049 sed
1600 1000 1664 1058 ud
1700 1015 1910 1050 caussas
1945 1000 2305 1063 dijudicandas
2328 1006 2538 1054 omnino

1469 1078 1862 1142 plnresjudices
1881 1078 2096 1127 allectos
2111 1076 2289 1137 fuisse,
2303 1079 2435 1128 haud
2456 1096 2537 1129 se·

1469 1167 1578 1210 cus,
1594 1169 1654 1203 sc
1671 1155 1719 1203 in
1739 1155 1850 1203 aliis
1865 1155 2097 1217 judiciis,
2118 1157 2169 1203 in
2187 1157 2388 1218 quibus,
2412 1165 2540 1207 tern-

1474 1244 1600 1293 pore
1625 1230 1924 1293 reipublicae
1946 1231 2143 1293 liberae,
2168 1230 2249 1279 lex
2287 1230 2540 1295 Pompeia

1462 1307 1742 1371 judiciaria
1780 1315 1977 1356 certum
2008 1321 2269 1356 nnmerum
2298 1308 2537 1370 judicum

1474 1384 1812 1446 legendorum
1851 1383 2143 1434 definierat.
2211 1385 2323 1435 Etsi
2360 1387 2539 1449 itaque

1472 1461 1524 1509 in
1549 1461 1647 1510 hoc
1676 1460 1878 1525 judicio
1902 1475 2012 1509 sors
2036 1469 2091 1510 et
2115 1475 2242 1511 urna
2265 1462 2428 1510 locum
2454 1464 2542 1511 lia-

1471 1536 1641 1599 beret,
1665 1537 1716 1586 id
1741 1545 1841 1596 est,
1863 1545 2002 1586 sorte
2034 1536 2540 1600 educerenturjudi·

1471 1628 1598 1674 ces;
1629 1629 1730 1663 non
1771 1622 1946 1663 tamen
1987 1629 2193 1680 semper
2225 1615 2260 1663 ii
2305 1615 2541 1676 designa-

1473 1691 1664 1739 bantur
1700 1705 1791 1754 per
1831 1699 2047 1753 sortem,
2087 1692 2173 1755 qui
2214 1692 2540 1756 litigantibus

1473 1772 1608 1833 grati
1637 1770 1946 1834 probatique
1971 1770 2291 1821 viderentur.
2327 1771 2544 1821 Licebat

1474 1861 1600 1910 ergo
1634 1848 1693 1895 iis
1733 1845 2005 1910 quosdam,
2043 1861 2173 1910 quos
2212 1846 2542 1896 meticulosos

1475 1933 1567 1974 aut
1587 1925 1711 1973 alias
1738 1924 1830 1973 sibi
1857 1924 2024 1973 minus
2046 1924 2362 1980 commodos,
2387 1925 2543 1973 liabe-

1475 2001 1620 2057 bant,
1648 2000 1886 2062 rejicere,
1912 2008 1968 2048 ut
1988 2001 2073 2048 alii
2101 2001 2346 2049 incorum
2371 2001 2541 2049 locum

1477 2076 1924 2135 subsortirentnr3
1962 2075 2154 2124 licebat
2179 2078 2542 2140 iisdem,quos·

1477 2153 1596 2201 darn
1633 2152 1909 2201 admittere
1960 2160 2015 2201 et
2060 2152 2420 2215 comprobare,
2454 2154 2541 2216 qui

1478 2231 1740 2280 Caesarem
1764 2231 1989 2289 sortiter,
2027 2231 2058 2278 i.
2082 2245 2130 2278 e.
2167 2244 2283 2277 curn
2320 2230 2542 2292 qiiadam

1478 2308 1805 2357 animositate
1828 2315 1881 2354 et
1909 2306 2167 2358 libertate,
2183 2305 2544 2365 amabant,ne·

1477 2399 1577 2448 que
1605 2385 1769 2432 vereri
1791 2382 2118 2444 videbantur,
2140 2382 2407 2445 sijustitia
2431 2397 2544 2431 sua·

1478 2464 1648 2519 deret,
1672 2464 1829 2512 etiam
1854 2470 2037 2510 contra
2063 2463 2346 2524 Caesarern,
2375 2464 2544 2512 Caesa·

1479 2541 1650 2605 risque
1675 2539 2330 2602 procuratores,judicinm
2356 2537 2547 2589 facere.

1481 2620 1621 2669 Hinc
1660 2620 1855 2668 Plinius
1891 2621 1994 2668 ait:
2043 2620 2153 2668 licet
2185 2619 2396 2677 rq‘icere,
2433 2620 2547 2668 licet

1480 2699 1776 2745 exclamare.-
1810 2696 1958 2745 Hunc
1988 2698 2113 2751 nolo,
2137 2731 2151 2746 .
2175 2731 2188 2745 .
2214 2730 2227 2744 .
2263 2696 2395 2744 illum
2429 2698 2548 2756 colo,

1478 2777 1560 2836 ξε.
1627 2775 1845 2824 Prorsus
1887 2773 2019 2824 adeo
2057 2773 2295 2821 similiter
2339 2771 2546 2820 locutus

1479 2859 1559 2900 est
1587 2851 1784 2899 Plinius
1809 2851 2000 2912 Mnjor,
2018 2850 2068 2898 in
2089 2847 2245 2899 Praef.
2265 2848 2400 2896 Hist.
2421 2848 2550 2899 Nat·

1482 2943 1598 2976 cum
1641 2928 1706 2977 ad
1739 2925 2004 2976 formulam
2031 2923 2324 2986 hujusmodi
2349 2924 2546 2986 ‘rejec-

1485 3003 1888 3067 tionisjndicutn
1907 3001 1921 3022 '
1954 3000 2232 3049 alluderet.
2284 3001 2299 3026 ‘
2319 2999 2549 3048 Praeter·

1484 3080 1585 3141 ea,’
1609 3080 1796 3144 inquit,
1821 3086 1835 3109 ⁸
1856 3085 1936 3128 est
1960 3076 2195 3139 qua-dam
2221 3074 2431 3138 publica
2450 3075 2547 3123 eti-

1487 3172 1567 3205 arn
1592 3156 1908 3206 eruditorum
1942 3155 2180 3217 rejectio.
2249 3152 2430 3200 Utitur
2460 3152 2550 3202 illa

1484 3241 1541 3282 et
1575 3234 1653 3281 M.
1687 3233 1907 3293 Tullius,
1930 3241 2084 3280 extra
2115 3245 2315 3279 omnem
2356 3230 2549 3288 ingenii

1487 3312 1654 3360 aleam
1713 3310 1943 3371 positus:
2019 3309 2147 3359 Haec
2198 3308 2547 3358 doctissimum

1485 3388 1723 3438 Persium
1747 3388 1922 3448 legere
1949 3387 2097 3445 nolo;
2154 3386 2365 3435 Laelium
2397 3387 2553 3435 Deci-

1490 3480 1622 3515 mum
1663 3462 1815 3512 volo!
1881 3462 2016 3511 Illud
2053 3476 2207 3510 unum
2245 3463 2412 3511 adhuc
2443 3479 2550 3511 rno-

1486 3556 1602 3597 neo,
1629 3542 1677 3589 in
1700 3540 1881 3590 codice
1902 3540 2157 3588 Vaticano
2175 3542 2321 3588 3461.
2342 3547 2394 3589 et
2416 3554 2551 3601 meo,

1486 3619 1612 3667 item
1636 3618 1764 3666 etin
1801 3619 2004 3666 excusis
2040 3616 2346 3680 quibusdam
2390 3618 2553 3678 libris,

1486 3709 1580 3758 pro
1617 3695 1728 3758 quia
1754 3696 2011 3756 Coesarem,
2051 3695 2150 3758 legi
2191 3696 2271 3758 qui
2298 3697 2553 3744 Coesarem.

1487 3772 1747 3820 Schwsrz.

1556 3847 1778 3897 fortiter·
1797 3846 1951 3909 umal]
1984 3847 2103 3896 Non
2126 3854 2343 3903 temere,
2369 3853 2458 3895 aut
2486 3847 2552 3896 ti-

1488 3925 1647 3985 mide,
1666 3931 1723 3973 nt
1747 3924 2038 3978 adulantes,
2064 3932 2151 3972 aut
2168 3932 2452 3971 metuentes
2476 3923 2554 3972 of·

1488 4001 1727 4052 sendere.
1794 4003 1997 4051 Seneca
2021 4001 2088 4050 de
2115 4002 2320 4051 Provid.
2343 4003 2357 4027 ‘
2377 4002 2554 4050 Patri-

1489 4096 1574 4130 um
1599 4079 1758 4129 habet
1786 4081 1927 4128 Deus
1952 4094 2077 4142 erga
2098 4078 2260 4127 bonos
2286 4080 2420 4126 viros
2444 4080 2552 4128 aui·

1489 4174 1650 4215 sumn,
1678 4168 1734 4207 et
1756 4157 1872 4207 illos
1899 4156 2109 4206 fortiter
2128 4154 2303 4204 amat!
2328 4155 2466 4217 Lips.

1559 4235 1778 4284 Fortiter
1818 4230 1974 4292 amnt]
2012 4230 2241 4280 Fortiter
2270 4240 2428 4293 amat,
2464 4233 2554 4296 qui

1493 4327 1594 4363 non
1632 4310 1890 4376 indulget,
1912 4308 2001 4372 qui
2036 4321 2218 4359 severo
2254 4308 2476 4374 quodam
2502 4325 2555 4358 a·
