3060 4902
577 306 709 371 964

641 466 745 516 lter
762 464 860 529 illi]
894 463 998 513 Iter
1017 461 1116 512 iuis
1138 460 1268 515 edit·
1290 461 1523 510 Rhenan.
1544 458 1638 509 sed

575 542 682 591 Iter
712 543 786 591 ini
818 541 1006 591 Faber.

640 617 852 682 Sepias]
891 619 1055 666 Bene.
1108 616 1374 680 Nusquam
1398 612 1640 677 frequen·

575 696 678 746 tior
700 698 785 757 sit,
809 711 959 760 quam
986 695 1069 744 ubi
1096 709 1150 742 se
1176 694 1435 743 consulem
1468 701 1638 742 osten·

575 771 687 834 dat,
717 781 769 822 et
784 773 920 836 juris
945 770 1367 819 distributorem:
1404 766 1637 817 fruenda

574 851 711 899 enim
728 850 948 913 justitiae
983 862 1181 909 caussa,
1213 847 1289 895 uti
1322 846 1439 895 olim
1470 860 1640 908 reges,

575 932 695 976 sunt
735 926 1028 975 constituti.
1096 925 1205 973 Cic.
1250 921 1404 973 Offic.
1448 936 1510 972 11.
1560 926 1641 972 12.

573 1002 715 1052 Hinc
741 1004 996 1052 Homerus
1021 1016 1107 1051 eos
1131 1006 1282 1049 vocat
1304 998 1638 1064 δικασπόλους,

571 1079 961 1139 θεμιστοπόλους.
1027 1077 1182 1128 Adde
1206 1077 1350 1141 Lips.
1375 1077 1427 1125 in
1453 1076 1642 1126 Monit-

578 1156 695 1207 1²01.
718 1171 779 1206 u.
802 1162 850 1205 9.
885 1158 1038 1206 Ber-n.

633 1233 907 1297 lusorum]
940 1232 1026 1283 Ad
1061 1232 1149 1296 jus
1190 1230 1483 1282 dicendum.
1519 1230 1637 1295 Lip-

573 1325 688 1360 sius.

638 1385 701 1434 In
720 1385 910 1449 sorum]
960 1386 1043 1435 Ad
1088 1398 1297 1435 caussas
1336 1382 1638 1447 audiendas,

568 1463 757 1526 jusque
789 1463 986 1513 civibus
1017 1461 1386 1528 praestandum.
1421 1462 1637 1511 Putas-ol.

637 1540 699 1587 Iu
723 1539 907 1599 forum,
933 1576 946 1590 .
971 1575 984 1590 .
1006 1547 1053 1591 et
1070 1542 1123 1590 in
1142 1538 1376 1603 campum]
1410 1539 1472 1587 ln
1497 1554 1635 1589 cam·

571 1631 692 1679 pum
726 1617 973 1667 Martium
1008 1617 1125 1667 ibat·
1151 1616 1423 1681 Trajanus,
1457 1626 1514 1665 nt
1551 1631 1637 1666 co·

571 1693 718 1741 mitia
735 1692 934 1755 obiret3
957 1693 1006 1742 in
1032 1694 1218 1750 forum,
1235 1700 1292 1742 ut
1306 1693 1395 1762 j5¹⁸
1417 1690 1637 1744 diceret.

570 1772 659 1819 De
695 1785 880 1834 campo
927 1770 1125 1820 Martio
1169 1784 1271 1820 non
1315 1768 1441 1818 nibil
1481 1783 1638 1831 supra

569 1845 679 1895 dixi
701 1846 766 1895 ad
793 1860 949 1896 um.
971 1852 1019 1897 2.
1079 1846 1364 1908 Librarius,
1379 1846 1430 1894 in
1455 1846 1636 1896 codice

568 1921 843 1983 Patavino,
878 1922 1187 1985 particulam
1233 1927 1389 1971 tamen
1432 1923 1483 1971 in
1532 1920 1636 1972 'tum

566 1998 809 2060 mutavit,
830 2006 885 2049 et
907 1999 980 2048 sic
997 1999 1096 2048 ista
1116 1997 1273 2047 verba
1289 1998 1633 2062 interpunxit,

565 2075 671 2124 Iler
703 2075 800 2124 illis
833 2075 1037 2138 sepius.-
1074 2076 1125 2124 in
1145 2075 1312 2135 sorum
1336 2073 1632 2137 frequenter,

567 2156 669 2200 tum
701 2157 746 2201 et
777 2153 827 2201 iu
848 2168 1075 2216 campum.
1143 2152 1248 2202 Sed
1272 2152 1396 2201 nilril
1419 2153 1501 2201 bic
1524 2167 1634 2201 mu-

570 2227 783 2277 tandum
822 2242 1027 2279 censeo.
1095 2227 1342 2280 Quamvis
1381 2227 1632 2290 Trajanus

567 2319 671 2353 non
697 2312 938 2369 tanquam
959 2305 1258 2368 imperator,
1276 2303 1366 2353 sed
1387 2312 1630 2367 tanquam

566 2383 761 2437 consul,
780 2383 861 2430 liic
882 2382 1084 2431 dicatur
1099 2380 1265 2430 forum
1287 2395 1628 2446 campumque

565 2455 954 2520 frequentasse;
988 2458 1325 2519 imperatores
1361 2462 1553 2518 tamen,
1586 2458 1627 2507 si

566 2534 780 2594 vellent,
817 2547 917 2580 non
956 2533 1120 2581 solum
1157 2534 1205 2580 in
1240 2531 1383 2581 curia
1420 2541 1626 2583 senato·

566 2621 680 2655 rum
724 2606 1105 2671 cognitionibus
1175 2606 1481 2664 intererant,
1536 2609 1627 2657 sed

563 2680 722 2730 etiam
755 2683 807 2730 in
840 2680 950 2730 foro
986 2681 1405 2730 interveniebant
1437 2693 1627 2746 praeto·

562 2772 677 2806 rum
704 2756 941 2821 judiciis,
964 2768 1122 2820 atque
1153 2758 1425 2822 aliquando
1457 2760 1509 2808 in
1543 2775 1628 2809 eo-

563 2832 684 2882 dem
710 2832 953 2882 tribnnali
979 2833 1258 2893 sedebant3
1295 2835 1447 2884 immo
1464 2836 1625 2885 inter·

564 2911 689 2960 dum
712 2910 866 2959 etiam
892 2910 1028 2960 domi
1051 2911 1140 2974 jus
1174 2910 1433 2962 dicebant.
1497 2914 1625 2963 Sue-

564 2995 675 3037 ton.
700 2986 835 3050 Aug.
858 3001 907 3037 c.
926 2991 1007 3036 33.
1044 2993 1059 3015 ‘
1083 2987 1313 3050 Ipsejus
1337 2987 1468 3038 dixit
1502 2991 1626 3039 assi-

565 3066 687 3127 due,
710 3073 765 3115 et
799 3065 851 3113 iu
885 3072 1086 3114 noctem
1122 3078 1222 3112 non
1258 3078 1544 3129 nunquam:
1582 3067 1625 3114 si

563 3156 745 3204 parum
784 3156 1002 3205 corpore
1043 3141 1260 3204 valeret,
1301 3141 1487 3190 lectica
1532 3157 1626 3206 pro

563 3217 810 3266 tribunali
856 3218 1126 3279 collocata,
1165 3217 1245 3266 vel
1292 3218 1448 3265 etiam
1489 3216 1626 3268 domi

565 3293 796 3343 cubans.'
861 3294 944 3343 Ad
980 3309 1130 3359 quem
1166 3294 1334 3343 locum
1375 3294 1490 3343 vide
1529 3296 1625 3345 Ca-

563 3370 865 3421 aaubonurn.
932 3373 1102 3421 Tacit.
1141 3371 1330 3420 Annal.
1368 3386 1407 3421 1.
1443 3374 1525 3420 ⁷5.
1562 3372 1625 3420 de

562 3445 805 3496 Tiberio:
839 3449 855 3476 ⁴
882 3447 996 3496 Nec
1021 3455 1222 3511 patrum
1251 3448 1627 3511 cognitionibus

562 3521 803 3580 satiatus,
824 3523 1038 3585 judiciis
1071 3524 1353 3584 assidebat,
1382 3523 1433 3572 in
1467 3538 1625 3573 cornu

565 3597 857 3658 tribunalis,
876 3613 938 3647 ne
966 3607 1238 3661 praetorem
1261 3601 1424 3650 curuli
1449 3599 1625 3664 depel-

561 3671 737 3747 leret)
800 3673 1016 3723 Sueton.
1051 3674 1234 3724 Claud.
1268 3690 1315 3725 c.
1350 3679 1429 3724 14.
1470 3677 1485 3704 ‘
1508 3678 1624 3735 Jus.

564 3758 621 3802 et
643 3751 839 3815 consul,
863 3757 919 3800 ct
942 3758 1092 3800 extra
1120 3751 1384 3815 honorem,
1407 3752 1625 3804 laborio-

562 3827 763 3878 sissime
796 3827 945 3884 dixit,
982 3826 1139 3876 etiam
1175 3827 1277 3876 suis
1317 3841 1625 3893 suorumque

564 3906 748 3955 diebus
781 3904 1112 3962 solennibu8‚'
1147 3908 1245 3953 διο.
1313 3905 1480 3954 Etiam
1524 3906 1622 3956 Dio

565 3983 773 4032 Cassius
811 3983 844 4030 Ι.
868 3995 961 4032 nx.
996 3997 1049 4046 p.
1069 3985 1182 4032 667.
1217 3979 1391 4037 refert.
1417 3981 1624 4031 Claudii

564 4065 761 4109 tantam
792 4058 1144 4108 assiduitatem
1178 4059 1229 4108 in
1254 4058 1376 4121 jure
1399 4058 1621 4120 dicendo

564 4132 740 4198 fuisse,
770 4143 825 4186 ut
860 4135 1073 4200 singulis
1108 4135 1267 4186 ferme
1301 4136 1503 4197 diebus,
1532 4146 1622 4187 aut

564 4225 679 4261 cum
717 4221 825 4264 toto
862 4222 1064 4272 senatu,
1101 4223 1190 4266 aut
1223 4215 1380 4280 solus,
1414 4216 1464 4265 in
1504 4213 1623 4268 soro

1276 319 1496 367 No'rAE
1545 315 1950 365 vAmoRUM
1999 314 2079 365 m

1712 458 1920 524 quidem
1954 457 2316 522 utplurimum,
2336 455 2431 511 sed
2457 460 2515 508 et
2536 456 2673 522 alibi,
2693 472 2785 507 se-

1710 535 1839 584 dens
1894 549 1987 598 pro
2044 534 2287 584 tribunali
2332 534 2421 598 jus
2469 535 2782 585 reddiderit.

1709 611 1927 661 Sueten.
1958 612 2155 661 Domit.
2178 625 2224 661 c.
2246 616 2296 661 8.
2329 614 2344 639 ⁸
2368 612 2464 663 Jns
2495 612 2783 676 diligenter

1713 695 1769 738 et
1797 688 2050 738 industrie
2081 689 2231 739 dixit.
2296 688 2615 754 Plerumque
2643 698 2699 738 et
2721 690 2783 740 in

1710 765 1824 815 foro
1855 779 1948 829 pro
1975 765 2214 815 tribunali
2238 773 2387 815 extra
2407 765 2643 815 ordinem
2669 781 2779 815 arn-

1712 843 1921 894 bitiosas
1944 843 2377 893 centumuirorum
2392 844 2679 893 sententias
2698 858 2780 893 re·

1712 919 2020 984 scidit,'&c.
2057 920 2213 982 vide,
2230 935 2344 985 quse
2360 919 2426 969 ad
2444 933 2618 970 Lxxx.
2637 925 2684 969 1.
2702 919 2775 970 de

1712 995 2087 1060 cognitionibus
2125 994 2507 1046 annotabimus.
2554 994 2776 1046 Schw-

1710 1087 1830 1122 stus.

1777 1151 1839 1200 In
1870 1151 2107 1215 campum]
2140 1148 2412 1211 Martium,
2439 1147 2527 1198 nbi
2563 1149 2774 1199 comitia

1709 1226 2050 1288 habebantur,
2068 1234 2123 1276 et
2158 1227 2410 1283 consules,
2440 1224 2630 1290 aliique
2665 1242 2771 1275 ma-

1711 1306 1978 1370 gistratus,
1997 1304 2436 1354 renuntiabantur.
2469 1304 2691 1352 Pater-ot.

1780 1382 1987 1431 Comitia
2000 1378 2265 1442 consulum]
2292 1380 2339 1430 1.
2356 1394 2405 1429 e.
2422 1378 2633 1429 comitia
2649 1394 2770 1430 cou-

1712 1459 1919 1522 sularia,
1942 1459 1994 1507 in
2028 1458 2213 1522 quibus
2245 1457 2382 1520 novi,
2403 1464 2459 1505 et
2479 1457 2591 1518 jam
2613 1456 2773 1507 desti·

1709 1537 1839 1598 nati,
1862 1536 2099 1585 consules
2129 1534 2416 1584 solenniter
2439 1532 2770 1596 creabantur,

1711 1618 1765 1660 et
1783 1610 2227 1661 renuntiabantur.
2271 1608 2410 1662 Quid
2427 1616 2552 1658 tnnc
2566 1608 2617 1657 in
2633 1608 2772 1672 ejus·

1709 1688 1846 1737 modi
1862 1688 2083 1738 comitiis
2097 1689 2182 1753 agi
2199 1686 2544 1747 consueverit,
2559 1687 2770 1750 copiose

1710 1765 1925 1827 exposui
1947 1764 2011 1814 ad
2035 1779 2199 1815 xxm.
2223 1770 2270 1816 1.
2302 1764 2545 1814 &remn-

1774 1841 1915 1904 Ipse3
1946 1847 1994 1892 et
2014 1843 2223 1908 tamum]
2253 1841 2360 1905 111oe
2385 1845 2574 1890 tantu-
2605 1840 2768 1892 Lirin.

1707 1916 1759 1966 iu
1783 1925 1961 1981 textu3
1996 1926 2050 1969 at
2067 1919 2117 1968 in
2139 1917 2770 1984 margine,ipseettaesstsus

1773 2070 1842 2120 Et
1863 2077 2047 2122 tantum
2068 2087 2130 2122 ex
2149 2070 2527 2137 renuntiatione]
2559 2071 2624 2121 In
2646 2071 2768 2135 Up-

1706 2146 1885 2204 sianis.
1906 2148 2142 2204 Gruteri,
2167 2148 2560 2211 Parisiensium,
2579 2155 2635 2198 et
2666 2149 2766 2198 Pa-

1706 2224 1858 2274 taroli
1892 2223 2221 2281 editionibus.
2242 2223 2430 2287 copula
2460 2229 2509 2273 et
2542 2224 2767 2288 premit·

1705 2301 1833 2350 titur
1864 2301 1978 2350 voci
2011 2306 2227 2359 tntumm-
2261 2314 2413 2364 quarn
2450 2300 2690 2364 copulant
2719 2306 2768 2350 et

1704 2378 1909 2439 recepi;
1943 2377 2062 2442 qnia
2092 2377 2154 2425 ab
2186 2377 2366 2426 ultima
2399 2376 2557 2426 litera
2579 2391 2768 2441 prono·

1702 2453 1854 2502 minis
1877 2453 1997 2515 ipse,
2019 2462 2172 2519 atque
2195 2468 2223 2501 a
2248 2451 2414 2516 prima
2435 2454 2596 2503 litera
2624 2455 2764 2504 vocis

1702 2534 1906 2586 tuntum,
1930 2528 2176 2593 absorpta
2200 2527 2359 2579 fuisse
2381 2527 2610 2582 vide-tur.
2675 2531 2765 2581 Sic

1705 2614 1759 2654 et
1783 2606 1834 2654 in
1858 2606 2037 2656 codice
2060 2606 2337 2667 Patavium
2357 2613 2414 2656 et
2435 2605 2571 2656 libro
2593 2606 2763 2656 Vossi-

1705 2698 1823 2738 ano,
1846 2699 1940 2748 pro
1969 2689 2196 2748 quantum
2224 2685 2376 2747 prius,
2409 2685 2605 2749 legitur
2625 2701 2764 2750 quun

1697 2760 1863 2823 prinu,-
1898 2759 2034 2824 quod
2071 2765 2249 2823 posset
2285 2759 2457 2808 locum
2487 2761 2696 2822 babere,
2717 2761 2763 2810 si

1702 2849 1801 2883 non
1837 2831 2007 2898 plures
2041 2834 2249 2884 codices
2282 2833 2523 2886 faverent
2552 2837 2760 2888 lectioni

1703 2913 1944 2975 vulgatae.
2030 2911 2167 2961 Novi
2213 2925 2336 2960 vero
2387 2913 2645 2976 consules,
2683 2913 2760 2963 nti

1702 2993 1825 3037 tunc
1861 2989 1910 3036 in
1952 2988 2094 3036 curia
2126 3002 2155 3036 a
2188 2987 2442 3052 principe,
2474 2989 2622 3054 quasi
2655 2988 2761 3040 suf·

1700 3063 2016 3127 fragantibus
2044 3072 2099 3112 et
2127 3065 2576 3115 consentientibus
2600 3066 2763 3130 patri·

1700 3142 1813 3198 bus,
1834 3148 1849 3169 ⁸
1866 3140 2263 3190 destinabantur
2278 3141 2457 3190 honori
2476 3140 2512 3201 ς’
2544 3142 2763 3193 i.e.ma·
2835 3170 2839 3175 ·

1700 3219 1920 3282 gistratu
1950 3215 2049 3265 boc
2088 3215 2233 3278 digni
2271 3217 2645 3281 censebantnrg
2690 3219 2763 3269 ita

1700 3294 1947 3357 deinceps
1972 3293 2023 3342 in
2048 3307 2231 3356 campo
2256 3293 2471 3356 Martio,
2487 3295 2555 3344 ab
2578 3296 2762 3348 eodem

1702 3372 1955 3436 principe,
1995 3371 2280 3420 solenniter
2314 3372 2761 3431 renuntiabantur,

1700 3448 1809 3498 sive
1832 3447 2254 3499 declarabantur.
2320 3449 2473 3499 Unde
2496 3449 2638 3500 Plin.
2663 3452 2763 3502 Pa-

1699 3540 1817 3589 neg.
1854 3538 1993 3576 xcu.
2026 3530 2075 3575 8.
2108 3525 2258 3575 ‘Tuo
2284 3526 2491 3589 Jndicio
2523 3531 2761 3580 consules

1700 3599 1842 3664 facti,
1864 3608 1955 3650 tua
1985 3616 2112 3651 voce
2143 3602 2426 3652 renuntiati
2459 3618 2669 3666 sumus:
2705 3612 2760 3656 ut

1701 3679 1833 3726 idem
1856 3677 2135 3727 bonoribus
2155 3679 2345 3728 nostris
2364 3677 2676 3744 suffragator
2707 3683 2757 3732 in

1698 3756 1855 3810 curia,
1874 3756 1924 3804 in
1944 3770 2127 3819 campo
2144 3754 2455 3814 declarator,
2472 3758 2759 3809 existeres!

1698 3830 1893 3880 Confer
1933 3829 2149 3880 eandem
2189 3839 2367 3882 notam
2406 3832 2472 3882 ad
2518 3847 2680 3885 nnn.
2713 3839 2755 3886 1.

1700 3907 1878 3965 Putes,
1912 3907 1998 3957 hic
2027 3908 2391 3958 destinationem
2448 3925 2545 3974 pro
2599 3912 2757 3972 desig·

1695 3984 1884 4033 nacione
1923 3985 2063 4048 poni.
2131 3984 2327 4035 Eadem
2374 3988 2590 4037 notione
2630 3988 2755 4037 Sue·

1699 4069 1804 4111 ton.
1828 4062 2023 4111 Domit.
2046 4076 2161 4125 cap.
2185 4067 2267 4113 11.
2293 4078 2413 4113 usus
2437 4073 2522 4114 est
2546 4062 2755 4125 partici-

1696 4141 1783 4201 pio
1817 4146 1833 4169 ⁴
1855 4138 2144 4189 destinatus
2163 4139 2197 4188 ε’
2228 4142 2244 4169 ‘
2273 4140 2489 4195 Occidit
2524 4141 2751 4191 Flavium

1695 4214 1959 4277 Sabinum,
1980 4214 2119 4280 quod
2143 4231 2258 4288 eum
2282 4218 2608 4269 comitiorum
2633 4232 2751 4290 con·
