3060 4902
781 330 844 376 C.
893 325 1137 376 Pmmt
1188 324 1521 376 Suom-tm
1574 326 1850 375 PANRG.

340 471 526 522 eadem
555 469 816 534 particula
844 486 874 518 a
899 469 1074 519 Plinio
1111 470 1283 532 Epist.
1315 483 1421 518 vn.

340 553 427 598 27.
485 555 501 578 ‘
528 548 788 611 Perquam
825 548 978 596 veliin
1014 547 1170 605 scire,
1192 560 1305 594 esse
1328 547 1418 595 ali-

340 625 471 689 quid
499 624 877 688 phantasmata,
909 631 966 673 et
996 623 1186 672 habere
1217 624 1418 686 propri·

342 717 428 752 am
470 702 712 765 figuram,
746 715 1038 763 numenque
1072 701 1299 764 aliquod,
1326 715 1417 762 pu-

341 785 427 827 tes
446 794 462 838 3
498 792 563 826 an
587 777 757 826 inania
780 785 834 825 et
855 792 984 826 vana
1002 792 1065 825 ex
1082 785 1222 825 metu
1242 785 1417 825 nostro

343 854 627 916 imaginem
666 853 980 915 accipere?'
1015 853 1211 901 Similia
1245 866 1418 901 exem-

344 930 437 992 pla
477 931 673 978 omissas
719 929 990 990 particulas
1036 928 1318 978 dubitantis
1360 943 1419 977 ne

345 1005 595 1055 annotavi
624 1019 798 1067 supra,
826 1004 889 1052 ad
919 1017 1007 1052 XL.
1029 1009 1076 1052 5.
1116 1003 1265 1053 Idem.

416 1080 673 1128 pulchrius
701 1080 882 1141 fuisse,
930 1079 1180 1142 genuisse]
1238 1080 1417 1141 Forte,

343 1156 593 1218 pulchrius
599 1157 781 1217 fuerit,
798 1156 1037 1217 genuisse.
1072 1156 1240 1204 Lirin.

417 1232 625 1281 Tantum
646 1231 778 1294 boni]
813 1233 963 1281 Solus
1001 1232 1166 1281 codex
1204 1232 1417 1280 Patavi·

346 1323 463 1370 nus,
500 1315 555 1356 et
587 1307 727 1357 sorte
752 1323 818 1357 ex
856 1308 954 1356 hoc
990 1309 1148 1357 etiam
1186 1309 1420 1370 Vossius,

346 1382 545 1431 habent
578 1389 763 1432 tantum
797 1382 982 1431 bonnm.
1048 1382 1138 1429 Ait
1162 1396 1285 1431 vero
1312 1382 1419 1431 Pli-

345 1458 484 1519 nius,
506 1459 602 1517 cui,
628 1459 740 1506 scil.
772 1457 1096 1519 reipublicae,
1128 1459 1212 1508 hoc
1231 1463 1421 1508 tantum

354 1534 462 1582 boni
481 1533 765 1582 contulistis.
798 1533 1059 1582 Schwarz.

352 1667 357 1672 ,
413 1608 578 1659 Alteri
624 1610 857 1674 vestrum]
924 1610 1131 1673 Nempe
1177 1611 1420 1673 Trajano,

353 1684 493 1747 patri
520 1687 766 1744 naturali,
791 1687 951 1734 virtus
975 1686 1068 1735 filii
1093 1685 1238 1735 dedit
1274 1701 1421 1735 orna·

350 1769 532 1809 menta
592 1761 951 1823 triumphalia3
1007 1762 1166 1822 alteri,
1221 1762 1424 1811 scilicet

353 1835 570 1892 Nervae,
595 1837 729 1898 patri
748 1836 1018 1899 adoptivo,
1041 1837 1184 1887 dedit
1204 1839 1422 1899 coelnmg

352 1912 463 1961 sive
488 1926 606 1960 eum
630 1913 795 1962 virtus
827 1912 942 1968 filii,
964 1914 1177 1976 Trajani
1202 1915 1422 1976 impera-

353 1990 501 2044 toris,
528 2003 621 2051 per
638 1991 1078 2039 consecrationem
1097 1992 1270 2041 intulit
1289 1992 1422 2040 side·

352 2064 530 2126 rihus;
587 2065 652 2113 de
694 2080 795 2128 qna
851 2067 1247 2116 consecratione
1292 2067 1424 2117 dixit

354 2141 499 2191 Plin.
525 2155 605 2190 xx.
631 2147 682 2190 2.
717 2143 870 2190 Idem.

421 2217 776 2280 Triumphalia]
814 2218 972 2267 Initio
995 2232 1112 2282 cap.
1137 2222 1217 2267 14.
1251 2224 1265 2246 ⁴
1291 2219 1420 2268 Cum

351 2307 486 2355 puer
509 2293 786 2342 admodum
812 2293 1057 2343 Parthica
1094 2296 1240 2344 lauro
1264 2296 1420 2358 glori·

355 2384 440 2419 am
468 2371 627 2432 patris
655 2369 839 2419 auxit!
875 2371 1010 2434 Lips.

423 2446 776 2510 Triumphalia]
796 2446 1119 2496 Ornamenta
1136 2448 1420 2511 eorum‚qui

350 2524 551 2588 Justum
581 2525 894 2587 triumphum
920 2525 1244 2574 meruissent.
1269 2526 1424 2574 Rern.

423 2600 775 2664 Triumphalia]
800 2601 923 2650 Sine
948 2601 1103 2649 dubio
1130 2602 1424 2663 intelligen-

354 2675 423 2725 da
444 2684 565 2725 sunt
585 2685 911 2739 ornamenta,
947 2677 1055 2725 sive
1082 2677 1303 2739 iusignia
1334 2678 1424 2727 tri·

355 2753 639 2817 umphalia.
677 2754 1008 2813 Potissimum
1035 2753 1170 2803 enim
1198 2754 1423 2818 Augusti

357 2846 474 2881 aevo
499 2831 825 2881 introductus
851 2845 960 2880 mos
994 2831 1216 2886 videtur.
1242 2840 1318 2894 ut,
1341 2848 1423 2882 so-

355 2909 499 2959 lenni
525 2909 862 2972 pompajusti
895 2908 1141 2971 triumphi
1166 2909 1286 2956 solis
1311 2911 1425 2958 Cae-

356 2984 562 3034 sarihus
585 2984 832 3046 deinceps
854 2984 1050 3046 relicta,
1073 2984 1291 3045 insignia
1314 2990 1424 3032 tan-

358 3068 469 3110 tum
491 3060 844 3123 triumphalia,
861 3062 970 3108 sine
991 3074 1180 3123 pompa
1202 3060 1426 3108 ducendi

360 3140 629 3202 triumphi,
667 3140 1080 3188 concederentur
1118 3137 1335 3187 ducibus
1372 3146 1427 3187 et

359 3214 548 3278 legatis
585 3215 869 3275 Caesarum,
909 3230 1191 3278 eorumque
1225 3215 1425 3263 comiti-

361 3289 480 3349 bus,
505 3289 591 3353 qui
629 3304 736 3339 rem
773 3289 998 3340 feliciter
1035 3290 1347 3355 fortiterque
1372 3290 1424 3339 in

360 3366 500 3416 bello
534 3375 821 3429 gesserant,
862 3382 1152 3431 quanquam
1178 3367 1427 3430 deinceps

362 3456 460 3505 per
482 3440 696 3490 abusum
720 3456 782 3490 ea
801 3449 1106 3493 ornamenta
1136 3444 1291 3491 etiam
1316 3443 1429 3492 aliis

359 3520 647 3569 identidem
675 3520 868 3570 tributa
893 3530 1031 3578 sunt,
1055 3522 1141 3585 qni
1167 3535 1426 3580 nunquam

362 3604 535 3646 castra
559 3597 819 3645 viderunt.
884 3597 1020 3645 Vide
1046 3597 1338 3646 Casaubon.
1363 3596 1427 3645 ad

361 3672 581 3722 Sueton.
607 3672 658 3720 iu
684 3671 820 3735 Aug.
855 3687 902 3721 c.
921 3678 1002 3721 38.
1069 3675 1221 3725 Quod
1258 3680 1429 3722 autem

364 3750 582 3799 Sueton.
604 3749 720 3799 Tib.
757 3764 873 3812 cap.
897 3755 947 3799 9.
966 3749 1114 3813 dicit,
1136 3755 1151 3777 ‘
1167 3749 1432 3799 Tiberium

365 3824 606 3888 primum,
653 3832 709 3874 ut
750 3826 959 3890 quidam
1007 3834 1211 3889 putant,
1254 3827 1432 3875 trium-

366 3901 603 3963 phalibus
619 3903 932 3950 ornamentis
943 3902 1266 3957 honoratum.
1281 3904 1434 3967 idque

365 3990 501 4027 novo
528 3991 621 4025 nec
648 3985 804 4026 antea
842 3979 1083 4041 cuiquam
1123 3979 1320 4027 tributo
1344 3995 1435 4041 ge-

366 4066 491 4103 nere
515 4053 722 4101 honoris
740 4067 755 4111 ;
773 4052 786 4074 '
818 4053 915 4101 hoc
941 4054 1108 4115 ipsum
1134 4054 1435 4103 Suetonium

365 4143 469 4179 non
494 4143 557 4176 ex
586 4144 679 4178 sua
700 4130 982 4190 sententia,
1001 4128 1091 4178 sed
1129 4144 1193 4177 ex
1219 4130 1434 4179 aliorum

347 4205 628 4273 'opinione,
675 4211 920 4268 tanquam
967 4206 1218 4255 incertum
1274 4205 1434 4256 tradi·

368 4282 529 4340 disse,
564 4288 745 4334 censet
776 4282 1133 4347 spanhemius.
1200 4282 1436 4348 Insignia

1925 327 1975 375 1.
2005 309 2114 375 89.
2380 310 2553 377 1065

1495 485 1617 519 vero
1635 470 2057 535 triumphantium
2075 470 2199 518 alias
2214 476 2382 531 erant,
2402 478 2558 533 prout

1493 561 1559 594 ex
1584 547 1690 595 Liv.
1712 559 1852 595 xxx.
1871 547 2180 609 l5.aliisque
2194 545 2555 609 scriptoribus,

1493 624 1869 686 cognoscimus„
1889 624 1904 651 ‘
1929 622 2120 684 aurea‚'
2142 624 2223 671 vel
2246 630 2260 651 ‘
2276 625 2452 674 laurea
2477 638 2560 673 co·

1494 700 1656 754 roua.'
1680 707 1694 728 ‘
1719 714 1874 747 aurea
1898 698 2116 761 patera,’
2135 700 2150 725 ⁴
2175 700 2304 748 sella
2327 698 2556 756 curulis,'

1492 778 1508 803 ‘
1528 776 1693 837 scipio
1711 774 2005 830 eburneus‚'
2028 775 2179 835 ‘toga
2207 775 2387 836 picta,'
2409 775 2424 802 ‘
2444 776 2555 838 pal-

1495 859 1635 900 mata
1663 851 1873 906 tunica,'
1894 859 1947 898 et
1973 848 2194 899 fortasse
2225 851 2326 898 alia
2349 851 2555 912 generis

1495 927 1746 989 ejusdem.
1810 926 1916 987 Sic,
1947 941 1993 974 e.
2029 940 2080 988 g.
2121 924 2364 987 Agricola
2399 928 2555 975 etiam

1495 1007 1511 1030 ⁸
1540 1003 1751 1051 illustris
1770 1008 1959 1051 statuae
1980 1000 1994 1021 ¹
2017 1003 2208 1050 honore
2232 1011 2439 1050 ornatus
2465 1011 2562 1051 est.

1493 1080 1708 1127 Tacitus
1745 1079 1902 1140 enim,
1927 1080 1977 1127 iu
2017 1080 2131 1142 ejus
2172 1080 2300 1138 vita,
2334 1093 2450 1142 cap.
2474 1084 2558 1128 40.

1496 1157 1511 1181 ⁴
1536 1152 1922 1216 Triumphalia,'
1964 1154 2153 1218 inquit,
2183 1156 2197 1179 ‘
2239 1162 2559 1210 ornamenta,

1496 1235 1553 1278 et
1575 1230 1788 1279 illustris
1813 1238 2000 1278 statuae
2037 1230 2297 1292 honorem,
2320 1238 2377 1278 et
2410 1229 2560 1294 quid-

1497 1306 1618 1369 quid
1648 1321 1743 1368 pro
1777 1307 2035 1368 triumpho
2071 1306 2242 1369 datur,
2263 1309 2421 1356 multo
2445 1322 2560 1356 ver-

1498 1382 1681 1431 borum
1722 1383 1910 1430 honore
1949 1383 2234 1442 cumulata,
2270 1383 2479 1432 decerni
2509 1384 2561 1431 in

1496 1464 1682 1505 senatu
1726 1457 1882 1520 jubet
1903 1457 1917 1479 '
1970 1458 2315 1506 Domitianus.
2386 1459 2559 1508 Etiam

1499 1541 1513 1563 ⁴
1536 1540 1759 1582 statuam
1808 1534 2090 1582 laureatam
2110 1531 2124 1552 '
2160 1536 2390 1597 appellat
2423 1537 2437 1562 ‘
2467 1536 2562 1584 tri-

1499 1609 1814 1672 umphalium
1839 1609 2039 1671 insigne
2056 1608 2069 1630 '
2090 1610 2260 1657 Tacit.
2280 1611 2468 1659 Annal.
2489 1625 2564 1659 tv.

1496 1688 1580 1732 23.
1634 1685 1650 1710 ‘
1669 1685 1883 1732 Priores
1909 1685 2087 1746 duces,
2111 1684 2199 1734 ubi
2232 1687 2560 1749 impetrando

1500 1760 1884 1822 triumphalium
1902 1760 2086 1822 insigni
2102 1760 2334 1810 sufficere
2351 1777 2428 1810 res
2445 1777 2564 1812 suas

1499 1835 2562 1900 crediderant,hostemomittebant;jatn·

1500 1925 1602 1975 que
1646 1916 1753 1959 tres
1801 1910 2049 1959 laureatae
2096 1913 2151 1960 in
2202 1911 2330 1960 urbe
2375 1920 2560 1962 statuae

1499 1984 1686 2035 erant.’
1754 1985 1951 2034 Adhaec
1984 1988 2196 2035 Sueton.
2231 1988 2280 2034 in
2307 1987 2488 2036 Claud.
2513 2002 2562 2037 c.

1500 2067 1581 2111 1⁷.
1615 2066 1629 2091 ‘
1656 2062 2173 2127 Claudium,’inquit,
2205 2069 2218 2091 ‘
2247 2065 2565 2126 triumphan-

1498 2145 1604 2187 tem
1628 2139 1798 2186 secnti
1821 2146 1878 2187 et
1906 2138 2232 2201 triumphalia
2256 2149 2565 2188 ornamenta

1499 2215 1681 2263 eodem
1709 2214 1843 2262 hello
1868 2214 2082 2276 adepti;
2117 2214 2207 2262 sed
2236 2215 2400 2263 ceteri
2418 2216 2564 2277 pedi·

1496 2292 1592 2341 bus
1630 2298 1685 2339 et
1721 2291 1771 2339 in
1813 2299 2106 2353 praetexta:
2153 2290 2371 2338 Crassus
2411 2291 2563 2354 Frugi

1497 2381 1632 2430 equo
1659 2366 1945 2429 phalerato,
1968 2373 2024 2413 et
2065 2366 2114 2413 in
2152 2372 2294 2414 veste
2319 2367 2566 2429 palmata,

1498 2442 1636 2507 quod
1663 2456 1777 2490 eum
1794 2441 2037 2489 honorem
2059 2440 2377 2491 iteraverat!
2411 2442 2566 2491 Unde

1499 2520 1808 2582 colligimus,
1832 2518 1957 2567 alios
1981 2516 2455 2583 aliquando'omnia
2478 2520 2567 2569 illa

1498 2601 1821 2656 ornamenta,
1845 2596 1971 2644 alios
2008 2596 2179 2660 aliqua
2212 2598 2415 2653 saltem.
2442 2611 2565 2645 con-

1499 2681 1708 2722 secutos
1742 2688 1874 2721 esse.
1944 2672 2111 2721 Sicuti
2147 2681 2320 2721 autem
2359 2681 2564 2722 veteres

1499 2758 1739 2799 auctores
1796 2751 2100 2813 plerumque
2161 2750 2315 2812 plene
2361 2749 2565 2811 dicunt,

1497 2828 1512 2855 ‘
1535 2827 1862 2891 triumphalia
1884 2824 2226 2887 ornamenta,'
2250 2832 2264 2853 ¹
2281 2826 2563 2888 triumpha-

1497 2905 1567 2953 lia
1629 2903 1889 2965 insignia,'
1948 2912 1962 2933 ¹
2000 2904 2324 2966 triumphalis
2372 2903 2569 2966 honen-‚⁹

1498 2982 1513 3008 ‘
1542 2981 1850 3044 triumphale
1887 2980 2107 3039 decus;'
2160 2982 2233 3028 ita
2269 2996 2368 3029 non
2403 2982 2566 3030 solum

1499 3057 1586 3106 hic
1631 3059 1853 3119 Plinius,
1898 3057 1990 3105 sed
2027 3063 2083 3105 et
2116 3056 2332 3104 Tacitus
2369 3054 2561 3105 Annal.

1500 3147 1580 3183 lv.
1637 3137 1714 3183 18.
1769 3141 1824 3181 et
1880 3136 1962 3180 44.
2017 3146 2098 3181 xl.
2142 3136 2225 3181 2⁰.
2269 3132 2391 3180 item
2433 3132 2567 3183 Veii.

1502 3225 1563 3259 ιι.
1592 3214 1703 3259 116.
1743 3208 2051 3272 simpliciter
2077 3218 2326 3257 vocarunt
2348 3216 2361 3236 ‘
2388 3208 2567 3256 trium·

1504 3286 1710 3350 phalia.’
1774 3287 1952 3334 Visum
1977 3284 2098 3334 mihi
2124 3293 2223 3346 est,
2256 3286 2307 3333 in
2348 3286 2568 3348 gratiam

1504 3362 1750 3414 studiosa!
1784 3362 2094 3426 juventutis.
2131 3377 2196 3411 ex
2235 3363 2395 3411 Ducis
2438 3363 2567 3412 Are-

1502 3443 1740 3493 schotani
1763 3441 2017 3490 Numism.
2036 3439 2164 3489 Tab.
2184 3454 2314 3490 xm.
2338 3456 2392 3490 n.
2407 3446 2490 3491 21.
2513 3447 2569 3492 et

1505 3519 1800 3582 Spanhemii
1825 3518 1940 3565 Vol.
1962 3531 2025 3566 n.
2062 3517 2127 3566 de
2159 3517 2348 3566 Proest.
2370 3526 2424 3567 et
2457 3518 2567 3567 Usu

1506 3597 1762 3647 Numism.
1776 3599 1949 3658 p.216.
1967 3593 2180 3657 figuram
2195 3596 2386 3644 nummi
2403 3602 2570 3645 vetus-

1507 3678 1548 3726 ti
1565 3676 1646 3723 hic
1659 3672 1922 3735 exhibere,
1934 3687 1998 3721 ex
2010 3688 2112 3737 quo
2129 3673 2175 3735 ej
2185 3672 2573 3722 usmoditrium-

1508 3752 1678 3815 phalia
1727 3750 1958 3814 quaedam
1993 3757 2298 3798 ornamenta
2328 3749 2572 3810 cognosci

1510 3835 1742 3893 possunt.
1792 3827 1892 3875 Hic
1909 3825 2182 3887 singularis
2207 3838 2439 3873 nummus
2463 3823 2574 3873 Au·

1510 3904 1648 3966 gusti
1681 3901 1843 3952 refert
1874 3903 1923 3949 in
1948 3903 2167 3948 adversa
2205 3907 2355 3962 parte
2381 3898 2571 3961 scipio-

1512 3995 1651 4037 nem,
1683 3980 1734 4026 iu
1767 3978 1912 4041 cujus
1935 3976 2228 4025 summitate
2255 3976 2573 4036 conspicitur

1511 4055 1715 4117 aquila;
1761 4054 1922 4115 qualis
1960 4052 2123 4113 scipio
2154 4050 2427 4103 eburneus,
2461 4057 2573 4099 tan-

1514 4144 1664 4195 quam
1696 4134 1958 4191 sceptrum
1986 4127 2314 4189 triumphale,
2339 4141 2370 4174 a
2393 4127 2574 4177 trium·

1512 4205 1792 4271 phantibus
1818 4205 2007 4267 gestari
2030 4205 2210 4254 solitus
2231 4220 2244 4253 z
2282 4218 2573 4268 quanquam

1513 4290 1568 4335 ct
1602 4282 1668 4332 de
1691 4280 1868 4348 aquila
1888 4280 2177 4345 legionaria
2199 4296 2230 4333 a
2255 4280 2464 4332 Parthis
2489 4297 2565 4334 re·
