3060 4902
733 358 796 405 c.
844 354 1088 405 Ρωκιι
1140 353 1470 404 saeuum
1528 354 1806 405 ranae.
1882 356 1932 404 1.
1965 340 2074 405 40.

302 499 341 550 si
360 513 458 550 non
479 499 643 550 etiam
665 500 833 550 omnia
856 500 1083 564 scripsit.
1120 501 1270 551 Grae.

361 577 492 627 Iden
528 576 767 642 effecisti]
800 578 973 642 Vulgo
1007 579 1201 641 legitur
1238 578 1365 628 idem

290 652 447 712 seddi
463 670 482 711 ,-
517 653 611 703 sed
628 653 739 717 jam
760 653 1237 718 cuspinianus,pro
1251 668 1365 704 ver-

306 729 365 780 bo
397 730 622 794 simplici
645 728 833 790 fecisti,
857 730 1125 795 evulgavit
1156 744 1365 792 compo·

303 806 445 857 sitnm
467 806 696 871 effecisti.
762 808 944 869 Bene;
980 808 1080 857 hoc
1104 807 1239 856 enim
1264 807 1362 856 eti-

304 897 379 931 am
414 889 655 933 asserunt
692 883 903 933 codices
939 884 1068 935 Mss.
1102 884 1364 950 Vaticani,

307 960 626 1018 parisiensis,
650 961 905 1024 Venetus,
934 960 1364 1024 Salisburgensis,

307 1037 814 1102 Guelpherbytanus,
862 1046 916 1087 et
972 1051 1137 1087 meus.
1215 1037 1364 1086 Idem

306 1114 564 1165 coufirmat
624 1115 759 1165 liber
804 1119 1026 1180 uterque
1071 1112 1368 1164 Gudianus.

306 1187 433 1241 Iden
474 1192 554 1241 vir
608 1191 799 1242 doctus
858 1191 1183 1241 Christianus
1235 1189 1368 1240 Tob-

307 1266 558 1317 Dammins
582 1282 678 1332 pro
700 1274 884 1319 neutro
902 1266 1095 1329 habet3
1130 1282 1247 1317 cum
1267 1267 1367 1316 hoc

306 1344 412 1393 loco
434 1343 499 1394 sit
521 1344 731 1408 generis
763 1344 1055 1406 masculini,
1077 1343 1223 1409 quasi
1259 1343 1368 1393 Pli-

307 1420 414 1468 nius
455 1418 646 1470 dixerit
690 1420 819 1470 idem
872 1425 925 1469 tu
978 1418 1206 1485 effecisti.
1280 1419 1369 1469 Sic

308 1495 456 1545 etiam
477 1495 710 1561 loquitur
734 1493 894 1558 infra,
925 1495 961 1544 l.
982 1508 1024 1544 ι.
1056 1495 1072 1522 ‘
1090 1494 1236 1545 Idem
1264 1502 1369 1545 tam

307 1586 485 1637 parcas
519 1574 571 1623 in
607 1572 931 1637 edificando,
964 1587 1116 1639 quam
1148 1572 1370 1637 diligens

306 1649 356 1699 in
378 1648 605 1700 tuendoss
672 1651 833 1703 Quasi
868 1650 1004 1700 enim
1028 1649 1133 1700 duo
1154 1649 1372 1713 Trajani

306 1729 480 1778 merita
513 1735 569 1778 et
606 1727 866 1778 beneficia
895 1741 961 1777 ex
997 1726 1150 1776 unica
1182 1726 1373 1777 condo·

308 1804 508 1854 natione
533 1804 775 1868 pristinae
800 1803 1055 1855 vicesima
1079 1801 1294 1854 deducit
1317 1808 1375 1852 et

311 1881 479 1931 laudat
499 1883 743 1933 Pliniuss
777 1896 952 1943 unum,
968 1879 1105 1947 quod
1122 1881 1375 1945 Trajanus

310 1959 378 2010 sic
404 1960 622 2009 solverit
648 1959 895 2022 pristinos
919 1956 1184 2007 debitores
1223 1972 1254 2006 a
1277 1957 1375 2006 soi-

311 2034 463 2084 vendi
523 2035 882 2096 necessitate3
940 2035 1181 2092 alterum,
1237 2033 1377 2097 quod

316 2110 445 2162 idem
471 2111 547 2163 sic
565 2109 826 2176 effecerit,
843 2126 908 2161 ue
924 2110 1219 2175 superiores
1239 2111 1376 2172 prin·

311 2189 470 2254 cipes,
498 2191 590 2257 qui
634 2190 785 2240 istam
822 2189 1116 2239 vicesimam
1151 2191 1377 2250 imposu-

312 2268 620 2330 erant,Jam,
633 2274 910 2331 postquam
929 2280 991 2314 ea
1010 2280 1040 2314 a
1058 2264 1287 2328 Trajano
1305 2277 1382 2313 re·

312 2341 452 2392 missa
476 2351 617 2400 erat,
642 2343 775 2392 male
798 2342 1102 2405 duriterque
1125 2342 1290 2405 egisse
1307 2340 1380 2390 vi·

309 2418 574 2470 derentur.
601 2418 722 2470 Non
739 2418 975 2484 inargute
991 2416 1287 2481 conjecerat
1299 2415 1382 2467 Li·

306 2496 518 2561 vineius,
546 2510 646 2560 pro
673 2510 800 2546 voce
824 2497 967 2558 ideas,
992 2494 1380 2545 rescribendum

307 2585 412 2621 esse
432 2573 485 2621 id
508 2576 609 2631 est,
630 2571 707 2621 ita
719 2578 778 2623 ut
798 2571 901 2621 ista
923 2571 1088 2636 prima
1110 2584 1201 2620 sex
1221 2569 1380 2619 verba

308 2656 683 2699 connectantur
710 2663 827 2698 enm
860 2648 1123 2711 proximis,
1144 2661 1260 2710 quoe
1293 2661 1382 2694 an·

310 2732 652 2776 tecesserant.
687 2723 804 2774 Nec
834 2724 1105 2787 nego,ista
1130 2722 1381 2772 vocabula

307 2800 446 2865 ideas,
470 2810 638 2865 atque
660 2800 713 2850 id
732 2805 823 2861 est,
845 2799 999 2849 facile
1020 2801 1160 2850 inter
1183 2814 1238 2848 se
1263 2813 1382 2863 per·

310 2878 510 2928 misceri
535 2877 789 2942 potuisse,
814 2876 1032 2926 maxime
1054 2874 1143 2925 ubi
1169 2875 1382 2925 verbnm

309 2961 378 3004 est
416 2970 512 3019 per
554 2954 916 3018 compendium
949 2969 975 3005 e
1003 2954 1253 3019 scriptum
1294 2954 1380 3011 sit,

311 3039 366 3080 nt
383 3031 544 3081 etiam
583 3044 676 3094 pro
707 3045 783 3079 em
812 3029 933 3092 legi,
960 3038 1015 3080 et
1039 3045 1155 3080 cum
1184 3031 1238 3080 id
1261 3044 1382 3081 con-

301 3106 452 3172 jungi
489 3106 681 3171 possit.
747 3105 866 3156 Nec
906 3104 1095 3157 desunt
1140 3108 1382 3171 exempla

310 3183 455 3247 hujtss
489 3180 832 3253 confusionis,
857 3198 972 3248 qnae
1000 3184 1231 3248 suggerit
1255 3186 1381 3235 Cor·

312 3261 411 3309 tius
431 3260 498 3311 ad
526 3260 668 3308 Plin.
694 3260 865 3322 Epist.
888 3273 964 3310 vt.
984 3264 1069 3310 29.
1084 3268 1140 3310 et
1162 3259 1381 3310 Arntze-

308 3337 419 3385 nius
443 3334 511 3385 ad
538 3335 594 3383 h.
632 3335 667 3384 l.
700 3336 788 3400 qui
827 3336 986 3385 etiam
1025 3335 1205 3399 vellet,
1229 3337 1380 3386 istam

312 3410 631 3474 ingeniosam
655 3411 870 3461 Livineii
887 3411 1236 3476 conjecturam
1251 3426 1279 3460 a
1296 3427 1382 3461 co-

309 3486 514 3539 dicibus
560 3487 690 3536 Μαι.
721 3486 1033 3537 confirmari.
1100 3489 1230 3541 Quoe
1269 3488 1383 3552 ipsa

312 3564 536 3615 Livineii
582 3563 889 3629 conjectura
929 3564 1086 3614 etiam
1134 3580 1165 3614 a
1206 3564 1382 3629 Lipsio

311 3650 364 3692 et
386 3642 621 3692 Grutero
640 3647 721 3689 est
745 3640 1101 3705 comprobata.
1164 3640 1382 3701 Verum,

311 3719 555 3782 qnoniam
581 3731 682 3766 vox
704 3716 829 3766 ideas
848 3717 900 3765 in
921 3716 1152 3766 omnibus
1173 3717 1382 3766 omnino

311 3793 455 3844 libris
491 3801 751 3858 superest,
784 3806 952 3856 neque
987 3793 1090 3841 ulla
1128 3800 1271 3855 nota,
1307 3793 1380 3841 ul·

312 3870 484 3920 lumve
506 3870 772 3926 indicium,
806 3868 955 3917 istius
979 3867 1269 3917 variationis
1294 3865 1382 3917 de·

313 3947 687 4011 prehenditur3
726 3953 782 3994 et
805 3945 1046 4010 quoniam
1070 3944 1251 3993 eadem
1274 3944 1382 3992 vul-

316 4031 439 4087 gata
472 4023 632 4074 lectio
666 4021 827 4071 nihilo
862 4021 1026 4069 minus
1060 4020 1383 4070 commodam

316 4099 544 4151 admittit
566 4097 1074 4161 interpretationem,
1089 4109 1202 4144 eam
1223 4096 1383 4159 ipsam

319 4177 583 4239 aspernari
608 4189 671 4224 ac
696 4173 918 4237 rejicere
943 4172 1100 4221 nolui.
1144 4171 1387 4221 Schmun.

386 4252 461 4302 Ns
478 4254 630 4303 malos
639 4248 887 4315 principes
909 4245 1255 4309 habuissemus]
1280 4247 1324 4298 1.
1339 4262 1389 4297 e·

2380 338 2513 407 675

1441 513 1509 549 ne
1547 498 1816 550 videamur
1848 500 2235 566 sentiamusque
2267 499 2388 551 oiim
2423 501 2513 551 ha·

1440 575 1617 627 buisse
1653 578 1817 627 malos
1862 578 2147 641 principes,
2189 578 2278 642 qui
2324 586 2511 629 tenues

1440 655 1765 705 hereditates
1787 656 2052 720 rapuerint
2073 673 2089 718 ς
2114 671 2230 707 cum
2256 664 2312 707 tu
2330 672 2513 708 eorum

1440 732 1587 796 leges
1607 731 1674 780 de
1698 732 1941 782 vicesima
1963 735 2275 797 correxeris,
2298 734 2516 785 remise·

1440 807 1632 872 risque,
1654 823 1770 872 quae
1791 809 1884 858 sub
1906 811 2054 859 malis
2075 811 2400 875 principibus
2424 812 2513 861 fis·

1441 899 1502 935 co
1541 885 1878 935 debebantur.
1945 887 2029 935 Sic
2053 895 2105 937 et
2129 903 2310 952 supra,
2330 902 2441 939 ιιι.
2464 894 2517 938 2.

1442 960 1649 1012 dixerat
1675 962 1814 1012 Plin.
1845 964 1860 989 ⁸
1877 976 1980 1013 non
2005 963 2267 1013 immensis
2290 966 2516 1014 muneri·

1441 1036 1541 1089 bus
1567 1039 1899 1103 paciscimur,
1917 1045 1975 1089 ut
1992 1040 2307 1099 vicerimus,’
2325 1042 2361 1092 i.
2379 1053 2435 1092 ‘e.
2455 1047 2515 1092 ut

1443 1115 1629 1164 vicisse
1653 1115 1968 1166 videremur.
2025 1117 2093 1165 Et
2114 1130 2251 1167 xxv.
2274 1122 2323 1167 4.
2348 1124 2362 1146 ⁴
2382 1117 2515 1167 Pro-

1446 1190 1609 1239 visum
1635 1199 1737 1247 est,
1759 1205 1825 1240 ne
1862 1192 1979 1255 quis
2011 1207 2169 1256 aeger,
2203 1208 2268 1244 ne
2295 1194 2407 1258 quis
2430 1208 2516 1243 oc·

1444 1274 1685 1330 cupatus,
1722 1281 1786 1316 ne
1821 1267 1934 1332 quis
1976 1268 2204 1333 deniqne
2248 1271 2401 1331 longe
2436 1268 2518 1319 fu·

1443 1342 1609 1404 isset,'
1628 1344 1661 1391 i.
1674 1358 1720 1393 e.
1737 1343 1894 1393 fuisse
1913 1345 2197 1395 videretur.
2221 1347 2292 1395 Et
2310 1359 2520 1398 xxvur.

1444 1425 1495 1470 2.
1515 1418 1532 1448 ‘
1552 1420 1603 1470 N
1612 1434 1675 1469 on
1696 1420 1794 1470 tibi
1815 1419 2177 1471 benefaciendi
2197 1421 2296 1472 fuit
2313 1437 2519 1486 caussa,

1446 1505 1521 1555 ut,
1547 1512 1665 1561 qnae
1706 1497 1840 1548 male
1867 1495 2094 1563 feceras,
2129 1500 2337 1564 impune
2366 1500 2518 1551 fecis·

1447 1572 1566 1622 ses.’
1608 1573 1756 1623 Idem.

1516 1651 1623 1706 Quo
1645 1649 1864 1715 ingenio]
1916 1651 1965 1701 1.
1992 1666 2040 1702 e.
2070 1654 2190 1705 Quo
2212 1653 2403 1717 animo,
2424 1669 2523 1720 qua

1448 1728 1618 1777 indole
1636 1743 1652 1788 ;
1678 1729 1805 1785 sive,
1826 1729 1923 1778 hoc
1948 1730 2041 1778 tali
2060 1729 2291 1793 ingenio,
2309 1732 2405 1780 hoc
2429 1731 2522 1781 tali

1451 1812 1700 1869 tantaque
1740 1804 1917 1854 indole
1974 1812 2083 1855 tna.
2156 1805 2474 1856 Germanice
2507 1822 2523 1857 ε

1450 1883 1535 1949 bey
1565 1898 1618 1932 so
1645 1883 1910 1944 gnadigem
1930 1885 2028 1931 aad
2046 1882 2264 1946 giutgem
2282 1883 2523 1946 geminae,

1451 1962 1558 2024 vel,
1595 1962 1707 2011 Uad
1736 1963 1799 2010 da
1820 1962 1884 2010 du
1906 1974 1958 2009 so
1987 1961 2137 2023 giitig
2166 1961 2386 2023 gesinnet
2409 1960 2521 2011 bist.

1452 2038 1573 2088 Non
1598 2037 1769 2101 potuit
1792 2051 1892 2086 non
1917 2036 2197 2086 obscurare
2232 2038 2520 2087 orationem

1452 2114 1612 2163 Plinii
1639 2111 1925 2174 Livineius,
1945 2110 2067 2160 dum
2092 2113 2204 2160 haec
2221 2110 2400 2172 verba,
2419 2111 2524 2166 Quo

1453 2189 1667 2251 ingenio,
1685 2188 1986 2251 parenthesi
2006 2186 2336 2246 includenda,
2351 2188 2524 2237 simui·

1454 2280 1555 2331 que
1613 2272 1740 2314 nota
1793 2262 2215 2326 interrogationis
2270 2262 2525 2326 signanda

1455 2341 1677 2392 censuit.
1725 2339 1872 2390 Idem.

1519 2417 1578 2467 Si
1598 2420 1773 2467 nalum
1795 2415 2065 2480 pateretur]
2103 2414 2149 2465 1.
2169 2428 2217 2465 e.
2242 2414 2297 2466 Si
2320 2429 2413 2478 per
2437 2428 2526 2465 ua·

1456 2502 1588 2545 tnrae
1632 2491 1864 2543 ordinem
1911 2491 2027 2542 fieri
2066 2492 2246 2555 possit,
2289 2499 2349 2541 ut
2381 2490 2525 2541 facta

1454 2569 1740 2620 reddantur
1775 2567 1991 2618 insecta.
2059 2567 2170 2619 Cic.
2209 2567 2413 2619 Quaest.
2452 2567 2523 2616 A·

1455 2646 1571 2696 cad.
1597 2659 1674 2695 ιν.
1696 2648 1780 2694 43.
1805 2650 1819 2672 ⁸
1835 2642 1986 2696 Quod
2016 2656 2183 2692 rerum
2209 2648 2397 2692 natura
2419 2658 2522 2693 non

1457 2720 1687 2785 patitur.’
1726 2721 1929 2771 Plinius
1953 2719 2144 2783 Major,
2172 2720 2334 2770 N.H.
2359 2733 2526 2771 xviri.

1455 2802 1539 2849 29.
1568 2801 1583 2826 ⁸
1600 2797 1716 2848 Non
1736 2798 1936 2861 patitur
1954 2797 2088 2846 ratio
2103 2796 2344 2845 naturae.’
2377 2798 2526 2847 Idem.

1524 2875 1666 2923 Bona
1703 2873 1983 2936 refudisses]
2018 2873 2065 2922 1.
2103 2887 2151 2922 e.
2188 2870 2526 2931 reddidisses.

1457 2960 1548 3001 aut
1583 2949 1971 3012 compensando
2009 2950 2344 2999 restituisses.
2414 2950 2527 2999 Pli-

1457 3029 1572 3078 nius
1607 3041 1764 3091 supra
1788 3038 1951 3075 xxxi.
1977 3030 2025 3073 8.
2068 3026 2083 3052 ‘
2103 3024 2407 3074 Refudimus
2436 3025 2526 3075 Ni·

1456 3106 1506 3156 lo
1549 3119 1662 3155 snas
1701 3103 1921 3169 copias!
1965 3103 2187 3153 Behrius
2227 3103 2410 3152 maluit
2453 3105 2528 3153 ie-

1458 3197 1579 3247 gere
1602 3181 1895 3242 refunderes.
1930 3181 2135 3230 Dicitur
2160 3187 2335 3229 autem
2355 3180 2529 3244 Traja-

1457 3274 1553 3308 nns
1597 3259 1770 3309 ‘bona
1798 3259 2060 3323 spoliatis,
2099 3258 2373 3309 trucidatis
2411 3272 2527 3307 san·

1459 3337 1707 3402 guinem,’
1737 3337 1844 3387 sive
1870 3337 2045 3392 vitam,
2066 3334 2328 3385 refusurus
2346 3333 2524 3386 fuisse.

1461 3414 1615 3464 Idem.

1526 3492 1641 3539 Non
1674 3495 1757 3539 tuo
1778 3488 1974 3552 seculo]
2027 3487 2073 3537 1.
2096 3502 2139 3537 e.
2166 3501 2267 3537 non
2292 3494 2524 3552 tempore

1459 3567 1720 3631 regiminis
1744 3574 1798 3615 et
1828 3566 2032 3630 imperii
2059 3566 2152 3615 tui.
2207 3564 2344 3616 Vide
2370 3580 2525 3632 supra

1459 3643 1523 3690 ad
1548 3655 1715 3692 xvur.
1740 3646 1786 3691 l.
1822 3643 1976 3691 Idem.

1526 3719 1639 3767 Non
1670 3723 1750 3768 tuo
1777 3718 1971 3782 seculo]
2006 3718 2124 3767 Uno
2148 3717 2306 3767 verbo
2332 3717 2529 3767 remisit

1459 3794 1659 3859 reliqua
1681 3794 1797 3858 ejus
1817 3792 2107 3857 vectigalis,
2128 3794 2179 3842 in
2202 3792 2396 3842 caussis
2417 3791 2526 3842 dic-

1460 3871 1548 3922 tis.
1616 3870 1735 3920 Hoc
1758 3877 1861 3931 est,
1885 3868 2021 3934 quod
2040 3867 2298 3918 Ausonius
2320 3868 2370 3916 in
2392 3869 2524 3918 Lau·

1458 3946 1672 3996 datione
1710 3944 1953 3995 Gratiani
1997 3945 2194 4009 tangit:
2231 3944 2363 3992 ‘Vei
2400 3944 2526 3993 illud

1459 4038 1617 4074 unum
1660 4022 1944 4087 cujusmodi
1986 4029 2088 4077 est,
2128 4020 2191 4070 de
2227 4019 2529 4070 condonatis

1459 4098 1677 4150 residuis
1726 4098 2076 4148 tributorum?
2121 4096 2253 4147 Quis
2299 4107 2526 4157 unquam

1459 4173 1837 4237 imperatorum
1859 4173 1954 4221 hoc
1979 4168 2256 4233 provinciis
2276 4169 2381 4216 suis
2401 4166 2527 4217 ube·

1460 4250 1598 4301 riore
1627 4255 1680 4300 te
1706 4247 2033 4312 indulgentia
2066 4243 2249 4294 dedit?
2306 4244 2527 4296 Fecerat
