3060 4902
460 379 596 449 5238

537 543 710 592 lisdem
751 541 996 606 vestig-iia]
1028 541 1092 592 Iu
1134 552 1401 607 suggestu,
1437 551 1528 601 aut

469 619 693 668 editiore
718 621 854 676 loco,
887 628 945 669 ut
976 633 1043 669 ex
1070 619 1310 669 cedreno
1332 620 1438 668 dixi
1477 622 1526 669 iu

469 695 751 759 adoptione
777 710 806 744 a
830 697 1008 745 Nerva
1033 694 1246 746 factum.
1309 698 1410 745 Sed
1438 713 1533 746 cur

470 771 575 827 ille,
600 772 697 821 hoc
719 773 946 821 clarum:
971 786 1063 822 cur
1088 786 1222 821 nunc
1245 772 1532 836 Trajanua?

468 861 635 913 neque
661 849 796 898 enim
838 848 910 898 ibi
941 849 1142 898 concio.
1209 848 1347 897 Puto
1371 850 1529 898 alter·

469 931 640 972 utrum
662 938 677 972 ε
714 924 824 972 aive
847 929 905 973 ut
924 924 1109 975 Jovem
1134 925 1529 989 eminentior‚et

469 1000 782 1063 conspicuus
797 999 1054 1059 omnibns,
1066 1002 1454 1062 saltitaret33ive
1471 1009 1532 1052 ut

469 1077 717 1141 populum
743 1078 928 1138 ipsum.
973 1077 1106 1126 Nam
1132 1087 1182 1124 et
1214 1077 1344 1125 hune
1376 1092 1530 1127 vene-

471 1152 574 1202 rari
598 1153 650 1200 in
675 1152 886 1215 publico
907 1152 1169 1215 principes
1193 1154 1379 1201 solent.
1399 1154 1532 1216 Lips.

537 1229 749 1283 Deorum
766 1229 1042 1291 prolaturus
1065 1228 1313 1291 arcanum]
1340 1230 1414 1277 Te
1440 1231 1533 1277 im-

471 1312 715 1368 peratore
761 1305 1000 1359 dicendo,
1041 1305 1186 1367 cujus
1230 1306 1278 1352 ei
1334 1306 1532 1354 consilii

476 1380 564 1429 Dii
603 1389 861 1429 auctores.
926 1380 1052 1429 Mox
1089 1381 1266 1430 similia
1301 1382 1376 1430 illi
1415 1382 1535 1444 dier,

470 1459 552 1520 else.
577 1457 666 1510 ini.
701 1472 792 1519 quo
811 1459 1001 1519 adoptio
1038 1463 1250 1520 peracta,
1284 1459 1405 1507 hunc
1421 1474 1534 1520 gen.

470 1535 613 1595 diem,
634 1549 737 1598 quo
759 1536 1029 1598 imperium
1051 1549 1221 1584 coram
1247 1537 1536 1600 suoeepiati.

471 1611 576 1660 Sed
602 1618 657 1659 et
680 1613 887 1672 clarius,
925 1626 1039 1660 meo
1055 1611 1275 1674 judicio,
1298 1613 1535 1674 dixisset,

469 1689 578 1737 aim.
604 1689 680 1737 illi
700 1690 815 1749 diei,
839 1689 919 1749 qui
943 1689 1063 1737 huuc
1077 1704 1188 1748 geu.
1209 1690 1327 1745 dies,
1353 1691 1534 1739 eodem

471 1766 767 1814 intellectu.
800 1765 964 1813 Licin.

540 1842 828 1889 prolaturus
878 1840 1123 1901 arcanum]
1180 1842 1535 1892 observamus

477 1920 564 1968 hic
588 1919 844 1982 quandam
869 1920 1193 1968 varietatem.
1258 1920 1538 1970 Sicbardua

475 1994 642 2045 edidit
663 1997 955 2059 ploraturus,
995 2010 1146 2059 quam
1172 2011 1350 2046 vocem
1374 1999 1535 2046 etiam

475 2075 641 2125 Henr.
667 2075 964 2138 Stephanus
989 2075 1191 2124 notavit
1215 2077 1264 2123 in
1290 2076 1536 2137 margine.

471 2152 575 2201 Sed
595 2167 659 2201 ea
682 2154 779 2201 huc
805 2168 902 2201 uon
931 2151 1170 2213 quadrat,
1192 2152 1395 2201 etiamsi
1421 2153 1535 2201 dix-

473 2229 598 2288 eris,
620 2227 836 2277 verbum
862 2229 877 2254 ‘
896 2228 1098 2289 plorare
1118 2226 1132 2248 '
1156 2228 1375 2289 primum
1399 2228 1533 2277 idem

476 2303 699 2352 valuisse
723 2301 858 2365 quod
882 2305 896 2331 ⁶
916 2300 1179 2351 clamare!
1230 2301 1418 2360 Aliam,
1443 2304 1537 2351 sed

476 2394 579 2429 non
617 2383 742 2428 satia
782 2378 1103 2428 commodam
1146 2379 1537 2441 interpretatio·

475 2473 588 2507 nem
636 2457 936 2506 admitteret
980 2458 1320 2519 imploraturus
1336 2474 1353 2515 ,·
1402 2459 1537 2519 quod

477 2533 812 2596 participium
837 2531 1118 2580 ostendunt
1148 2532 1358 2581 codices
1389 2534 1539 2582 Vati·

473 2609 609 2665 cani,
666 2610 791 2657 item
840 2616 893 2656 et
939 2607 1463 2671 Gtrelplterbytan1133
1498 2610 1539 2658 ai

475 2687 587 2750 quis
624 2686 743 2735 inde
768 2695 933 2749 putet,
969 2686 1274 2749 ‘implorare
1297 2702 1539 2738 arcanum

478 2761 751 2823 Deorum,’
787 2760 840 2811 ἓν
860 2762 936 2810 διὰ
957 2764 1083 2811 δυοῖν
1106 2762 1229 2824 (lici,
1251 2767 1393 2828 quasi
1418 2773 1431 2795 ‘
1449 2766 1540 2814 im·

475 2839 682 2902 plorare
718 2852 935 2887 arcanos
975 2839 1159 2900 Deos;’
1193 2841 1326 2888 sicut
1362 2847 1376 2868 ⁸
1398 2857 1539 2890 arca-

477 2930 568 2965 nas
595 2915 768 2965 Deaa'
791 2915 922 2966 dixit
945 2916 1099 2965 Ovid.
1127 2917 1304 2966 Amor.
1326 2931 1361 2965 ι.
1382 2923 1431 2967 7.
1458 2923 1540 2969 to.

475 3001 530 3041 et
553 2993 738 3056 virgil.
762 2992 879 3041 AEn.
906 3007 944 3042 t.
966 2997 1081 3042 262.
1112 3001 1126 3022 ¹
1158 2994 1430 3044 Fastorum
1459 3010 1542 3043 ar·

473 3084 606 3118 cana
648 3068 903 3119 movebo!
968 3070 1281 3120 Deducebar
1315 3072 1436 3120 inde
1473 3071 1538 3120 ad

475 3147 848 3209 conjecturam,
884 3161 948 3195 an
985 3146 1119 3196 sorte
1155 3149 1321 3196 locum
1346 3148 1539 3197 habere

475 3220 661 3269 debeat
679 3222 1030 3282 exploraturus.
1068 3222 1381 3285 Exploraase
1405 3226 1538 3271 enim

477 3311 721 3345 arcanum
764 3296 988 3346 Deorum
1031 3311 1132 3345 non
1171 3298 1539 3362 intempestive

1158 400 1379 449 No'rAE
1428 401 1837 449 VARIORUM
1890 401 1969 450 ΙΝ

1609 559 1709 607 que
1746 545 1876 594 advo
1913 545 2065 595 istam
2093 546 2350 609 vulgatam
2386 545 2670 597 lectionem

1605 620 1912 669 confirmant
1941 630 2144 670 vetere·
2164 622 2675 684 codices‚Pariaien·

1606 697 1692 758 sia,
1732 699 1981 757 Venetus,
2014 699 2443 760 Salisburgensia,
2481 699 2674 749 ceteri·

1607 789 1705 838 que
1731 774 1847 822 libri
1873 778 2071 824 excusi.
2104 776 2341 825 Schwarz.

1676 851 1855 899 Recens
1876 852 2077 915 clamor]
2101 853 2315 915 Nescio,
2337 867 2430 901 cur
2445 853 2673 903 vocabu·

1607 927 1712 976 lum
1749 942 1909 976 recena
1947 941 2048 977 non
2087 930 2260 977 statim
2287 943 2340 977 ae
2363 930 2675 992 approbarit

1612 1003 1806 1064 Ligurio,
1831 1012 1903 1059 et,
1929 1018 2080 1067 quem
2106 1006 2308 1054 excitat
2334 1005 2673 1068 Arntzeniua,

1611 1080 1785 1127 Nicol.
1813 1080 2046 1136 Heinsio,
2064 1081 2149 1145 qni
2177 1089 2538 1143 praeoptarunt
2552 1083 2674 1132 aub-

1612 1156 1831 1204 stituere
1866 1171 2066 1219 repem,·
2104 1158 2223 1205 «lum
2262 1157 2400 1206 forte
2424 1172 2673 1220 respexe-

1613 1240 1731 1279 ruut
1754 1232 1965 1295 poetam
2004 1248 2051 1280 v.
2086 1248 2133 1295 g.
2170 1234 2261 1281 Sil.
2293 1233 2417 1284 Ital.
2442 1248 2530 1283 tn.
2557 1238 2676 1283 220.

1610 1306 1989 1370 ‘Repensqnff
2039 1308 2072 1355 i.
2119 1322 2167 1356 e.
2208 1310 2430 1366 subitus,
2466 1311 2675 1360 ‘castra

1613 1384 1782 1443 quatit
1809 1384 2000 1431 clamor
2021 1383 2053 1444 3'
2078 1383 2198 1432 item
2226 1384 2495 1434 Claudian.
2515 1385 2581 1433 de
2608 1386 2679 1437 Β.

1613 1460 1680 1508 G.
1708 1474 1779 1507 vs.
1799 1464 1914 1509 460.
1948 1461 1963 1487 ‘
1985 1461 2178 1507 Gavisa
2203 1474 2390 1521 tenena
2422 1476 2516 1523 per
2548 1476 2677 1510 moe-

1613 1538 1697 1584 nia
1720 1538 1912 1585 clamor
1938 1536 2177 1586 tollitur.'
2244 1537 2361 1586 Alia
2378 1538 2677 1601 hujusmodi

1614 1616 1855 1677 exempla
1880 1612 2087 1678 collegit
2117 1613 2507 1663 Kirchmaierua
2531 1615 2596 1664 ad
2623 1614 2679 1665 b.

1614 1691 1647 1738 l.
1716 1691 1897 1739 Solere
1921 1691 2075 1740 etiam
2102 1690 2338 1740 librarios
2362 1705 2500 1755 saepe
2533 1691 2586 1740 in
2610 1705 2676 1740 eo

1616 1781 1854 1830 peccare,
1889 1777 1947 1816 ut
1984 1768 2077 1817 baa
2118 1783 2288 1824 voces,
2329 1783 2489 1817 recens
2518 1775 2573 1817 et
2598 1782 2676 1818 re·

1610 1858 1750 1904 pena,
1791 1842 2126 1905 confundant,
2166 1844 2466 1892 observavit
2506 1844 2677 1893 Drac-

1611 1919 1771 1967 kenb.
1796 1919 1859 1967 ad
1888 1920 1982 1969 Sil.
2010 1933 2106 1969 xv.
2125 1924 2240 1968 604.
2306 1920 2409 1969 Sed
2443 1920 2494 1968 in
2530 1921 2676 1968 nullo

1615 2010 1824 2058 prorsus
1855 1997 2006 2061 hujus
2048 1995 2363 2060 panegyrici
2386 1996 2680 2057 exemplari

1612 2072 1869 2134 quandam
1905 2074 2207 2121 varietatem
2233 2073 2314 2121 bic
2352 2070 2679 2120 animadver-

1615 2157 1722 2197 tere
1750 2148 1890 2197 licet.
1930 2150 2113 2198 Recens
2133 2150 2308 2197 clamor
2329 2148 2517 2196 dicitnr
2539 2162 2679 2209 prn-

1614 2224 1864 2287 fervidus,
1885 2226 2093 2287 alacris,
2125 2226 2211 2289 qui
2242 2225 2464 2274 nondum
2504 2224 2680 2274 defer-

1615 2301 1742 2356 buit.
1760 2309 1811 2349 et
1836 2302 2111 2364 repetitur,
2127 2307 2397 2364 tantusque
2412 2306 2679 2365 eat,quan-

1615 2387 1698 2427 tua
1721 2379 1786 2427 ab
1806 2379 1968 2428 initio.
1993 2378 2082 2426 Sic
2112 2378 2253 2426 Livio
2280 2391 2403 2427 xxt.
2424 2383 2506 2427 52.
2530 2393 2679 2427 uanr·

1616 2464 1798 2519 patur:
1856 2457 2081 2505 ‘Consul
2129 2454 2302 2518 alter,'
2344 2455 2535 2516 inquit,
2583 2456 2677 2505 ‘e-

1617 2532 1813 2595 questri
1849 2531 2031 2595 pra‘lio
2072 2546 2192 2593 uno,
2229 2540 2285 2580 et
2330 2532 2545 2580 vulnere
2584 2545 2679 2580 auo

1617 2608 1866 2669 minutus,
1886 2609 2016 2658 trahi
2039 2623 2145 2657 rem
2173 2608 2394 2656 malebat
2415 2624 2426 2654 ε
2455 2608 2680 2657 recentia

1615 2685 1770 2733 animi
1811 2687 1963 2746 alter,
2008 2699 2173 2746 eoque
2213 2681 2451 2744 ferocior,
2486 2684 2680 2735 nullam

1616 2762 1916 2810 dilationem
1960 2759 2293 2824 patiebatur?
2363 2761 2451 2809 Sic
2473 2767 2527 2809 et
2562 2761 2679 2823 ipae

1619 2838 1757 2888 Plin.
1798 2838 1966 2900 Epist.
2000 2852 2081 2886 tv.
2118 2842 2167 2886 9.
2201 2845 2214 2865 ⁴
2238 2835 2461 2898 Inveni,'
2495 2837 2684 2901 inquit,

1617 2915 1727 2963 ‘ita
1772 2921 1977 2964 erectos
2025 2915 2242 2969 animoa.
2288 2914 2363 2962 ita
2415 2921 2683 2975 recentes,

1613 2993 1962 3057 (nequaquam
2004 2989 2362 3054 languentes.)
2411 2997 2470 3038 ut
2508 2990 2683 3053 priore

1617 3070 1822 3117 actione
1849 3068 2054 3117 incitati
2094 3068 2270 3129 magia,
2303 3081 2453 3131 quam
2483 3066 2685 3129 satiati,

1617 3144 1951 3195 viderentur.'
1996 3144 2057 3192 Iu
2080 3145 2253 3191 verbis
2281 3144 2514 3204 proxime
2534 3148 2683 3191 ante·

1615 3220 1939 3282 cedentibus,
1990 3220 2155 3268 codex
2197 3219 2488 3280 Saliaburg.
2522 3217 2684 3266 habe·

1616 3299 1707 3347 bat
1747 3300 1868 3352 Quoe
1906 3299 2312 3346 circumstantium
2347 3294 2548 3345 eludia!
2590 3297 2684 3346 aed

475 3374 564 3423 ille
587 3372 689 3422 dici
716 3381 909 3436 posset,
945 3375 1032 3438 qui
1058 3384 1319 3425 scrutatus
1343 3384 1422 3425 eat
1448 3391 1543 3438 per
1608 3375 1720 3437 jam
1760 3376 2061 3438 antiquitus,
2096 3388 2252 3437 supra
2278 3387 2456 3421 vocem
2502 3373 2687 3434 εἰκαῖα,

476 3452 684 3499 oracula
711 3464 927 3500 arcanos
952 3453 1178 3501 Deorum
1206 3468 1404 3501 sensus.
1435 3454 1538 3502 Sed

476 3526 625 3575 firmo
649 3534 752 3575 atat
792 3528 899 3576 talo
922 3529 1137 3591 vulgata
1174 3529 1352 3587 lectio,
1386 3529 1541 3591 prola·

477 3609 614 3652 turus
635 3617 881 3659 arcanum,
921 3605 968 3652 b.
995 3618 1042 3652 e.
1076 3605 1437 3667 publicatur-ua
1461 3620 1543 3653 ar-

477 3692 663 3727 canum
691 3679 919 3727 Deorum
937 3679 1237 3740 decretum;
1264 3680 1382 3738 quia
1403 3681 1542 3729 acili-

478 3763 563 3805 cet
590 3756 682 3805 Dii
708 3757 759 3803 in
777 3756 995 3804 consilio
1018 3754 1175 3803 fuisse
1193 3756 1544 3805 censebantur

479 3833 699 3891 Nervae,
721 3832 938 3895 eligenti
976 3832 1247 3894 TraJanum
1281 3847 1543 3882 successo·

477 3923 583 3956 rein
605 3925 619 3970 3
657 3916 709 3957 et
734 3909 851 3972 quia
871 3908 1123 3971 Trajanus
1147 3908 1419 3959 dicebatur
1446 3910 1542 3960 ‘ab

477 3984 612 4036 Jove
637 3984 750 4047 ipso
771 3997 942 4033 coram
981 3997 1042 4033 ac
1084 3986 1252 4048 palam
1279 3996 1542 4049 repertus,

478 4060 675 4111 electus
697 4060 895 4123 quippe
922 4059 1060 4108 inter
1089 4074 1204 4110 aras
1237 4070 1292 4110 et
1318 4062 1543 4124 altaria,’

479 4150 639 4199 supra
662 4149 699 4184 ι.
723 4140 770 4182 6.
838 4134 1156 4186 Proferebat
1195 4151 1320 4201 ergo
1360 4139 1540 4189 Nerva

473 4213 629 4263 iatam
667 4227 909 4262 arcanam
948 4213 1175 4265 Deorum
1202 4218 1541 4283 voluntatem,

478 4290 600 4340 dum
626 4291 835 4356 publice
855 4290 1190 4344 denuntiaret
1216 4297 1425 4360 populo,
1445 4297 1539 4346 de·

476 4368 803 4433 clai-aretque
823 4366 1032 4432 'trajani
1056 4368 1405 4436 adoptionem.
1438 4373 1536 4424 At-

1618 3450 1870 3510 acriptum
1895 3457 1974 3498 ent
1994 3451 2176 3512 gaudia
2196 3466 2214 3508 ,-
2246 3448 2470 3511 alioquin
2495 3456 2548 3496 et
2579 3453 2684 3496 atu·

1615 3525 1696 3573 dia
1721 3525 1770 3572 in
1798 3526 1889 3574 tali
1910 3540 2087 3574 caussa
2113 3527 2281 3576 locum
2311 3525 2505 3574 habere
2530 3532 2685 3588 potu·

1618 3603 1797 3652 issent.
1830 3604 1919 3653 Sic
1942 3605 2079 3653 enim
2103 3605 2325 3668 loquitur
2342 3602 2518 3651 Tacit.
2537 3603 2683 3652 Hiat-

1618 3697 1653 3732 1.
1679 3687 1788 3730 85.⁴
1810 3682 1926 3731 Non
1954 3682 2173 3746 populna
2197 3689 2418 3738 tantum,
2436 3684 2488 3726 et
2511 3678 2682 3741 plebs.

1618 3760 1667 3808 in
1713 3760 1936 3823 plausus,
1977 3769 2029 3808 et
2069 3758 2342 3807 immodica
2367 3755 2564 3811 etudia,
2589 3755 2681 3804 aed

1617 3837 1847 3900 equitum
1875 3837 2127 3900 plerique,
2143 3849 2203 3884 ac
2226 3831 2564 3889 aenatorum:
2586 3831 2685 3882 otc.

1619 3915 1769 3963 Idem.

1686 3991 1844 4045 Quam
1876 4004 2037 4039 mena
2067 3986 2267 4049 clamor]
2306 3986 2385 4035 An
2422 4000 2591 4049 repens
2624 3992 2683 4036 et

1617 4067 1848 4116 subitus?
1914 4065 2018 4117 Sed
2042 4065 2112 4114 nil
2146 4075 2308 4126 muto,
2348 4070 2461 4112 tota
2493 4076 2683 4126 nempe

1620 4144 1698 4192 via
1719 4146 2071 4193 clamaverant
2106 4139 2472 4202 fuerantque,
2504 4145 2684 4188 tamen

1618 4233 1755 4269 nunc
1778 4219 2017 4268 alacriter
2032 4223 2086 4265 ct
2108 4213 2538 4276 fortiteriterum‚
2555 4229 2683 4278 qua-

1617 4297 1660 4345 ai
1682 4303 1936 4346 recentes.
1973 4294 2109 4359 Lipu.

1684 4374 1875 4424 Similia
1912 4373 1987 4423 illi
2022 4371 2148 4436 dica]
2204 4370 2521 4420 Luculeuter
2564 4368 2680 4421 bec
