3060 4902
507 362 640 430 480

509 518 893 583 magnificentia
917 526 1091 571 trsctu
1117 520 1389 584 temporis.
1454 520 1573 571 Qua

510 597 579 648 de
601 597 718 648 vide
742 599 902 648 Dion.
919 597 1011 647 lib.
1029 611 1139 647 ινι.
1160 598 1359 662 Xipbil.
1386 598 1439 647 in
1467 597 1572 647 Au·

510 682 665 738 gusto
689 682 742 723 et
767 674 964 724 Severo
991 690 1004 723 ε
1046 673 1235 723 Blond.
1259 674 1351 723 lib.
1374 687 1436 722 ιι.
1472 673 1573 722 Ro·

509 765 608 801 mae
637 751 903 813 Triumph.
935 758 992 800 et
1017 750 1126 801 Jul.
1150 751 1343 800 Caesar.
1378 751 1572 799 Bulen-

512 839 622 890 ger.
658 826 723 875 de
761 826 897 889 Imp.
932 827 1079 875 Rom.
1117 825 1209 876 lib.
1242 840 1283 876 ι.
1309 841 1355 875 c.
1375 830 1425 874 6.
1454 829 1503 874 7.
1525 830 1573 876 8.

509 904 559 951 9.
587 910 641 951 et
664 907 745 951 10.
778 903 933 951 Beris.

579 979 893 1042 Quandoque]
929 978 1048 1027 Hoc
1070 978 1187 1027 loco
1221 977 1356 1026 idem
1381 975 1571 1040 signifi-

510 1061 613 1116 cat,
636 1054 794 1119 quod,
820 1062 834 1082 ‘
852 1054 1012 1116 olim,'
1037 1063 1050 1084 ⁸
1069 1052 1379 1117 aliquando,'
1405 1053 1573 1101 ‘futu-

511 1130 608 1186 ro‚'
634 1131 716 1180 vel
738 1139 752 1157 ⁸
776 1144 890 1179 sero
914 1128 1192 1191 tempore-⁹
1221 1129 1336 1180 Qua
1363 1130 1573 1177 notione

509 1207 714 1257 Plinius
750 1223 870 1257 usus
905 1214 988 1256 est
1024 1208 1250 1270 saepius3
1285 1222 1335 1255 v.
1380 1222 1429 1269 g.
1471 1209 1574 1257 Pa·

511 1299 630 1348 neg.
668 1298 877 1334 xxviii.
911 1291 961 1333 ⁵.
994 1287 1009 1312 ⁸
1035 1285 1114 1333 Ex
1150 1284 1227 1332 bis
1261 1284 1573 1347 quandoque

510 1360 828 1410 nascentur.'
864 1365 1107 1410 xxxV.4.
1129 1367 1142 1388 ⁸
1166 1360 1269 1408 Sed
1296 1370 1493 1424 quanto
1516 1368 1572 1408 tu

511 1437 820 1501 quandoque
865 1436 1071 1499 dignior
1108 1436 1277 1486 coelo.’
1341 1451 1491 1487 xctv.
1523 1442 1574 1485 5.

512 1521 527 1542 ⁴
553 1515 625 1563 Ut
662 1514 970 1578 quandoque
1006 1529 1360 1564 successorem
1396 1516 1444 1564 ei
1482 1515 1571 1564 tri·

511 1589 677 1640 huss!
710 1589 792 1640 Cf.
818 1592 988 1653 Epist.
1016 1604 1078 1640 ιι.
1110 1594 1184 1639 10.
1208 1596 1254 1639 3.
1273 1605 1359 1640 ιιι.
1385 1595 1464 1643 18.
1491 1595 1571 1641 10.

509 1681 589 1717 ιν.
615 1671 693 1717 13.
717 1673 766 1717 6.
799 1667 1040 1717 Senem.

572 1745 771 1794 Abunde
791 1745 1037 1808 expertus]
1074 1743 1346 1795 Quomodo
1380 1753 1574 1807 autem,

506 1821 605 1870 nisi
629 1822 956 1871 intervallum
987 1820 1192 1884 fnisset,
1227 1829 1285 1871 ut
1319 1821 1572 1873 dicimus?

573 1975 773 2025 Sedes-et
809 1974 1080 2038 imperium]
1125 1975 1370 2026 Firmiter
1405 1976 1572 2025 innix-

509 2067 615 2102 um.
679 2058 691 2079 ⁶
715 2051 893 2101 Sessio
919 2050 932 2070 ⁹
972 2052 1378 2116 perpetuitatem
1407 2060 1573 2102 notat.

509 2130 660 2180 Idem.

574 2205 796 2268 δράσει]
823 2205 1095 2270 Ἰδρνθῆναι.
1145 2204 1431 2255 Herodian.
1450 2205 1487 2255 l.
1513 2220 1574 2256 ιι.

507 2298 563 2347 p.
585 2286 670 2332 44.
705 2282 857 2331 Bm.

528 2366 532 2375 ‘
570 2358 919 2422 Prospexerat]
954 2358 1154 2409 Contra
1191 2357 1326 2421 Imp.
1349 2357 1573 2422 August.

509 2441 524 2463 ⁸
547 2434 816 2485 Tiberium
873 2448 1222 2485 successorem
1280 2436 1460 2499 elegit,
1515 2444 1572 2487 ut

507 2512 896 2575 comparatione
922 2512 1206 2561 deterrima
1233 2511 1331 2559 sibi
1357 2512 1569 2572 gloriam

509 2586 805 2653 quaereret.’
846 2587 1013 2635 Tacit.
1036 2585 1170 2635 Anu.
1195 2599 1235 2634 1.
1256 2588 1337 2634 10.
1360 2584 1399 2634 f.
1424 2587 1572 2639 Suet.

504 2666 679 2715 Tiber.
704 2680 752 2715 c.
783 2668 864 2713 21.
889 2662 1023 2712 adde
1060 2662 1192 2712 iufra
1214 2676 1261 2713 c.
1293 2667 1378 2713 89.
1404 2671 1457 2713 et
1481 2665 1572 2727 Sy·

507 2741 669 2792 racid.
687 2755 826 2790 xxx.
850 2745 897 2790 3.
918 2744 967 2788 4.
985 2746 1037 2790 5.
1074 2739 1225 2790 Idem.

573 2819 707 2869 Cu».
756 2831 836 2866 ιιι.
896 2816 1123 2879 Templis]
1174 2816 1405 2865 Deorum
1449 2829 1568 2879 pro·

505 2895 665 2960 priis3
699 2897 838 2945 inter
863 2896 1001 2943 Deos
1020 2895 1154 2943 euim
1181 2893 1374 2942 relatus
1396 2892 1571 2942 fuerat

504 2971 706 3033 Nerva,
741 2979 795 3021 et
828 2979 1202 3031 consecratus,
1236 2976 1293 3018 ut
1329 2970 1573 3033 probant,

507 3057 706 3110 praeter
727 3048 1017 3109 historicos,
1040 3048 1178 3096 numi
1205 3047 1381 3103 etiam,
1405 3061 1435 3095 e
1458 3047 1568 3111 qui·

506 3123 604 3173 bus
629 3138 838 3172 aureum
873 3138 1028 3173 noum
1063 3123 1322 3187 possideo,
1355 3137 1506 3187 quem
1538 3137 1568 3171 a

505 3198 731 3261 Trajano
765 3200 816 3247 in
853 3200 1095 3248 honorem
1134 3200 1323 3250 Nervae
1358 3213 1567 3262 percus-

506 3288 618 3323 sum
643 3274 832 3323 docent
856 3276 1020 3324 literas
1045 3277 1146 3325 illm
1168 3275 1218 3323 in
1242 3289 1423 3325 aversa
1449 3292 1567 3341 par·

507 3356 582 3405 te.
625 3363 777 3399 affl.
838 3351 1020 3415 Imago
1076 3351 1275 3401 thensae
1323 3354 1567 3416 imposita

506 3427 702 3477 Nervae
727 3432 826 3488 est,
845 3427 1135 3491 elephantis
1161 3434 1329 3489 vecta,
1351 3427 1417 3475 nd
1444 3428 1566 3477 vitae

504 3501 903 3553 diuturnitatem
927 3502 1322 3566 designandam.
1348 3503 1567 3552 Palm-ol.

567 3578 686 3628 Alia
708 3578 887 3641 mente]
922 3579 1040 3628 Qua
1075 3589 1249 3629 mente
1274 3578 1393 3627 olim
1426 3576 1565 3628 fece·

502 3656 626 3718 rint,
650 3656 762 3706 Cic.
782 3655 850 3705 de
879 3656 924 3705 N
931 3663 1006 3704 st.
1028 3656 1183 3705 Deor.
1206 3670 1253 3704 c.
1277 3658 1359 3705 24.
1377 3656 1567 3706 docet:

505 3732 826 3795 ‘Suscepit,’
868 3733 1055 3796 inquit,
1100 3739 1114 3762 ‘
1152 3732 1258 3781 vita
1305 3732 1564 3783 bominum

502 3808 922 3874 consuetudoque
955 3809 1255 3871 communis,
1278 3816 1336 3857 ut
1372 3809 1565 3859 benefl-

504 3886 597 3936 ciis
618 3885 940 3934 excellentes
963 3885 1099 3933 viros
1131 3884 1182 3932 in
1218 3885 1404 3934 coelum
1428 3883 1567 3934 fama

503 3976 567 4011 ac
591 3962 858 4010 voluntate
893 3959 1179 4010 tollerent.'
1241 3959 1395 4010 Adde
1422 3962 1564 4012 Plin.

505 4037 633 4088 Nat.
657 4036 800 4086 Hist·
819 4050 882 4086 ιι.
905 4040 953 4085 7.
999 4037 1186 4087 Patres
1207 4052 1404 4088 omnes.
1427 4038 1563 4089 Gru-

504 4121 605 4168 ter.
630 4120 739 4163 not.
772 4113 876 4176 pol.
899 4114 948 4161 iu
979 4114 1088 4163 Liv.
1113 4127 1148 4162 ι.
1170 4118 1220 4163 7.
1289 4115 1429 4165 Hinc
1454 4129 1564 4165 rer·

504 4205 593 4239 sus
626 4191 737 4242 isti=
777 4193 792 4219 ‘
819 4189 1019 4239 Civium
1044 4188 1277 4240 faventia
1298 4193 1395 4254 ipsi
1425 4191 1562 4255 prin·

502 4267 649 4331 cipes
676 4264 817 4322 fiunt
844 4266 967 4317 Dei.
1035 4266 1129 4317 Vis
1162 4267 1281 4319 Deo
1320 4281 1413 4332 per
1446 4280 1563 4319 esse

1204 377 1425 428 NOTAE
1476 374 1817 425 VARmRu
1833 375 1883 423 M
1935 375 2013 425 n(

1651 519 1934 583 princeps?
1993 518 2076 569 Sis
2128 517 2386 582 benignus
2436 516 2714 573 omnibus-⁸

1648 600 1750 646 διο.
1778 597 1930 645 Bern-
2371 644 2376 652 ¹

1719 677 1937 727 Tiberius
1991 673 2287 737 Augustum]
2342 673 2543 724 Auctor
2587 675 2714 725 Vel·

1649 753 1799 812 leius,
1828 767 1888 802 ιι.
1912 757 1994 802 24.
2019 751 2218 814 Xiphil.
2245 752 2280 799 l.
2307 764 2459 800 ιιινι.
2498 752 2716 800 Parme.

1713 829 1991 890 qu'estatis
2005 827 2209 890 crimen]
2231 827 2400 878 Quale
2425 825 2598 881 fuerit,
2622 842 2714 876 ex-

1649 907 1811 970 plieat
1853 907 2018 955 Tacit.
2062 903 2200 954 Anu.
2221 918 2435 966 nempe,
2468 906 2484 931 ⁴
2513 904 2555 951 si
2598 905 2713 968 quis

1648 983 1938 1045 proditione
1993 981 2301 1036 exercitum,
2359 988 2448 1030 aut
2506 982 2712 1043 piebem

1646 1057 2006 1117 seditionibus,
2042 1056 2266 1120 denique
2301 1057 2431 1104 male
2459 1066 2605 1119 gesta
2632 1072 2712 1105 re·

1645 1133 1855 1197 publica
1878 1134 2199 1196 majestatem
2224 1133 2287 1179 Ρ.
2309 1132 2373 1181 R.
2400 1133 2712 1181 minuisset.'

1648 1210 1757 1257 Sub
1781 1208 2037 1272 Augusto,
2064 1209 2248 1257 eodem
2279 1218 2514 1270 auctore,
2536 1210 2713 1273 specie

1646 1286 1773 1347 legis
1789 1286 1939 1348 hujus
1958 1292 2184 1334 tractata
2203 1292 2284 1334 est
2300 1286 2455 1334 etiam
2483 1286 2712 1349 cognitio

1647 1360 1712 1410 de
1764 1360 1975 1410 famosis
2022 1360 2228 1409 libeliis.
2290 1361 2531 1409 Tiberius
2590 1360 2711 1410 inde

1645 1438 1812 1502 legem
1870 1437 2272 1500 districtissime,
2325 1445 2380 1485 et
2439 1438 2710 1501 tyrannice

1648 1514 1876 1578 quidem.
1913 1513 2259 1564 confirmavit.
2327 1512 2464 1564 Vide
2506 1515 2716 1564 ibidem.

1648 1592 1799 1641 Idem.

1715 1668 1991 1730 majestatis
2005 1669 2205 1733 crimen]
2230 1667 2477 1716 Nonnulli
2494 1667 2714 1730 habent,

1645 1747 1904 1807 mejestatis
1936 1760 2122 1809 nomen,
2152 1745 2238 1793 alii
2269 1760 2438 1793 ιιιιηιειι
2456 1760 2474 1802 ,·
2508 1744 2712 1794 codices

1648 1824 1779 1872 Mss.
1804 1831 1857 1870 et
1890 1821 2088 1884 aliquot
2118 1820 2317 1868 eximiae
2343 1819 2593 1868 editiones
2615 1820 2710 1869 cri·

1646 1915 1766 1949 men.
1836 1898 1933 1948 Cui
1960 1897 2139 1946 ultimo
2164 1895 2420 1946 vocabulo
2444 1904 2499 1945 et
2524 1911 2614 1945 nos
2639 1897 2712 1946 lo-

1648 1990 1765 2024 cum
1790 1973 2045 2023 dedimus.
2082 1973 2357 2036 Equidem,
2380 1973 2529 2033 louge
2549 1973 2709 2022 etiam

1649 2059 1791 2112 ante,
1815 2066 1965 2117 quam
2005 2050 2271 2113 Augustus
2296 2065 2325 2098 a
2359 2049 2569 2098 Tiberio
2593 2057 2711 2099 erat

1649 2134 2002 2186 consecratus,
2023 2125 2219 2172 crimen
2257 2124 2546 2186 majestatis
2574 2125 2711 2173 inter

1651 2203 1912 2252 Romanos
1943 2203 2181 2264 viguerat
2208 2216 2221 2249 τ
2260 2214 2435 2249 verum
2472 2201 2711 2250 Tiberius

1649 2278 1700 2327 id
1725 2278 1787 2328 ad
1817 2279 1975 2326 inuito
1995 2278 2145 2340 plura
2168 2277 2376 2338 delicta,
2401 2287 2489 2327 aut
2513 2278 2711 2342 qualia·

1648 2370 1852 2419 cunque
1874 2354 2014 2404 facta
2038 2354 2245 2408 civium,
2269 2353 2528 2410 extendit,
2552 2361 2710 2418 atque

1639 2437 1743 2495 ‘per
1786 2433 1950 2497 ipsam
1998 2430 2219 2495 Augusti
2264 2430 2709 2481 consecrationem

1649 2522 1971 2572 exaggerare
1998 2508 2179 2564 voluit,
2205 2514 2261 2556 ut
2274 2507 2473 2556 scilicet
2496 2521 2559 2556 eo
2584 2505 2710 2556 faci-

1646 2587 1744 2635 lius
1761 2592 1918 2647 esset,
1943 2601 2007 2635 ex
2032 2585 2344 2650 quibuslibet
2369 2583 2597 2643 offensis,
2620 2584 2710 2634 ad-

1647 2676 1823 2711 versus
1838 2676 2083 2726 personas
2096 2660 2385 2710 divinitatis
2404 2662 2709 2726 participes,

1645 2752 1761 2803 quae
1785 2745 1838 2786 et
1860 2751 1969 2785 sese
1996 2738 2137 2784 Deos
2164 2737 2440 2803 putabant,
2464 2751 2710 2787 accusare

1644 2813 1874 2862 homines
1907 2813 2205 2876 impietatis,
2241 2820 2295 2861 et
2328 2814 2562 2862 iaesarum
2595 2815 2711 2864 reii-

1647 2892 1874 2953 gionum,
1891 2890 2200 2952 violataeque
2220 2889 2547 2953 majestatis..
2573 2889 2708 2939 Vide

1648 2967 1867 3016 Excurs.
1893 2978 2037 3014 xvn.
2104 2966 2367 3020 Ceterum,
2397 2969 2578 3030 utique
2611 2967 2709 3017 sub

1642 3043 1868 3100 Tiberio.
1890 3042 2103 3104 aliisque
2124 3042 2272 3090 soevis
2288 3042 2709 3104 imperatoribus,

1642 3120 1838 3169 crimen
1879 3119 2167 3182 majestatis
2211 3118 2275 3165 sd
2323 3119 2473 3180 plura
2516 3118 2706 3168 civium

1642 3196 1781 3247 facts
1803 3195 2000 3258 legibus
2023 3195 2368 3244 acerbissimis
2392 3195 2705 3258 prorogaba-

1643 3281 1747 3333 tur‚
1782 3273 1875 3327 ita.
1905 3279 1965 3321 ut
1996 3278 2050 3321 et
2085 3272 2156 3320 illi
2192 3270 2289 3319 boc
2321 3272 2517 3320 crimen
2542 3271 2705 3320 admi-

1642 3351 1769 3399 sisse
1802 3347 2201 3412 judicarentur,
2226 3347 2334 3411 qui,
2380 3361 2427 3395 e.
2466 3362 2515 3410 g.
2550 3347 2708 3411 juxt·

1642 3434 1858 3489 statuas,
1879 3426 1927 3475 in
1947 3424 2194 3475 honorem
2219 3425 2591 3487 imperatorum
2614 3438 2706 3489 po-

1640 3505 1787 3560 sitas.
1821 3503 2020 3552 urinam
2061 3502 2350 3555 mitterent,
2386 3508 2475 3550 aut
2497 3514 2705 3550 servum

1640 3567 1789 3630 suum
1828 3579 2115 3641 caderent,
2154 3584 2244 3627 sut
2283 3583 2551 3626 mutarent
2595 3573 2735 3627 ves-'

1642 3665 1768 3717 tem,
1802 3656 2032 3718 itemque
2065 3654 2275 3702 alterius
2311 3659 2510 3702 statuas
2531 3652 2704 3711 altius.

1641 3747 1793 3798 quam
1821 3731 2063 3786 Caessris,
2085 3731 2432 3791 collocareut3
2470 3730 2590 3786 imo,
2616 3732 2705 3795 qui

1641 3809 1863 3874 effigiem
1888 3809 2159 3873 principis,
2188 3822 2359 3868 numo,
2381 3809 2464 3857 vel
2499 3809 2704 3865 annulo,

1639 3890 1961 3952 impressam,
1992 3886 2217 3945 larino,
2240 3892 2331 3935 sut
2361 3886 2601 3949 lupanari
2627 3885 2704 3935 in·

1639 3965 1869 4028 ferrent;
1908 3971 1964 4014 et
1986 3978 2103 4028 quae
2129 3964 2229 4013 slis
2262 3970 2442 4012 erante
2479 3977 2592 4027 qun
2616 3975 2704 4012 co·

1638 4042 1833 4107 piosius
1856 4040 2100 4103 exposuit
2124 4040 2421 4088 Brissonins
2442 4038 2705 4104 Antiquit.

1641 4134 1721 4168 ιν.
1741 4122 1792 4168 2.
1823 4125 1881 4167 et
1913 4115 2265 4178 Gundlingius
2299 4115 2350 4163 in
2386 4116 2601 4179 Disput.
2635 4115 2701 4164 sd

1641 4195 1835 4257 Legem
1861 4192 2175 4258 Msjeststis,
2199 4191 2287 4242 lib.
2309 4204 2349 4241 ι.
2369 4204 2417 4242 c.
2440 4193 2522 4242 2⁶.
2552 4205 2702 4256 seqq.

1639 4270 1884 4321 Schwm.
2069 4295 2074 4298 -
2649 4281 2670 4312 κ
