3060 4902
547 353 677 424 872

548 516 763 578 legimus
784 514 896 563 haic
920 513 969 561 in
994 511 1138 576 Ami,
1159 515 1360 576 Juntae,
1384 514 1606 565 Cratan-

547 593 647 652 dri,
691 591 816 640 Rob.
847 592 1118 654 Stephani,
1140 591 1393 649 Ascensii,
1431 593 1607 654 Nun,

548 668 700 718 Pauli
723 668 972 731 Stephani
998 684 1081 718 an.
1095 673 1240 719 1601.
1260 670 1604 721 editionibus:

547 744 663 794 Non
684 749 753 793 est
785 744 1020 808 princeps,
1049 751 1161 794 sunt
1182 748 1307 809 leges
1324 763 1346 806 ,-
1376 749 1459 796 sed
1480 749 1606 810 leges

543 836 686 884 supra
722 822 1004 884 principem.
1070 821 1142 872 At
1188 838 1360 874 omnes
1397 824 1603 873 codices

545 898 672 947 Mss-
707 906 762 947 et
801 898 1012 961 reliqnae
1038 898 1293 949 editiones
1316 900 1506 950 babent
1528 901 1601 950 in·

546 983 697 1038 tegra
719 975 900 1036 verba,
936 985 1090 1039 prout
1124 994 1155 1024 a
1188 976 1332 1026 uobis
1357 977 1602 1027 exhiben-

547 1060 665 1111 tur;
707 1053 800 1101 nisi
843 1052 975 1115 qnod
1018 1052 1249 1117 quaedam
1286 1055 1508 1103 varietas
1550 1055 1602 1103 in

545 1129 800 1192 particula
856 1143 996 1192 super
1050 1136 1105 1178 et
1158 1145 1300 1193 supra
1348 1139 1602 1180 occurrat.

543 1206 732 1255 Plures
757 1206 959 1255 codices
983 1206 1108 1254 Mes.
1132 1215 1185 1255 et
1211 1206 1324 1257 libri
1350 1207 1600 1271 impressi,

544 1282 764 1345 Gryphii
802 1297 884 1332 an.
911 1286 1053 1330 1531.
1091 1282 1346 1345 Sichardi,
1377 1284 1448 1333 H.
1483 1285 1597 1333 Ste-

541 1358 720 1422 phani,
758 1358 901 1407 Petri
942 1359 1181 1420 Cboueti‚
1230 1359 1422 1423 nivini,
1459 1360 1598 1409 Box-

542 1436 724 1491 hornii,
770 1435 997 1497 Cellarii,
1039 1436 1214 1498 Cevae,
1259 1437 1431 1500 priore
1483 1436 1597 1486 loco

541 1526 700 1573 super,
757 1513 1042 1576 posteriore
1097 1528 1243 1577 supra
1310 1514 1594 1564 exhibent:

544 1589 653 1637 Non
674 1594 745 1638 est
775 1589 993 1652 princeps
1013 1605 1155 1652 super
1176 1593 1302 1651 leges
1318 1606 1338 1647 ,·
1368 1591 1448 1640 sed
1470 1591 1599 1654 leges

541 1679 683 1728 supra
697 1666 975 1730 principem.
1039 1665 1109 1715 At
1131 1667 1293 1715 codex
1310 1666 1595 1730 Guelpher·

541 1743 780 1806 bytauus,
813 1753 866 1791 et
901 1743 1033 1791 liber
1054 1743 1352 1806 Vossianus,
1384 1743 1506 1792 item
1542 1751 1597 1794 et

538 1820 593 1869 in
629 1821 772 1869 libris
809 1820 1034 1881 excusis,
1064 1818 1323 1882 Gryphius
1344 1833 1426 1869 en.
1454 1823 1595 1871 1642.

539 1897 818 1952 Livineius,
842 1896 1119 1956 Gruterus,
1150 1897 1432 1959 Puteanus,
1464 1896 1594 1945 Ber·

537 1988 811 2037 neggerus,
849 1972 1100 2028 Hackins,
1135 1971 1365 2033 Paterni,
1399 1972 1594 2022 Gesne-

539 2064 643 2107 rus,
697 2050 937 2115 utrinque
992 2048 1179 2100 habent
1229 2064 1371 2113 supra
1391 2066 1408 2100 .·
1479 2052 1593 2101 Non

534 2134 606 2178 est
651 2128 869 2192 princeps
909 2142 1053 2191 supra
1105 2128 1232 2189 leges
1252 2142 1274 2185 ,·
1330 2129 1412 2178 sed
1467 2129 1594 2192 leges

535 2221 679 2270 supra
705 2205 981 2270 principem.
1047 2205 1260 2261 Contra,
1312 2213 1459 2254 vetus
1506 2221 1590 2256 co-

534 2283 640 2333 dex
694 2283 930 2346 Livineii,
991 2281 1352 2345 cuspinianus,
1403 2287 1457 2331 et
1511 2297 1591 2331 re-

534 2361 737 2412 centius
761 2360 1092 2421 Arntzenius,
1116 2367 1329 2425 utroque
1354 2360 1465 2410 loeo
1500 2360 1591 2409 ad·

534 2438 805 2490 sciverunt
844 2453 1000 2502 super.
1083 2439 1213 2490 Quae
1259 2438 1478 2488 varietas
1523 2455 1589 2489 ex

535 2519 842 2582 compendio
865 2517 1122 2567 scribendi
1143 2524 1260 2566 orta
1283 2525 1393 2579 est;
1423 2531 1588 2582 neque

532 2607 649 2642 raro
695 2593 816 2642 alibi
860 2596 1020 2643 etiam
1058 2591 1399 2652 observatum
1445 2607 1494 2640 v.
1534 2608 1586 2655 g.

535 2668 668 2733 apud
714 2670 927 2718 Sueton.
966 2669 1098 2729 Aug.
1147 2672 1227 2717 35.
1273 2671 1355 2718 88.
1404 2672 1488 2717 43.
1527 2676 1584 2718 et

532 2746 742 2809 passim.
787 2746 1041 2811 Equidem
1064 2747 1217 2798 Laur.
1240 2746 1390 2795 Valla
1428 2747 1584 2810 Eleg.

530 2836 597 2873 11.
628 2826 708 2872 53.
744 2821 1017 2872 discrimen
1052 2820 1440 2886 significationis
1479 2832 1581 2873 sta-

529 2899 634 2949 tuit
669 2900 808 2950 inter
833 2901 1110 2964 particulas
1144 2915 1283 2963 super
1317 2908 1372 2951 et
1403 2916 1581 2964 supra:

528 2977 546 3005 ⁸
564 2976 714 3026 Licet
733 2977 812 3025 hae
835 2976 1261 3040 praepositiones,'
1282 2977 1468 3043 inquit,
1491 2984 1507 3006 ‘
1526 2979 1580 3028 in

531 3054 713 3104 eodem
760 3057 870 3103 loco
908 3053 1091 3103 sedere
1137 3054 1372 3116 possint;
1408 3063 1581 3104 temen

530 3132 584 3181 iu
607 3132 702 3182 hoc
726 3132 1027 3197 plerumque
1051 3129 1317 3193 differunt,
1341 3133 1479 3196 quod
1501 3148 1581 3182 su·

523 3223 615 3272 per
647 3211 949 3274 contiguum
986 3216 1099 3270 est3
1133 3223 1276 3272 snpra
1306 3209 1581 3271 interjecto

529 3286 725 3351 spati03
751 3294 825 3348 ut,
841 3285 1016 3336 ‘sedeo
1035 3300 1188 3349 super
1211 3284 1451 3350 lapidem’
1472 3301 1578 3335 ma·

527 3362 603 3425 gis
625 3377 777 3428 quam
814 3364 1007 3428 ‘supra
1045 3362 1304 3426 lapidem!
1368 3363 1580 3420 Rursus,

528 3438 736 3503 ‘aquila
768 3440 944 3501 volat,’
988 3441 1070 3489 vel
1113 3440 1309 3489 ‘nubes
1348 3439 1578 3503 pendent

528 3529 686 3577 supra
708 3515 837 3577 nos,'
860 3517 1028 3580 potius
1053 3531 1202 3581 quam
1226 3518 1241 3544 ‘
1262 3530 1418 3579 super
1447 3515 1577 3565 nos.'

526 3590 652 3639 Non
679 3598 847 3639 tamen
871 3590 946 3641 sic
979 3590 1216 3654 semper.'
1284 3591 1353 3640 Et
1376 3591 1572 3642 Auson.

527 3664 725 3729 Popma
748 3666 813 3715 de
839 3664 1114 3716 Different.
1135 3666 1352 3716 Verbor.
1377 3667 1464 3717 lib.
1495 3683 1576 3718 ιν.

528 3742 543 3770 ⁸
565 3741 758 3807 Supra,’
803 3742 985 3807 inquit,
1018 3743 1034 3769 ‘
1065 3742 1203 3807 quod
1251 3745 1570 3796 substratum

524 3820 718 3884 aliquid
756 3818 1115 3881 babet;·super
1148 3827 1247 3881 est,
1272 3820 1407 3885 quod
1450 3823 1577 3872 emi·

525 3895 654 3946 net!
708 3896 918 3949 Verum,
942 3905 1133 3959 praeter
1156 3895 1303 3958 alios,
1313 3896 1423 3960 jam
1439 3899 1574 3948 Bur-

526 3988 761 4035 mannus,
786 3973 849 4022 ad
883 3972 1175 4023 Nemesiani
1199 3973 1380 4037 Eclog.
1413 3988 1500 4024 ιιι.
1522 3980 1574 4025 5.

523 4050 676 4099 valde
694 4049 915 4112 dubitat,
938 4064 1001 4098 an
1023 4049 1119 4098 hoc
1137 4048 1413 4099 discrimen
1440 4064 1573 4100 sem-

524 4141 622 4189 per
641 4127 968 4176 observarint
985 4133 1188 4177 veteres
1205 4144 1220 4177 z
1245 4135 1389 4179 certe
1401 4135 1573 4188 notat,

525 4203 727 4252 Livium
757 4217 941 4253 xxxu.
964 4206 1043 4254 11.
1077 4203 1130 4253 in
1156 4204 1338 4254 eodem
1377 4205 1572 4268 capite,

521 4286 537 4307 ‘
557 4292 713 4343 supra
733 4280 924 4346 caput,'
957 4285 1015 4330 et
1044 4281 1229 4347 ‘super
1247 4281 1442 4346 caput,'
1460 4280 1572 4331 dix·

1229 370 1444 420 No'rAE
1493 367 1834 419 vantem]
1850 370 1901 417 Μ
1948 369 2026 418 m

1680 513 1812 573 isse3
1859 521 1912 563 et
1950 526 2084 563 παν.
2125 515 2203 562 18.
2233 510 2537 577 ‘Crispinus
2576 528 2732 579 supra

1678 602 1878 641 scutum
1931 591 2190 640 sinistrum
2246 590 2516 640 humerum
2564 590 2729 642 Badio

1675 668 1824 718 hasta
1862 666 2137 725 transfixit,
2173 682 2428 732 superque
2465 669 2729 734 delapsum

1676 760 1789 795 cum
1815 746 2024 795 vnlnere
2049 759 2114 794 ex
2136 759 2269 809 equo
2287 745 2532 794 desiluit.'
2599 747 2723 796 Cum

1676 838 1802 887 ergo
1838 823 1953 872 istae
1993 823 2260 887 particulae
2283 837 2422 887 saepe
2442 823 2727 886 promiscue

1675 908 1974 962 sumantur3
2009 901 2146 949 inter
2181 905 2259 948 tot
2296 901 2573 950 varietates
2599 898 2727 949 diffi-

1675 976 1772 1024 cile
1793 977 1936 1025 dictu
1961 984 2061 1038 est,
2084 991 2196 1040 quae
2222 977 2379 1026 lectio
2413 976 2515 1040 ipsi
2552 976 2724 1026 Plinio

1674 1051 1941 1101 debeatur.
1994 1052 2057 1101 Id
2083 1053 2266 1101 saltem
2291 1051 2477 1113 fateor,
2498 1052 2723 1104 Plinium

1672 1129 1840 1190 ipsum
1868 1143 1969 1177 non
1994 1128 2158 1177 videri
2185 1129 2303 1177 mihi
2341 1131 2518 1180 statim
2553 1132 2605 1178 in
2643 1143 2726 1178 es·

1673 1202 1790 1251 dem
1829 1218 1903 1260 re,
1941 1205 2225 1270 eodemque
2257 1205 2525 1255 verborum
2569 1221 2722 1264 nexu,

1672 1279 1794 1329 istas
1818 1283 2099 1344 particulas
2125 1282 2366 1343 variasse,
2404 1290 2554 1347 prout
2588 1297 2721 1332 nunc

1670 1355 1720 1404 in
1745 1357 1973 1420 plurimis
2008 1358 2275 1408 codicibus
2299 1360 2424 1408 Mes.
2446 1366 2502 1409 et
2538 1360 2590 1408 in
2630 1362 2719 1410 ali·

1667 1442 1794 1498 quot
1817 1436 2125 1485 editionibus
2148 1436 2716 1500 deprehenduntur‚sed

1669 1515 1840 1575 potins
1865 1512 2129 1578 utrinqne,
2159 1515 2237 1563 vel
2274 1529 2429 1577 super,
2456 1515 2534 1563 vel
2562 1530 2719 1578 snpra,

1667 1590 1915 1651 posuisse.
1986 1590 2267 1655 Ambiguus
2311 1591 2467 1652 igitur
2510 1592 2718 1654 haereo3

1668 1679 1781 1713 cum
1807 1682 1902 1716 nec
1928 1668 2165 1717 lubenter
2184 1667 2427 1716 damnare
2455 1668 2605 1716 velim
2639 1685 2719 1718 n·

1663 1757 1767 1804 per,
1788 1757 1884 1792 nec
1910 1744 2128 1807 rejicere
2155 1758 2309 1807 upra.
2374 1742 2591 1792 Interim
2623 1746 2717 1794 boc

1668 1821 1928 1882 posterius
1964 1828 2182 1885 utroque
2218 1822 2329 1870 loco
2362 1821 2563 1882 admisi,
2596 1823 2713 1886 quia

1667 1896 1775 1958 ejus
1819 1893 2221 1960 frequentiorem
2269 1910 2415 1945 usum
2466 1897 2520 1945 in
2564 1897 2715 1947 simili

1666 1983 1984 2037 argumento,
2022 1973 2089 2023 de
2127 1973 2392 2037 superiore
2431 1974 2629 2024 virtute
2661 1981 2714 2024 et

1667 2056 1949 2112 potestate,
1989 2049 2362 2099 animadverto.
2427 2052 2614 2100 Cicero
2649 2050 2731 2101 ad'

1666 2126 1813 2177 Brut.
1837 2127 2006 2190 Epist.
2033 2131 2111 2176 17.
2135 2128 2151 2154 ‘
2169 2127 2425 2191 cumipse
2447 2142 2505 2178 re
2524 2128 2713 2179 bellum

1667 2216 1859 2265 geram,
1880 2203 1977 2253 hoc
2000 2209 2098 2268 est,
2121 2218 2235 2252 cum
2270 2218 2450 2268 regno,
2471 2214 2525 2254 et
2548 2206 2712 2269 impe·

1665 2280 1752 2329 riis
1788 2280 2221 2338 extraordinariis,
2259 2289 2314 2331 et
2346 2282 2715 2340 dominatione,

1666 2365 1722 2406 et
1750 2359 1979 2421 potentia
2003 2373 2118 2422 quae
2157 2373 2314 2422 snpra
2347 2360 2490 2424 leges
2520 2374 2579 2410 se
2602 2376 2715 2411 esse

1665 2433 1828 2485 velit!
1912 2435 2163 2487 Quinctil.
2221 2438 2453 2486 Declam.
2491 2451 2718 2502 congri.

1665 2520 1680 2540 ‘
1699 2512 1829 2561 Ideo
1868 2528 2100 2577 magnam
2124 2528 2237 2563 esse
2259 2515 2483 2565 virorum
2504 2514 2714 2566 fortium

1662 2596 2007 2652 potestatem;
2042 2591 2163 2654 qnia
2195 2606 2353 2654 supra
2378 2592 2501 2655 jura
2539 2593 2714 2643 omnia

1658 2665 1763 2715 sit.'
1804 2666 1949 2715 Idem
1975 2667 2206 2716 Deciani.
2230 2680 2488 2718 chxxiv.
2519 2670 2712 2720 ‘Exuit

1657 2757 1713 2791 se
1750 2750 2013 2807 tyrannus,
2059 2750 2115 2793 et
2155 2745 2341 2808 erigit3
2379 2758 2532 2808 snpra
2568 2746 2710 2810 leges

1657 2819 1912 2883 ponendo,
1930 2829 2078 2870 extra
2100 2821 2209 2870 illas
2234 2836 2288 2869 se
2310 2821 2513 2885 posuit!
2569 2822 2710 2874 Pliu.

1656 2897 1826 2960 Epist.
1849 2910 1885 2945 1.
1909 2901 1991 2945 20.
2024 2904 2037 2927 ·
2058 2896 2178 2946 Non
2202 2897 2366 2946 minus
2403 2912 2505 2948 non
2534 2907 2712 2950 servet

1655 2972 1882 3033 modum,
1906 2973 1995 3037 qui
2021 2971 2151 3021 infre
2178 2986 2307 3035 rem,
2327 2988 2480 3039 quam
2502 2977 2592 3039 qui
2623 2991 2706 3027 su·

1655 3062 1783 3111 pra3
1814 3048 1901 3112 qni
1942 3048 2257 3108 adstrictius,
2280 3064 2433 3113 quam
2456 3052 2543 3115 qui
2579 3051 2708 3103 effu-

1654 3124 1775 3188 sius,
1820 3122 1986 3173 dicit.’
2051 3124 2124 3173 At
2159 3138 2260 3173 nou
2301 3139 2451 3189 nego,
2481 3126 2706 3178 Plinium

1654 3201 1813 3250 etiam
1832 3200 1911 3249 his
1934 3203 1986 3251 in
2009 3202 2163 3251 rebus
2187 3203 2608 3266 prepositionem
2629 3204 2708 3256 sit-

1652 3294 1737 3341 per
1760 3293 2037 3342 usurpare:
2061 3280 2264 3343 Paneg.
2287 3283 2426 3329 c.24.
2441 3281 2457 3307 ⁸
2477 3280 2709 3347 Emines‚

1654 3357 1885 3414 excellis,
1910 3364 1970 3406 ut
1999 3354 2179 3412 honor,
2217 3363 2275 3406 nt
2310 3363 2568 3421 potestas,
2591 3374 2707 3423 que

1653 3447 1811 3495 super
1879 3433 2108 3482 homines
2163 3432 2390 3496 quidem,
2441 3432 2706 3485 hominum

1653 3516 1776 3558 sunt
1811 3508 2021 3558 tamen!
2089 3509 2351 3570 Ceterum,
2384 3509 2436 3557 in
2468 3513 2708 3563 omnibus

1653 3586 1920 3636 codicibus
1959 3586 2084 3635 Mss.
2120 3593 2275 3650 atque
2312 3586 2363 3634 iu
2399 3585 2710 3651 Cuspiniani

1652 3670 1706 3713 et
1724 3663 1945 3728 Grypbii
1959 3662 2291 3724 editionibus,
2305 3676 2527 3726 sequens
2549 3679 2710 3714 mem·

1652 3740 1820 3802 brum,
1857 3742 1981 3789 idem
2020 3737 2223 3797 Coesari,
2262 3752 2355 3800 per
2392 3740 2582 3802 copula
2620 3756 2708 3804 qne

1651 3831 1766 3865 cum
1793 3813 2203 3880 precedentibus
2228 3812 2302 3861 ita
2324 3820 2466 3862 recte
2482 3828 2706 3865 connec-

1650 3894 1795 3947 titur,
1829 3893 2044 3955 idemque
2081 3890 2281 3951 Caesari,
2315 3893 2397 3952 qe.
2427 3906 2546 3955 quae
2588 3909 2703 3956 par·

1648 3971 1806 4019 ticula
1857 3965 2134 4032 copulandi
2179 3966 2335 4016 etiam
2391 3969 2594 4031 placuit
2627 3971 2706 4021 cl.

1648 4046 1954 4097 Arntzenio.
1986 4046 2137 4094 Idem.

1714 4124 1875 4187 Supra
1893 4119 2178 4188 principem]
2209 4120 2380 4185 Magis
2403 4121 2701 4175 Plinisnnm

1646 4202 1783 4266 quod
1820 4204 1871 4252 iu
1910 4202 1980 4250 V.
2014 4202 2073 4252 C.
2109 4207 2208 4259 est,
2249 4215 2389 4265 super
2421 4205 2700 4269 principem.

1646 4280 1836 4345 Supra,
1885 4278 1981 4329 ‘ut
2023 4283 2223 4329 tautum
2266 4292 2425 4343 super
2476 4290 2701 4345 ceteros,
