<?xml version="1.0" encoding="UTF-8"?>
<!DOCTYPE html PUBLIC "-//W3C//DTD XHTML 1.0 Transitional//EN"
    "http://www.w3.org/TR/xhtml1/DTD/xhtml1-transitional.dtd">
<html xmlns="http://www.w3.org/1999/xhtml" xml:lang="en" lang="en">
 <head>
  <title>
</title>
<meta http-equiv="Content-Type" content="text/html;charset=utf-8" />
  <meta name='ocr-system' content='tesseract 3.04.00' />
  <meta name='ocr-capabilities' content='ocr_page ocr_carea ocr_par ocr_line ocrx_word'/>
</head>
<body>
  <div class='ocr_page' id='page_1' title='image "./panegyriciveter02unkngoog_0576.png"; bbox 0 0 3060 4902; ppageno 0'>
   <div class='ocr_carea' id='block_1_1' title="bbox 546 361 721 429">
    <p class='ocr_par' dir='ltr' id='par_1_1' title="bbox 546 361 721 429">
     <span class='ocr_line' id='line_1_1' title="bbox 546 361 721 429; baseline 0.011 -2"><span class='ocrx_word' id='word_1_1' title='bbox 546 361 721 429; x_wconf 83' lang='lat'><strong>1030</strong></span> 
     </span>
    </p>
   </div>
   <div class='ocr_carea' id='block_1_2' title="bbox 544 519 1636 4342">
    <p class='ocr_par' dir='ltr' id='par_1_2' title="bbox 544 519 1617 2034">
     <span class='ocr_line' id='line_1_2' title="bbox 545 519 1606 585; baseline 0.006 -16"><span class='ocrx_word' id='word_1_2' title='bbox 545 519 703 583; x_wconf 81' lang='lat' dir='ltr'>festu,</span> <span class='ocrx_word' id='word_1_3' title='bbox 746 521 1057 585; x_wconf 84' lang='lat' dir='ltr'>conjunctus</span> <span class='ocrx_word' id='word_1_4' title='bbox 1101 532 1203 585; x_wconf 84' lang='lat' dir='ltr'>est,</span> <span class='ocrx_word' id='word_1_5' title='bbox 1248 532 1304 575; x_wconf 89' lang='lat' dir='ltr'>et</span> <span class='ocrx_word' id='word_1_6' title='bbox 1348 526 1606 576; x_wconf 85' lang='lat' dir='ltr'>incessum</span> 
     </span>
     <span class='ocr_line' id='line_1_3' title="bbox 544 597 1606 659; baseline 0.007 -14"><span class='ocrx_word' id='word_1_7' title='bbox 544 597 808 659; x_wconf 73' lang='lat' dir='ltr'>nobilium,</span> <span class='ocrx_word' id='word_1_8' title='bbox 826 613 887 647; x_wconf 86' lang='lat' dir='ltr'>ae</span> <span class='ocrx_word' id='word_1_9' title='bbox 910 601 1140 649; x_wconf 81' lang='lat' dir='ltr'>Deorum</span> <span class='ocrx_word' id='word_1_10' title='bbox 1163 603 1477 659; x_wconf 82' lang='lat' dir='ltr'>Dearumve‚</span> <span class='ocrx_word' id='word_1_11' title='bbox 1497 604 1606 652; x_wconf 88' lang='lat' dir='ltr'>imi-</span> 
     </span>
     <span class='ocr_line' id='line_1_4' title="bbox 546 675 1609 742; baseline 0.005 -18"><span class='ocrx_word' id='word_1_12' title='bbox 546 682 709 724; x_wconf 85' lang='lat' dir='ltr'>tatur.</span> <span class='ocrx_word' id='word_1_13' title='bbox 742 675 827 725; x_wconf 79' lang='lat' dir='ltr'>Sic</span> <span class='ocrx_word' id='word_1_14' title='bbox 847 675 1058 727; x_wconf 77' lang='lat' dir='ltr'><strong>Sallust.</strong></span> <span class='ocrx_word' id='word_1_15' title='bbox 1081 677 1204 741; x_wconf 80' lang='lat' dir='ltr'>Jug.</span> <span class='ocrx_word' id='word_1_16' title='bbox 1226 693 1342 742; x_wconf 89' lang='lat' dir='ltr'>cap.</span> <span class='ocrx_word' id='word_1_17' title='bbox 1366 683 1446 728; x_wconf 72' lang='lat' dir='ltr'>st.</span> <span class='ocrx_word' id='word_1_18' title='bbox 1480 686 1494 708; x_wconf 84' lang='grc'>·</span> <span class='ocrx_word' id='word_1_19' title='bbox 1521 678 1609 729; x_wconf 84' lang='lat' dir='ltr'>In·</span> 
     </span>
     <span class='ocr_line' id='line_1_5' title="bbox 547 748 1611 819; baseline 0.006 -20"><span class='ocrx_word' id='word_1_20' title='bbox 547 748 743 799; x_wconf 79' lang='lat' dir='ltr'>cedunt</span> <span class='ocrx_word' id='word_1_21' title='bbox 796 765 892 814; x_wconf 86' lang='lat' dir='ltr'>per</span> <span class='ocrx_word' id='word_1_22' title='bbox 934 767 1026 802; x_wconf 86' lang='lat' dir='ltr'>ora</span> <span class='ocrx_word' id='word_1_23' title='bbox 1084 763 1251 804; x_wconf 84' lang='lat' dir='ltr'>vestra</span> <span class='ocrx_word' id='word_1_24' title='bbox 1306 756 1611 819; x_wconf 63' lang='lat' dir='ltr'>magnifice!</span> 
     </span>
     <span class='ocr_line' id='line_1_6' title="bbox 547 829 1608 892; baseline 0.008 -16"><span class='ocrx_word' id='word_1_25' title='bbox 547 829 735 892; x_wconf 76' lang='lat' dir='ltr'>Vis-gil.</span> <span class='ocrx_word' id='word_1_26' title='bbox 760 830 875 880; x_wconf 83' lang='lat' dir='ltr'>AEn.</span> <span class='ocrx_word' id='word_1_27' title='bbox 905 845 943 880; x_wconf 82' lang='grc' dir='ltr'>ι.</span> <span class='ocrx_word' id='word_1_28' title='bbox 977 837 1092 881; x_wconf 79' lang='grc'><strong>405.</strong></span> <span class='ocrx_word' id='word_1_29' title='bbox 1129 833 1195 882; x_wconf 91' lang='lat' dir='ltr'>de</span> <span class='ocrx_word' id='word_1_30' title='bbox 1229 834 1461 885; x_wconf 78' lang='lat' dir='ltr'>Venere:</span> <span class='ocrx_word' id='word_1_31' title='bbox 1495 837 1512 863; x_wconf 90' lang='lat'>‘</span> <span class='ocrx_word' id='word_1_32' title='bbox 1537 837 1608 885; x_wconf 87' lang='lat' dir='ltr'>Et</span> 
     </span>
     <span class='ocr_line' id='line_1_7' title="bbox 546 906 1611 971; baseline 0.007 -18"><span class='ocrx_word' id='word_1_33' title='bbox 546 919 672 955; x_wconf 81' lang='lat' dir='ltr'>vera</span> <span class='ocrx_word' id='word_1_34' title='bbox 690 906 893 956; x_wconf 85' lang='lat' dir='ltr'>incessu</span> <span class='ocrx_word' id='word_1_35' title='bbox 915 911 1083 971; x_wconf 85' lang='lat' dir='ltr'>patuit</span> <span class='ocrx_word' id='word_1_36' title='bbox 1101 910 1250 961; x_wconf 65' lang='lat' dir='ltr'>Dea!</span> <span class='ocrx_word' id='word_1_37' title='bbox 1281 911 1416 961; x_wconf 89' lang='lat' dir='ltr'>Ibid.</span> <span class='ocrx_word' id='word_1_38' title='bbox 1441 928 1513 964; x_wconf 83' lang='lat' dir='ltr'>vs.</span> <span class='ocrx_word' id='word_1_39' title='bbox 1528 918 1611 963; x_wconf 80' lang='grc'>46.</span> 
     </span>
     <span class='ocr_line' id='line_1_8' title="bbox 547 983 1607 1052; baseline 0.008 -20"><span class='ocrx_word' id='word_1_40' title='bbox 547 983 615 1033; x_wconf 81' lang='lat' dir='ltr'>de</span> <span class='ocrx_word' id='word_1_41' title='bbox 656 984 896 1036; x_wconf 82' lang='lat' dir='ltr'>Jnnone:</span> <span class='ocrx_word' id='word_1_42' title='bbox 932 987 947 1013; x_wconf 87' lang='lat'>‘</span> <span class='ocrx_word' id='word_1_43' title='bbox 973 986 1072 1036; x_wconf 85' lang='lat' dir='ltr'>Ast</span> <span class='ocrx_word' id='word_1_44' title='bbox 1109 1003 1226 1052; x_wconf 84' lang='lat' dir='ltr'>ego,</span> <span class='ocrx_word' id='word_1_45' title='bbox 1261 1005 1375 1051; x_wconf 80' lang='lat' dir='ltr'>quae</span> <span class='ocrx_word' id='word_1_46' title='bbox 1413 992 1607 1042; x_wconf 83' lang='lat' dir='ltr'>Divum</span> 
     </span>
     <span class='ocr_line' id='line_1_9' title="bbox 547 1062 1611 1130; baseline 0.008 -21"><span class='ocrx_word' id='word_1_47' title='bbox 547 1062 737 1111; x_wconf 85' lang='lat' dir='ltr'>incedo</span> <span class='ocrx_word' id='word_1_48' title='bbox 764 1064 961 1126; x_wconf 81' lang='lat' dir='ltr'>regina,</span> <span class='ocrx_word' id='word_1_49' title='bbox 993 1064 1240 1130; x_wconf 80' lang='lat' dir='ltr'>Jovisque</span> <span class='ocrx_word' id='word_1_50' title='bbox 1268 1068 1334 1115; x_wconf 88' lang='lat' dir='ltr'>Et</span> <span class='ocrx_word' id='word_1_51' title='bbox 1360 1083 1522 1125; x_wconf 85' lang='lat' dir='ltr'>soror,</span> <span class='ocrx_word' id='word_1_52' title='bbox 1555 1077 1611 1117; x_wconf 91' lang='lat' dir='ltr'>et</span> 
     </span>
     <span class='ocr_line' id='line_1_10' title="bbox 548 1139 1611 1206; baseline 0.007 -18"><span class='ocrx_word' id='word_1_53' title='bbox 548 1139 782 1203; x_wconf 64' lang='lat' dir='ltr'>conjux!</span> <span class='ocrx_word' id='word_1_54' title='bbox 862 1141 1169 1191; x_wconf 85' lang='lat' dir='ltr'>Indicabant</span> <span class='ocrx_word' id='word_1_55' title='bbox 1211 1144 1346 1193; x_wconf 88' lang='lat' dir='ltr'>enim</span> <span class='ocrx_word' id='word_1_56' title='bbox 1385 1156 1611 1206; x_wconf 78' lang='lat' dir='ltr'>veteres,</span> 
     </span>
     <span class='ocr_line' id='line_1_11' title="bbox 547 1214 1612 1285; baseline 0.005 -19"><span class='ocrx_word' id='word_1_57' title='bbox 547 1223 766 1267; x_wconf 87' lang='lat' dir='ltr'>notante</span> <span class='ocrx_word' id='word_1_58' title='bbox 780 1219 1130 1280; x_wconf 87' lang='lat' dir='ltr'>Taubmanno,</span> <span class='ocrx_word' id='word_1_59' title='bbox 1147 1221 1181 1272; x_wconf 84' lang='lat' dir='ltr'>J</span> <span class='ocrx_word' id='word_1_60' title='bbox 1187 1234 1401 1271; x_wconf 86' lang='lat' dir='ltr'>uuouem</span> <span class='ocrx_word' id='word_1_61' title='bbox 1423 1214 1612 1285; x_wconf 73' lang='lat' dir='ltr'>insigni</span> 
     </span>
     <span class='ocr_line' id='line_1_12' title="bbox 549 1295 1612 1364; baseline 0.008 -23"><span class='ocrx_word' id='word_1_62' title='bbox 549 1295 769 1358; x_wconf 85' lang='lat' dir='ltr'>quadam</span> <span class='ocrx_word' id='word_1_63' title='bbox 804 1296 1075 1359; x_wconf 82' lang='lat' dir='ltr'>majestate</span> <span class='ocrx_word' id='word_1_64' title='bbox 1110 1299 1340 1348; x_wconf 85' lang='lat' dir='ltr'>incessus</span> <span class='ocrx_word' id='word_1_65' title='bbox 1378 1300 1612 1364; x_wconf 78' lang='lat' dir='ltr'>ingredi;</span> 
     </span>
     <span class='ocr_line' id='line_1_13' title="bbox 551 1371 1614 1435; baseline 0.006 -15"><span class='ocrx_word' id='word_1_66' title='bbox 551 1371 688 1420; x_wconf 89' lang='lat' dir='ltr'>unde</span> <span class='ocrx_word' id='word_1_67' title='bbox 715 1373 1063 1435; x_wconf 82' lang='lat' dir='ltr'>proverbium,</span> <span class='ocrx_word' id='word_1_68' title='bbox 1096 1381 1111 1402; x_wconf 81' lang='lat'><em>‘</em></span> <span class='ocrx_word' id='word_1_69' title='bbox 1134 1375 1362 1426; x_wconf 84' lang='lat' dir='ltr'>Junonio</span> <span class='ocrx_word' id='word_1_70' title='bbox 1385 1376 1614 1427; x_wconf 86' lang='lat' dir='ltr'>incessn&#39;</span> 
     </span>
     <span class='ocr_line' id='line_1_14' title="bbox 551 1448 1613 1517; baseline 0.008 -21"><span class='ocrx_word' id='word_1_71' title='bbox 551 1448 833 1498; x_wconf 83' lang='lat' dir='ltr'>ambulare.</span> <span class='ocrx_word' id='word_1_72' title='bbox 906 1449 1040 1500; x_wconf 83' lang='lat' dir='ltr'>Illud</span> <span class='ocrx_word' id='word_1_73' title='bbox 1069 1459 1240 1501; x_wconf 87' lang='lat' dir='ltr'>tamen</span> <span class='ocrx_word' id='word_1_74' title='bbox 1267 1469 1366 1503; x_wconf 90' lang='lat' dir='ltr'>nou</span> <span class='ocrx_word' id='word_1_75' title='bbox 1391 1463 1470 1505; x_wconf 88' lang='lat' dir='ltr'>est</span> <span class='ocrx_word' id='word_1_76' title='bbox 1496 1470 1613 1517; x_wconf 87' lang='lat' dir='ltr'>per-</span> 
     </span>
     <span class='ocr_line' id='line_1_15' title="bbox 550 1529 1617 1588; baseline 0.007 -15"><span class='ocrx_word' id='word_1_77' title='bbox 550 1533 799 1588; x_wconf 84' lang='lat' dir='ltr'>petuum;</span> <span class='ocrx_word' id='word_1_78' title='bbox 836 1540 950 1575; x_wconf 83' lang='lat' dir='ltr'>nam</span> <span class='ocrx_word' id='word_1_79' title='bbox 975 1529 1226 1579; x_wconf 86' lang='lat' dir='ltr'>Quinctil.</span> <span class='ocrx_word' id='word_1_80' title='bbox 1262 1531 1441 1580; x_wconf 91' lang='lat' dir='ltr'>Instit.</span> <span class='ocrx_word' id='word_1_81' title='bbox 1466 1532 1617 1581; x_wconf 86' lang='lat' dir='ltr'>Orat.</span> 
     </span>
     <span class='ocr_line' id='line_1_16' title="bbox 552 1603 1614 1667; baseline 0.009 -20"><span class='ocrx_word' id='word_1_82' title='bbox 552 1615 605 1650; x_wconf 87' lang='lat' dir='ltr'>v.</span> <span class='ocrx_word' id='word_1_83' title='bbox 630 1607 677 1650; x_wconf 86' lang='lat'>9.</span> <span class='ocrx_word' id='word_1_84' title='bbox 700 1603 855 1652; x_wconf 87' lang='lat' dir='ltr'>etiam</span> <span class='ocrx_word' id='word_1_85' title='bbox 879 1603 1167 1654; x_wconf 88' lang='lat' dir='ltr'>‘incessum</span> <span class='ocrx_word' id='word_1_86' title='bbox 1190 1603 1405 1655; x_wconf 85' lang='lat' dir='ltr'>fractum</span> <span class='ocrx_word' id='word_1_87' title='bbox 1422 1606 1438 1628; x_wconf 75' lang='lat'><strong><em>⁹</em></strong></span> <span class='ocrx_word' id='word_1_88' title='bbox 1460 1607 1614 1667; x_wconf 81' lang='lat' dir='ltr'>dixit,</span> 
     </span>
     <span class='ocr_line' id='line_1_17' title="bbox 551 1678 1613 1745; baseline 0.008 -20"><span class='ocrx_word' id='word_1_89' title='bbox 551 1678 788 1744; x_wconf 82' lang='lat' dir='ltr'>huncque</span> <span class='ocrx_word' id='word_1_90' title='bbox 834 1681 968 1729; x_wconf 87' lang='lat' dir='ltr'>iuter</span> <span class='ocrx_word' id='word_1_91' title='bbox 1006 1683 1174 1730; x_wconf 87' lang='lat' dir='ltr'>mollis</span> <span class='ocrx_word' id='word_1_92' title='bbox 1210 1688 1263 1731; x_wconf 91' lang='lat' dir='ltr'>et</span> <span class='ocrx_word' id='word_1_93' title='bbox 1302 1697 1481 1745; x_wconf 82' lang='lat' dir='ltr'>parum</span> <span class='ocrx_word' id='word_1_94' title='bbox 1517 1685 1613 1734; x_wconf 87' lang='lat' dir='ltr'>viri</span> 
     </span>
     <span class='ocr_line' id='line_1_18' title="bbox 548 1756 1611 1825; baseline 0.009 -23"><span class='ocrx_word' id='word_1_95' title='bbox 548 1756 692 1819; x_wconf 82' lang='lat' dir='ltr'>signa</span> <span class='ocrx_word' id='word_1_96' title='bbox 739 1758 935 1808; x_wconf 86' lang='lat' dir='ltr'>retulit.</span> <span class='ocrx_word' id='word_1_97' title='bbox 1019 1761 1101 1809; x_wconf 86' lang='lat' dir='ltr'>Ex</span> <span class='ocrx_word' id='word_1_98' title='bbox 1147 1768 1160 1789; x_wconf 81' lang='lat'><em>⁶</em></span> <span class='ocrx_word' id='word_1_99' title='bbox 1200 1762 1341 1810; x_wconf 79' lang='lat' dir='ltr'>vultu</span> <span class='ocrx_word' id='word_1_100' title='bbox 1363 1760 1378 1783; x_wconf 79' lang='lat'><strong><em>⁹</em></strong></span> <span class='ocrx_word' id='word_1_101' title='bbox 1422 1771 1611 1825; x_wconf 86' lang='lat' dir='ltr'>autern,</span> 
     </span>
     <span class='ocr_line' id='line_1_19' title="bbox 552 1834 1614 1901; baseline 0.008 -20"><span class='ocrx_word' id='word_1_102' title='bbox 552 1836 567 1860; x_wconf 88' lang='lat'>‘</span> <span class='ocrx_word' id='word_1_103' title='bbox 593 1834 944 1900; x_wconf 70' lang='lat' dir='ltr'>ingressuque,</span> <span class='ocrx_word' id='word_1_104' title='bbox 980 1838 1208 1901; x_wconf 74' lang='lat' dir='ltr'>perspici</span> <span class='ocrx_word' id='word_1_105' title='bbox 1245 1839 1475 1889; x_wconf 87' lang='lat' dir='ltr'>habitum</span> <span class='ocrx_word' id='word_1_106' title='bbox 1509 1842 1614 1890; x_wconf 86' lang='lat' dir='ltr'>ani·</span> 
     </span>
     <span class='ocr_line' id='line_1_20' title="bbox 547 1911 1616 1977; baseline 0.009 -20"><span class='ocrx_word' id='word_1_107' title='bbox 547 1911 785 1974; x_wconf 85' lang='lat' dir='ltr'>mornm,&#39;</span> <span class='ocrx_word' id='word_1_108' title='bbox 810 1913 942 1961; x_wconf 84' lang='lat' dir='ltr'>idem</span> <span class='ocrx_word' id='word_1_109' title='bbox 966 1913 1200 1977; x_wconf 77' lang='lat' dir='ltr'>tradidit,</span> <span class='ocrx_word' id='word_1_110' title='bbox 1222 1929 1300 1966; x_wconf 73' lang='lat' dir='ltr'>xi.</span> <span class='ocrx_word' id='word_1_111' title='bbox 1321 1921 1369 1965; x_wconf 75' lang='lat'>3.</span> <span class='ocrx_word' id='word_1_112' title='bbox 1392 1916 1616 1967; x_wconf 77' lang='lat' dir='ltr'>Schwar-</span> 
     </span>
     <span class='ocr_line' id='line_1_21' title="bbox 553 1999 671 2034; baseline 0 -1"><span class='ocrx_word' id='word_1_113' title='bbox 553 1999 671 2034; x_wconf 69' lang='lat' dir='ltr'>stus.</span> 
     </span>
    </p>

    <p class='ocr_par' dir='ltr' id='par_1_3' title="bbox 554 2063 1622 2651">
     <span class='ocr_line' id='line_1_22' title="bbox 617 2063 1618 2135; baseline 0.009 -24"><span class='ocrx_word' id='word_1_114' title='bbox 617 2063 808 2130; x_wconf 78' lang='lat' dir='ltr'>Sufficit</span> <span class='ocrx_word' id='word_1_115' title='bbox 844 2065 1055 2129; x_wconf 82' lang='lat' dir='ltr'>obsequii</span> <span class='ocrx_word' id='word_1_116' title='bbox 1082 2068 1267 2135; x_wconf 80' lang='lat' dir='ltr'>gloria]</span> <span class='ocrx_word' id='word_1_117' title='bbox 1306 2068 1618 2122; x_wconf 67' lang='lat' dir='ltr'>Manifestus</span> 
     </span>
     <span class='ocr_line' id='line_1_23' title="bbox 554 2142 1618 2212; baseline 0.008 -24"><span class='ocrx_word' id='word_1_118' title='bbox 554 2147 637 2189; x_wconf 87' lang='lat' dir='ltr'>est</span> <span class='ocrx_word' id='word_1_119' title='bbox 661 2154 806 2190; x_wconf 88' lang='lat' dir='ltr'>error</span> <span class='ocrx_word' id='word_1_120' title='bbox 838 2142 1033 2192; x_wconf 89' lang='lat' dir='ltr'>librarii</span> <span class='ocrx_word' id='word_1_121' title='bbox 1059 2145 1108 2192; x_wconf 91' lang='lat' dir='ltr'>in</span> <span class='ocrx_word' id='word_1_122' title='bbox 1135 2147 1314 2195; x_wconf 88' lang='lat' dir='ltr'>codice</span> <span class='ocrx_word' id='word_1_123' title='bbox 1341 2148 1618 2212; x_wconf 78' lang='lat' dir='ltr'>Patavino,</span> 
     </span>
     <span class='ocr_line' id='line_1_24' title="bbox 555 2215 1620 2284; baseline 0.008 -19"><span class='ocrx_word' id='word_1_124' title='bbox 555 2224 611 2266; x_wconf 89' lang='lat' dir='ltr'>et</span> <span class='ocrx_word' id='word_1_125' title='bbox 654 2215 829 2267; x_wconf 81' lang='lat' dir='ltr'>Aldini</span> <span class='ocrx_word' id='word_1_126' title='bbox 876 2222 1205 2284; x_wconf 72' lang='lat' dir='ltr'>typographi,</span> <span class='ocrx_word' id='word_1_127' title='bbox 1259 2222 1310 2271; x_wconf 89' lang='lat' dir='ltr'>in</span> <span class='ocrx_word' id='word_1_128' title='bbox 1367 2225 1494 2274; x_wconf 90' lang='lat' dir='ltr'>edit.</span> <span class='ocrx_word' id='word_1_129' title='bbox 1537 2241 1620 2275; x_wconf 86' lang='lat' dir='ltr'>an.</span> 
     </span>
     <span class='ocr_line' id='line_1_25' title="bbox 557 2293 1622 2363; baseline 0.008 -21"><span class='ocrx_word' id='word_1_130' title='bbox 557 2297 701 2342; x_wconf 77' lang='lat'><strong>1⁶18.</strong></span> <span class='ocrx_word' id='word_1_131' title='bbox 726 2293 812 2343; x_wconf 83' lang='lat' dir='ltr'>ubi</span> <span class='ocrx_word' id='word_1_132' title='bbox 831 2303 975 2344; x_wconf 80' lang='lat' dir='ltr'>extat</span> <span class='ocrx_word' id='word_1_133' title='bbox 993 2296 1197 2361; x_wconf 76' lang='lat' dir='ltr'>obsequi,</span> <span class='ocrx_word' id='word_1_134' title='bbox 1215 2308 1369 2363; x_wconf 85' lang='lat' dir='ltr'>atque</span> <span class='ocrx_word' id='word_1_135' title='bbox 1389 2301 1622 2363; x_wconf 79' lang='lat' dir='ltr'>incubuit,</span> 
     </span>
     <span class='ocr_line' id='line_1_26' title="bbox 556 2372 1618 2438; baseline 0.009 -20"><span class='ocrx_word' id='word_1_136' title='bbox 556 2372 691 2434; x_wconf 84' lang='lat' dir='ltr'>qnod</span> <span class='ocrx_word' id='word_1_137' title='bbox 718 2386 811 2434; x_wconf 89' lang='lat' dir='ltr'>pro</span> <span class='ocrx_word' id='word_1_138' title='bbox 834 2372 1002 2421; x_wconf 77' lang='lat' dir='ltr'>imbuit</span> <span class='ocrx_word' id='word_1_139' title='bbox 1033 2374 1228 2438; x_wconf 85' lang='lat' dir='ltr'>legitur</span> <span class='ocrx_word' id='word_1_140' title='bbox 1253 2377 1300 2426; x_wconf 86' lang='lat' dir='ltr'>in</span> <span class='ocrx_word' id='word_1_141' title='bbox 1329 2378 1618 2428; x_wconf 85' lang='lat' dir='ltr'>Kirchmai-</span> 
     </span>
     <span class='ocr_line' id='line_1_27' title="bbox 557 2449 1621 2518; baseline 0.01 -23"><span class='ocrx_word' id='word_1_142' title='bbox 557 2449 631 2495; x_wconf 89' lang='lat' dir='ltr'>eri</span> <span class='ocrx_word' id='word_1_143' title='bbox 657 2449 920 2510; x_wconf 88' lang='lat' dir='ltr'>editione;</span> <span class='ocrx_word' id='word_1_144' title='bbox 954 2466 1051 2501; x_wconf 88' lang='lat' dir='ltr'>nec</span> <span class='ocrx_word' id='word_1_145' title='bbox 1091 2454 1283 2515; x_wconf 85' lang='lat' dir='ltr'>placet,</span> <span class='ocrx_word' id='word_1_146' title='bbox 1317 2456 1451 2518; x_wconf 83' lang='lat' dir='ltr'>quod</span> <span class='ocrx_word' id='word_1_147' title='bbox 1489 2457 1621 2506; x_wconf 86' lang='lat' dir='ltr'>liber</span> 
     </span>
     <span class='ocr_line' id='line_1_28' title="bbox 556 2526 1620 2597; baseline 0.01 -24"><span class='ocrx_word' id='word_1_148' title='bbox 556 2526 840 2576; x_wconf 71' lang='lat' dir='ltr'>Vossianus</span> <span class='ocrx_word' id='word_1_149' title='bbox 874 2527 1051 2589; x_wconf 85' lang='lat' dir='ltr'>habet,</span> <span class='ocrx_word' id='word_1_150' title='bbox 1093 2532 1310 2590; x_wconf 79' lang='lat' dir='ltr'>instruit,</span> <span class='ocrx_word' id='word_1_151' title='bbox 1345 2548 1440 2597; x_wconf 82' lang='lat' dir='ltr'>pro</span> <span class='ocrx_word' id='word_1_152' title='bbox 1478 2534 1620 2583; x_wconf 76' lang='lat' dir='ltr'>insti·</span> 
     </span>
     <span class='ocr_line' id='line_1_29' title="bbox 560 2602 874 2651; baseline 0.013 -4"><span class='ocrx_word' id='word_1_153' title='bbox 560 2602 673 2648; x_wconf 74' lang='lat' dir='ltr'>tuit.</span> <span class='ocrx_word' id='word_1_154' title='bbox 710 2602 874 2651; x_wconf 85' lang='lat' dir='ltr'>Idem.</span> 
     </span>
    </p>

    <p class='ocr_par' dir='ltr' id='par_1_4' title="bbox 558 2679 1622 2891">
     <span class='ocr_line' id='line_1_30' title="bbox 628 2679 1621 2748; baseline 0.012 -23"><span class='ocrx_word' id='word_1_155' title='bbox 628 2679 854 2741; x_wconf 74' lang='lat' dir='ltr'>Obsequii</span> <span class='ocrx_word' id='word_1_156' title='bbox 870 2681 1054 2744; x_wconf 79' lang='lat' dir='ltr'>gloria]</span> <span class='ocrx_word' id='word_1_157' title='bbox 1076 2684 1227 2735; x_wconf 80' lang='lat' dir='ltr'>Quod</span> <span class='ocrx_word' id='word_1_158' title='bbox 1256 2688 1516 2748; x_wconf 86' lang='lat' dir='ltr'>proprium</span> <span class='ocrx_word' id='word_1_159' title='bbox 1544 2687 1621 2737; x_wconf 85' lang='lat' dir='ltr'>fe-</span> 
     </span>
     <span class='ocr_line' id='line_1_31' title="bbox 558 2753 1622 2825; baseline 0.011 -25"><span class='ocrx_word' id='word_1_160' title='bbox 558 2753 710 2802; x_wconf 78' lang='lat' dir='ltr'>minae</span> <span class='ocrx_word' id='word_1_161' title='bbox 733 2763 836 2817; x_wconf 89' lang='lat' dir='ltr'>est,</span> <span class='ocrx_word' id='word_1_162' title='bbox 865 2756 1046 2805; x_wconf 87' lang='lat' dir='ltr'>audire</span> <span class='ocrx_word' id='word_1_163' title='bbox 1072 2760 1312 2808; x_wconf 85' lang='lat' dir='ltr'>maritum</span> <span class='ocrx_word' id='word_1_164' title='bbox 1338 2771 1392 2811; x_wconf 89' lang='lat' dir='ltr'>et</span> <span class='ocrx_word' id='word_1_165' title='bbox 1419 2777 1622 2825; x_wconf 86' lang='lat' dir='ltr'>parere.</span> 
     </span>
     <span class='ocr_line' id='line_1_32' title="bbox 558 2827 695 2891; baseline 0 -16"><span class='ocrx_word' id='word_1_166' title='bbox 558 2827 695 2891; x_wconf 79' lang='lat' dir='ltr'>Lips.</span> 
     </span>
    </p>

    <p class='ocr_par' dir='ltr' id='par_1_5' title="bbox 553 2905 1626 3202">
     <span class='ocr_line' id='line_1_33' title="bbox 629 2905 1626 2975; baseline 0.011 -23"><span class='ocrx_word' id='word_1_167' title='bbox 629 2905 854 2969; x_wconf 74' lang='lat' dir='ltr'>Obsequii</span> <span class='ocrx_word' id='word_1_168' title='bbox 866 2907 1045 2971; x_wconf 77' lang='lat' dir='ltr'>gloria]</span> <span class='ocrx_word' id='word_1_169' title='bbox 1061 2908 1233 2958; x_wconf 85' lang='lat' dir='ltr'>Teren</span> <span class='ocrx_word' id='word_1_170' title='bbox 1241 2917 1279 2959; x_wconf 92' lang='lat' dir='ltr'>t.</span> <span class='ocrx_word' id='word_1_171' title='bbox 1301 2912 1436 2975; x_wconf 85' lang='lat' dir='ltr'>apud</span> <span class='ocrx_word' id='word_1_172' title='bbox 1452 2914 1626 2964; x_wconf 85' lang='lat' dir='ltr'>Tacit.</span> 
     </span>
     <span class='ocr_line' id='line_1_34' title="bbox 560 2981 1624 3040; baseline 0.007 -8"><span class='ocrx_word' id='word_1_173' title='bbox 560 2981 751 3032; x_wconf 76' lang='lat' dir='ltr'>Annal.</span> <span class='ocrx_word' id='word_1_174' title='bbox 776 2996 901 3033; x_wconf 78' lang='lat' dir='ltr'>vttt.</span> <span class='ocrx_word' id='word_1_175' title='bbox 925 2989 974 3033; x_wconf 87' lang='grc'>8.</span> <span class='ocrx_word' id='word_1_176' title='bbox 1006 2993 1020 3013; x_wconf 84' lang='grc'>·</span> <span class='ocrx_word' id='word_1_177' title='bbox 1040 2987 1153 3035; x_wconf 85' lang='lat' dir='ltr'>Tibi</span> <span class='ocrx_word' id='word_1_178' title='bbox 1178 3001 1429 3037; x_wconf 78' lang='lat' dir='ltr'>summurn</span> <span class='ocrx_word' id='word_1_179' title='bbox 1453 3004 1624 3040; x_wconf 84' lang='lat' dir='ltr'>rerum</span> 
     </span>
     <span class='ocr_line' id='line_1_35' title="bbox 553 3060 1623 3133; baseline 0.009 -26"><span class='ocrx_word' id='word_1_180' title='bbox 553 3060 803 3123; x_wconf 86' lang='lat' dir='ltr'>judicium</span> <span class='ocrx_word' id='word_1_181' title='bbox 832 3061 920 3110; x_wconf 89' lang='lat' dir='ltr'>Dii</span> <span class='ocrx_word' id='word_1_182' title='bbox 957 3063 1184 3112; x_wconf 59' lang='lat' dir='ltr'>dedere:</span> <span class='ocrx_word' id='word_1_183' title='bbox 1224 3065 1368 3115; x_wconf 86' lang='lat' dir='ltr'>nobis</span> <span class='ocrx_word' id='word_1_184' title='bbox 1391 3066 1623 3133; x_wconf 87' lang='lat' dir='ltr'>obsequii</span> 
     </span>
     <span class='ocr_line' id='line_1_36' title="bbox 563 3139 1258 3202; baseline 0.006 -16"><span class='ocrx_word' id='word_1_185' title='bbox 563 3139 726 3202; x_wconf 77' lang='lat' dir='ltr'>gloria</span> <span class='ocrx_word' id='word_1_186' title='bbox 750 3140 934 3188; x_wconf 86' lang='lat' dir='ltr'>relicta</span> <span class='ocrx_word' id='word_1_187' title='bbox 957 3140 1072 3189; x_wconf 86' lang='lat' dir='ltr'>est.’</span> <span class='ocrx_word' id='word_1_188' title='bbox 1108 3142 1258 3190; x_wconf 73' lang='lat' dir='ltr'>Bern-</span> 
     </span>
    </p>

    <p class='ocr_par' dir='ltr' id='par_1_6' title="bbox 561 3214 1629 3417">
     <span class='ocr_line' id='line_1_37' title="bbox 628 3214 1626 3282; baseline 0.009 -19"><span class='ocrx_word' id='word_1_189' title='bbox 628 3214 728 3276; x_wconf 78' lang='lat' dir='ltr'>A&#39;n,</span> <span class='ocrx_word' id='word_1_190' title='bbox 750 3230 856 3265; x_wconf 82' lang='lat' dir='ltr'>cum</span> <span class='ocrx_word' id='word_1_191' title='bbox 877 3216 1063 3282; x_wconf 80' lang='lat' dir='ltr'>videat]</span> <span class='ocrx_word' id='word_1_192' title='bbox 1110 3219 1180 3267; x_wconf 77' lang='lat' dir='ltr'>At</span> <span class='ocrx_word' id='word_1_193' title='bbox 1206 3235 1310 3267; x_wconf 81' lang='lat' dir='ltr'>cum</span> <span class='ocrx_word' id='word_1_194' title='bbox 1344 3221 1506 3270; x_wconf 73' lang='lat' dir='ltr'>videat</span> <span class='ocrx_word' id='word_1_195' title='bbox 1542 3224 1626 3272; x_wconf 89' lang='lat' dir='ltr'>Li·</span> 
     </span>
     <span class='ocr_line' id='line_1_38' title="bbox 562 3290 1629 3360; baseline 0.013 -25"><span class='ocrx_word' id='word_1_196' title='bbox 562 3290 665 3339; x_wconf 82' lang='lat' dir='ltr'>vin.</span> <span class='ocrx_word' id='word_1_197' title='bbox 691 3292 741 3339; x_wconf 90' lang='lat' dir='ltr'>in</span> <span class='ocrx_word' id='word_1_198' title='bbox 771 3299 946 3354; x_wconf 81' lang='lat' dir='ltr'>textu;</span> <span class='ocrx_word' id='word_1_199' title='bbox 969 3294 1132 3344; x_wconf 89' lang='lat' dir='ltr'>sedin</span> <span class='ocrx_word' id='word_1_200' title='bbox 1149 3299 1399 3360; x_wconf 76' lang='lat' dir='ltr'>margine,</span> <span class='ocrx_word' id='word_1_201' title='bbox 1424 3299 1501 3347; x_wconf 78' lang='lat' dir='ltr'>An</span> <span class='ocrx_word' id='word_1_202' title='bbox 1524 3316 1629 3348; x_wconf 78' lang='lat' dir='ltr'>cum</span> 
     </span>
     <span class='ocr_line' id='line_1_39' title="bbox 561 3365 979 3417; baseline 0.007 -3"><span class='ocrx_word' id='word_1_203' title='bbox 561 3365 722 3415; x_wconf 76' lang='lat' dir='ltr'>videat</span> <span class='ocrx_word' id='word_1_204' title='bbox 743 3368 811 3414; x_wconf 86' lang='lat' dir='ltr'>V.</span> <span class='ocrx_word' id='word_1_205' title='bbox 832 3369 890 3417; x_wconf 91' lang='lat' dir='ltr'>C.</span> <span class='ocrx_word' id='word_1_206' title='bbox 919 3370 979 3417; x_wconf 84' lang='lat' dir='ltr'>R.</span> 
     </span>
    </p>

    <p class='ocr_par' dir='ltr' id='par_1_7' title="bbox 564 3443 1636 4342">
     <span class='ocr_line' id='line_1_40' title="bbox 632 3443 1628 3512; baseline 0.006 -20"><span class='ocrx_word' id='word_1_207' title='bbox 632 3443 788 3496; x_wconf 70' lang='lat' dir='ltr'>Quam</span> <span class='ocrx_word' id='word_1_208' title='bbox 809 3450 858 3492; x_wconf 80' lang='lat' dir='ltr'>te</span> <span class='ocrx_word' id='word_1_209' title='bbox 879 3448 1035 3495; x_wconf 73' lang='lat' dir='ltr'>nullus</span> <span class='ocrx_word' id='word_1_210' title='bbox 1055 3450 1234 3512; x_wconf 81' lang='lat' dir='ltr'>terror]</span> <span class='ocrx_word' id='word_1_211' title='bbox 1267 3449 1444 3497; x_wconf 85' lang='lat' dir='ltr'>Codex</span> <span class='ocrx_word' id='word_1_212' title='bbox 1473 3450 1628 3499; x_wconf 86' lang='lat' dir='ltr'>Pata·</span> 
     </span>
     <span class='ocr_line' id='line_1_41' title="bbox 565 3517 1632 3587; baseline 0.011 -23"><span class='ocrx_word' id='word_1_213' title='bbox 565 3517 713 3566; x_wconf 78' lang='lat' dir='ltr'>vinus</span> <span class='ocrx_word' id='word_1_214' title='bbox 772 3530 826 3570; x_wconf 91' lang='lat' dir='ltr'>et</span> <span class='ocrx_word' id='word_1_215' title='bbox 874 3523 1001 3570; x_wconf 88' lang='lat' dir='ltr'>liber</span> <span class='ocrx_word' id='word_1_216' title='bbox 1046 3525 1328 3573; x_wconf 85' lang='lat' dir='ltr'>Vossianus</span> <span class='ocrx_word' id='word_1_217' title='bbox 1377 3524 1632 3587; x_wconf 85' lang='lat' dir='ltr'>referunt,</span> 
     </span>
     <span class='ocr_line' id='line_1_42' title="bbox 565 3596 1632 3664; baseline 0.008 -20"><span class='ocrx_word' id='word_1_218' title='bbox 565 3596 647 3644; x_wconf 77' lang='lat' dir='ltr'>An</span> <span class='ocrx_word' id='word_1_219' title='bbox 669 3609 773 3643; x_wconf 71' lang='lat' dir='ltr'>cum</span> <span class='ocrx_word' id='word_1_220' title='bbox 797 3598 988 3647; x_wconf 71' lang='lat' dir='ltr'>videant</span> <span class='ocrx_word' id='word_1_221' title='bbox 1015 3605 1079 3660; x_wconf 80' lang='lat' dir='ltr'>te,</span> <span class='ocrx_word' id='word_1_222' title='bbox 1119 3617 1254 3664; x_wconf 82' lang='lat' dir='ltr'>quem</span> <span class='ocrx_word' id='word_1_223' title='bbox 1281 3604 1438 3651; x_wconf 80' lang='lat' dir='ltr'>nullus</span> <span class='ocrx_word' id='word_1_224' title='bbox 1458 3610 1632 3664; x_wconf 82' lang='lat' dir='ltr'>terror,</span> 
     </span>
     <span class='ocr_line' id='line_1_43' title="bbox 566 3672 1633 3738; baseline 0.009 -19"><span class='ocrx_word' id='word_1_225' title='bbox 566 3674 648 3735; x_wconf 60' lang='lat' dir='ltr'>&amp;a</span> <span class='ocrx_word' id='word_1_226' title='bbox 716 3672 847 3722; x_wconf 80' lang='lat' dir='ltr'>Quae</span> <span class='ocrx_word' id='word_1_227' title='bbox 886 3674 1044 3723; x_wconf 87' lang='lat' dir='ltr'>lectio</span> <span class='ocrx_word' id='word_1_228' title='bbox 1077 3681 1245 3738; x_wconf 89' lang='lat' dir='ltr'>possit</span> <span class='ocrx_word' id='word_1_229' title='bbox 1285 3679 1507 3735; x_wconf 86' lang='lat' dir='ltr'>admitti,</span> <span class='ocrx_word' id='word_1_230' title='bbox 1537 3682 1633 3730; x_wconf 91' lang='lat' dir='ltr'>nisi</span> 
     </span>
     <span class='ocr_line' id='line_1_44' title="bbox 567 3748 1633 3817; baseline 0.009 -20"><span class='ocrx_word' id='word_1_231' title='bbox 567 3749 614 3797; x_wconf 88' lang='lat' dir='ltr'>ei</span> <span class='ocrx_word' id='word_1_232' title='bbox 671 3750 831 3796; x_wconf 81' lang='lat' dir='ltr'>ceteri</span> <span class='ocrx_word' id='word_1_233' title='bbox 884 3748 1001 3799; x_wconf 88' lang='lat' dir='ltr'>libri</span> <span class='ocrx_word' id='word_1_234' title='bbox 1047 3765 1227 3801; x_wconf 88' lang='lat' dir='ltr'>omnes</span> <span class='ocrx_word' id='word_1_235' title='bbox 1284 3756 1633 3817; x_wconf 75' lang='lat' dir='ltr'>refragentur.</span> 
     </span>
     <span class='ocr_line' id='line_1_45' title="bbox 569 3827 1631 3892; baseline 0.007 -18"><span class='ocrx_word' id='word_1_236' title='bbox 569 3827 746 3875; x_wconf 74' lang='lat' dir='ltr'>Nullus</span> <span class='ocrx_word' id='word_1_237' title='bbox 761 3834 933 3876; x_wconf 83' lang='lat' dir='ltr'>autem</span> <span class='ocrx_word' id='word_1_238' title='bbox 958 3832 1114 3877; x_wconf 81' lang='lat' dir='ltr'>terror</span> <span class='ocrx_word' id='word_1_239' title='bbox 1137 3828 1332 3878; x_wconf 83' lang='lat' dir='ltr'>dicitur</span> <span class='ocrx_word' id='word_1_240' title='bbox 1351 3831 1631 3892; x_wconf 84' lang='lat' dir='ltr'>Trajannrn</span> 
     </span>
     <span class='ocr_line' id='line_1_46' title="bbox 564 3905 1634 3968; baseline 0.008 -17"><span class='ocrx_word' id='word_1_241' title='bbox 564 3906 816 3953; x_wconf 76' lang='lat' dir='ltr'>comitatus</span> <span class='ocrx_word' id='word_1_242' title='bbox 836 3919 949 3965; x_wconf 86' lang='lat' dir='ltr'>esse,</span> <span class='ocrx_word' id='word_1_243' title='bbox 973 3905 1092 3968; x_wconf 85' lang='lat' dir='ltr'>quia</span> <span class='ocrx_word' id='word_1_244' title='bbox 1118 3906 1158 3953; x_wconf 90' lang='lat' dir='ltr'>is</span> <span class='ocrx_word' id='word_1_245' title='bbox 1184 3919 1286 3954; x_wconf 91' lang='lat' dir='ltr'>non</span> <span class='ocrx_word' id='word_1_246' title='bbox 1304 3907 1634 3960; x_wconf 87' lang='lat' dir='ltr'>multitudine</span> 
     </span>
     <span class='ocr_line' id='line_1_47' title="bbox 565 3982 1634 4049; baseline 0.007 -21"><span class='ocrx_word' id='word_1_247' title='bbox 565 3982 787 4030; x_wconf 86' lang='lat' dir='ltr'>militum</span> <span class='ocrx_word' id='word_1_248' title='bbox 831 3982 1217 4046; x_wconf 72' lang='lat' dir='ltr'>satellitumque</span> <span class='ocrx_word' id='word_1_249' title='bbox 1266 3989 1506 4047; x_wconf 87' lang='lat' dir='ltr'>tanquam</span> <span class='ocrx_word' id='word_1_250' title='bbox 1554 3993 1634 4049; x_wconf 83' lang='lat' dir='ltr'>ty·</span> 
     </span>
     <span class='ocr_line' id='line_1_48' title="bbox 568 4058 1634 4122; baseline 0.008 -19"><span class='ocrx_word' id='word_1_251' title='bbox 568 4071 760 4106; x_wconf 87' lang='lat' dir='ltr'>rannus</span> <span class='ocrx_word' id='word_1_252' title='bbox 780 4058 992 4108; x_wconf 79' lang='lat' dir='ltr'>incessit</span> <span class='ocrx_word' id='word_1_253' title='bbox 1016 4058 1254 4122; x_wconf 88' lang='lat' dir='ltr'>stipatus,</span> <span class='ocrx_word' id='word_1_254' title='bbox 1281 4059 1345 4107; x_wconf 89' lang='lat' dir='ltr'>ad</span> <span class='ocrx_word' id='word_1_255' title='bbox 1381 4066 1634 4111; x_wconf 87' lang='lat' dir='ltr'>terrorem</span> 
     </span>
     <span class='ocr_line' id='line_1_49' title="bbox 569 4130 1635 4200; baseline 0.009 -24"><span class='ocrx_word' id='word_1_256' title='bbox 569 4130 735 4180; x_wconf 83' lang='lat' dir='ltr'>obviis</span> <span class='ocrx_word' id='word_1_257' title='bbox 794 4133 1169 4183; x_wconf 87' lang='lat' dir='ltr'>incutiendum.</span> <span class='ocrx_word' id='word_1_258' title='bbox 1258 4132 1392 4197; x_wconf 69' lang='lat' dir='ltr'>Vide</span> <span class='ocrx_word' id='word_1_259' title='bbox 1457 4152 1635 4200; x_wconf 85' lang='lat' dir='ltr'>supra,</span> 
     </span>
     <span class='ocr_line' id='line_1_50' title="bbox 572 4204 1634 4275; baseline 0.012 -25"><span class='ocrx_word' id='word_1_260' title='bbox 572 4204 636 4250; x_wconf 83' lang='lat' dir='ltr'>ad</span> <span class='ocrx_word' id='word_1_261' title='bbox 663 4220 714 4265; x_wconf 82' lang='lat' dir='ltr'>p.</span> <span class='ocrx_word' id='word_1_262' title='bbox 740 4205 854 4259; x_wconf 70' lang='grc'>534.</span> <span class='ocrx_word' id='word_1_263' title='bbox 908 4211 1094 4275; x_wconf 84' lang='lat' dir='ltr'>Neque</span> <span class='ocrx_word' id='word_1_264' title='bbox 1114 4224 1230 4260; x_wconf 88' lang='lat' dir='ltr'>eum</span> <span class='ocrx_word' id='word_1_265' title='bbox 1254 4224 1634 4274; x_wconf 76' lang='lat' dir='ltr'>pra-cursorum</span> 
     </span>
     <span class='ocr_line' id='line_1_51' title="bbox 568 4281 1636 4342; baseline 0.017 -19"><span class='ocrx_word' id='word_1_266' title='bbox 568 4281 822 4331; x_wconf 82' lang='lat' dir='ltr'>tumultus</span> <span class='ocrx_word' id='word_1_267' title='bbox 858 4284 1097 4335; x_wconf 86' lang='lat' dir='ltr'>detinuit.</span> <span class='ocrx_word' id='word_1_268' title='bbox 1160 4286 1297 4336; x_wconf 84' lang='lat' dir='ltr'>Vide</span> <span class='ocrx_word' id='word_1_269' title='bbox 1335 4288 1403 4337; x_wconf 85' lang='lat' dir='ltr'>ad</span> <span class='ocrx_word' id='word_1_270' title='bbox 1438 4302 1636 4342; x_wconf 73' lang='lat' dir='ltr'>Lxxvt.</span> 
     </span>
    </p>
   </div>
   <div class='ocr_carea' id='block_1_3' title="bbox 1244 382 2045 434">
    <p class='ocr_par' dir='ltr' id='par_1_8' title="bbox 1244 382 2045 434">
     <span class='ocr_line' id='line_1_52' title="bbox 1244 382 2045 434; baseline 0.006 -5"><span class='ocrx_word' id='word_1_271' title='bbox 1244 382 1457 431; x_wconf 58' lang='lat' dir='ltr'>1407·AE</span> <span class='ocrx_word' id='word_1_272' title='bbox 1507 382 1913 434; x_wconf 71' lang='lat' dir='ltr'>VARIORUM</span> <span class='ocrx_word' id='word_1_273' title='bbox 1964 386 2045 434; x_wconf 76' lang='lat' dir='ltr'>m</span> 
     </span>
    </p>
   </div>
   <div class='ocr_carea' id='block_1_4' title="bbox 1680 518 2788 4363">
    <p class='ocr_par' dir='ltr' id='par_1_9' title="bbox 1680 518 2760 1426">
     <span class='ocr_line' id='line_1_53' title="bbox 1680 518 2752 594; baseline 0.006 -18"><span class='ocrx_word' id='word_1_274' title='bbox 1680 531 1729 576; x_wconf 85' lang='lat'>8.</span> <span class='ocrx_word' id='word_1_275' title='bbox 1761 531 1776 556; x_wconf 82' lang='lat'>⁸</span> <span class='ocrx_word' id='word_1_276' title='bbox 1799 528 1967 578; x_wconf 85' lang='lat' dir='ltr'>Nemo</span> <span class='ocrx_word' id='word_1_277' title='bbox 1988 529 2122 578; x_wconf 87' lang='lat' dir='ltr'>enim</span> <span class='ocrx_word' id='word_1_278' title='bbox 2141 518 2565 594; x_wconf 69' lang='lat' dir='ltr'>perturbabatur,</span> <span class='ocrx_word' id='word_1_279' title='bbox 2588 546 2752 582; x_wconf 64' lang='lat' dir='ltr'>nemo</span> 
     </span>
     <span class='ocr_line' id='line_1_54' title="bbox 1683 604 2748 671; baseline 0.008 -20"><span class='ocrx_word' id='word_1_280' title='bbox 1683 604 2114 655; x_wconf 58' lang='lat' dir='ltr'>submovebatur?</span> <span class='ocrx_word' id='word_1_281' title='bbox 2159 607 2362 671; x_wconf 74' lang='lat' dir='ltr'>‚Neque</span> <span class='ocrx_word' id='word_1_282' title='bbox 2384 611 2402 636; x_wconf 83' lang='lat'>‘</span> <span class='ocrx_word' id='word_1_283' title='bbox 2426 624 2645 658; x_wconf 85' lang='lat' dir='ltr'>occursu</span> <span class='ocrx_word' id='word_1_284' title='bbox 2667 613 2748 659; x_wconf 76' lang='lat' dir='ltr'>vi-</span> 
     </span>
     <span class='ocr_line' id='line_1_55' title="bbox 1684 682 2752 750; baseline 0.008 -22"><span class='ocrx_word' id='word_1_285' title='bbox 1684 695 1845 746; x_wconf 84' lang='lat' dir='ltr'>suque</span> <span class='ocrx_word' id='word_1_286' title='bbox 1868 682 2114 732; x_wconf 82' lang='lat' dir='ltr'>terribilis</span> <span class='ocrx_word' id='word_1_287' title='bbox 2131 682 2147 706; x_wconf 88' lang='lat'>’</span> <span class='ocrx_word' id='word_1_288' title='bbox 2178 683 2299 740; x_wconf 82' lang='lat' dir='ltr'>fuit,</span> <span class='ocrx_word' id='word_1_289' title='bbox 2322 693 2382 734; x_wconf 91' lang='lat' dir='ltr'>ut</span> <span class='ocrx_word' id='word_1_290' title='bbox 2405 686 2752 750; x_wconf 79' lang='lat' dir='ltr'>Domitianus,</span> 
     </span>
     <span class='ocr_line' id='line_1_56' title="bbox 1684 757 2752 824; baseline 0.008 -20"><span class='ocrx_word' id='word_1_291' title='bbox 1684 757 2021 819; x_wconf 79' lang='lat' dir='ltr'>similisve‚de</span> <span class='ocrx_word' id='word_1_292' title='bbox 2033 773 2136 822; x_wconf 85' lang='lat' dir='ltr'>quo</span> <span class='ocrx_word' id='word_1_293' title='bbox 2150 760 2349 809; x_wconf 78' lang='lat' dir='ltr'>Noster</span> <span class='ocrx_word' id='word_1_294' title='bbox 2365 776 2579 824; x_wconf 82' lang='lat' dir='ltr'>snpra,x</span> <span class='ocrx_word' id='word_1_295' title='bbox 2591 778 2752 813; x_wconf 72' lang='grc' dir='ltr'>ινιιι.</span> 
     </span>
     <span class='ocr_line' id='line_1_57' title="bbox 1681 836 2755 902; baseline 0.007 -18"><span class='ocrx_word' id='word_1_296' title='bbox 1681 839 1732 884; x_wconf 78' lang='grc'>4.</span> <span class='ocrx_word' id='word_1_297' title='bbox 1765 841 1779 862; x_wconf 75' lang='grc'><strong>*</strong></span> <span class='ocrx_word' id='word_1_298' title='bbox 1798 836 1953 884; x_wconf 85' lang='lat' dir='ltr'>Nulla</span> <span class='ocrx_word' id='word_1_299' title='bbox 1974 838 2187 886; x_wconf 86' lang='lat' dir='ltr'>ambitio</span> <span class='ocrx_word' id='word_1_300' title='bbox 2203 838 2480 902; x_wconf 71' lang='lat' dir='ltr'>Tra-janum</span> <span class='ocrx_word' id='word_1_301' title='bbox 2499 844 2755 891; x_wconf 82' lang='lat' dir='ltr'>comitata</span> 
     </span>
     <span class='ocr_line' id='line_1_58' title="bbox 1684 911 2760 980; baseline 0.007 -21"><span class='ocrx_word' id='word_1_302' title='bbox 1684 911 1802 968; x_wconf 87' lang='lat' dir='ltr'>est‚&#39;</span> <span class='ocrx_word' id='word_1_303' title='bbox 1826 912 1875 960; x_wconf 87' lang='lat' dir='ltr'>b.</span> <span class='ocrx_word' id='word_1_304' title='bbox 1898 926 1946 961; x_wconf 91' lang='lat' dir='ltr'>e.</span> <span class='ocrx_word' id='word_1_305' title='bbox 1968 914 2137 962; x_wconf 86' lang='lat' dir='ltr'>nullus</span> <span class='ocrx_word' id='word_1_306' title='bbox 2159 916 2176 942; x_wconf 81' lang='lat'>‘</span> <span class='ocrx_word' id='word_1_307' title='bbox 2197 922 2470 978; x_wconf 83' lang='lat' dir='ltr'>apparatus</span> <span class='ocrx_word' id='word_1_308' title='bbox 2495 931 2760 980; x_wconf 75' lang='lat' dir='ltr'>arrogan-</span> 
     </span>
     <span class='ocr_line' id='line_1_59' title="bbox 1684 988 2760 1053; baseline 0.007 -17"><span class='ocrx_word' id='word_1_309' title='bbox 1684 988 1772 1038; x_wconf 77' lang='lat' dir='ltr'>tiae</span> <span class='ocrx_word' id='word_1_310' title='bbox 1829 989 2168 1053; x_wconf 85' lang='lat' dir='ltr'>principalis,’</span> <span class='ocrx_word' id='word_1_311' title='bbox 2224 992 2297 1040; x_wconf 86' lang='lat' dir='ltr'>nti</span> <span class='ocrx_word' id='word_1_312' title='bbox 2365 992 2557 1041; x_wconf 86' lang='lat' dir='ltr'>Noster</span> <span class='ocrx_word' id='word_1_313' title='bbox 2612 994 2760 1044; x_wconf 75' lang='lat' dir='ltr'>dixit</span> 
     </span>
     <span class='ocr_line' id='line_1_60' title="bbox 1686 1067 2758 1132; baseline 0.007 -17"><span class='ocrx_word' id='word_1_314' title='bbox 1686 1079 1885 1115; x_wconf 57' lang='lat' dir='ltr'>xxxvl.</span> <span class='ocrx_word' id='word_1_315' title='bbox 1907 1071 1956 1116; x_wconf 86' lang='grc'>7.</span> <span class='ocrx_word' id='word_1_316' title='bbox 2000 1067 2103 1120; x_wconf 82' lang='lat' dir='ltr'>Qui</span> <span class='ocrx_word' id='word_1_317' title='bbox 2129 1076 2408 1132; x_wconf 85' lang='lat' dir='ltr'>apparatus</span> <span class='ocrx_word' id='word_1_318' title='bbox 2429 1072 2654 1120; x_wconf 82' lang='lat' dir='ltr'>maxime</span> <span class='ocrx_word' id='word_1_319' title='bbox 2673 1076 2758 1122; x_wconf 88' lang='lat' dir='ltr'>in·</span> 
     </span>
     <span class='ocr_line' id='line_1_61' title="bbox 1685 1143 2757 1208; baseline 0.008 -18"><span class='ocrx_word' id='word_1_320' title='bbox 1685 1143 1824 1203; x_wconf 80' lang='lat' dir='ltr'>cepit</span> <span class='ocrx_word' id='word_1_321' title='bbox 1845 1157 2146 1193; x_wconf 78' lang='lat' dir='ltr'>accrescere</span> <span class='ocrx_word' id='word_1_322' title='bbox 2169 1143 2264 1193; x_wconf 90' lang='lat' dir='ltr'>sub</span> <span class='ocrx_word' id='word_1_323' title='bbox 2283 1144 2559 1197; x_wconf 81' lang='lat' dir='ltr'>Antoninis</span> <span class='ocrx_word' id='word_1_324' title='bbox 2581 1164 2598 1208; x_wconf 79' lang='lat'>3</span> <span class='ocrx_word' id='word_1_325' title='bbox 2632 1164 2757 1198; x_wconf 80' lang='lat' dir='ltr'>cuns</span> 
     </span>
     <span class='ocr_line' id='line_1_62' title="bbox 1685 1217 2757 1286; baseline 0.008 -19"><span class='ocrx_word' id='word_1_326' title='bbox 1685 1217 1953 1282; x_wconf 81' lang='lat' dir='ltr'>Augustis,</span> <span class='ocrx_word' id='word_1_327' title='bbox 1988 1235 2267 1286; x_wconf 87' lang='lat' dir='ltr'>eorumque</span> <span class='ocrx_word' id='word_1_328' title='bbox 2297 1223 2568 1285; x_wconf 78' lang='lat' dir='ltr'>uxoribus,</span> <span class='ocrx_word' id='word_1_329' title='bbox 2593 1227 2757 1275; x_wconf 84' lang='lat' dir='ltr'>etiam</span> 
     </span>
     <span class='ocr_line' id='line_1_63' title="bbox 1685 1294 2756 1364; baseline 0.007 -20"><span class='ocrx_word' id='word_1_330' title='bbox 1685 1294 1815 1359; x_wconf 74' lang='lat' dir='ltr'>iguis</span> <span class='ocrx_word' id='word_1_331' title='bbox 1848 1294 2083 1357; x_wconf 63' lang='lat' dir='ltr'>preferri</span> <span class='ocrx_word' id='word_1_332' title='bbox 2116 1297 2341 1360; x_wconf 85' lang='lat' dir='ltr'>soleret;</span> <span class='ocrx_word' id='word_1_333' title='bbox 2375 1299 2516 1363; x_wconf 86' lang='lat' dir='ltr'>qnod</span> <span class='ocrx_word' id='word_1_334' title='bbox 2558 1304 2756 1364; x_wconf 83' lang='lat' dir='ltr'>passim</span> 
     </span>
     <span class='ocr_line' id='line_1_64' title="bbox 1687 1373 2567 1426; baseline 0.005 -4"><span class='ocrx_word' id='word_1_335' title='bbox 1687 1380 1916 1422; x_wconf 86' lang='lat' dir='ltr'>testatur</span> <span class='ocrx_word' id='word_1_336' title='bbox 1940 1373 2286 1424; x_wconf 86' lang='lat' dir='ltr'>Herodianus.</span> <span class='ocrx_word' id='word_1_337' title='bbox 2323 1375 2567 1426; x_wconf 69' lang='lat' dir='ltr'>Selom.</span> 
     </span>
    </p>

    <p class='ocr_par' dir='ltr' id='par_1_10' title="bbox 1685 1448 2761 1666">
     <span class='ocr_line' id='line_1_65' title="bbox 1752 1448 2761 1514; baseline 0.008 -17"><span class='ocrx_word' id='word_1_338' title='bbox 1752 1448 2249 1514; x_wconf 74' lang='lat' dir='ltr'>Sexus]1nfirmior‚</span> <span class='ocrx_word' id='word_1_339' title='bbox 2296 1459 2352 1501; x_wconf 88' lang='lat' dir='ltr'>et</span> <span class='ocrx_word' id='word_1_340' title='bbox 2399 1453 2518 1502; x_wconf 83' lang='lat' dir='ltr'>ideo</span> <span class='ocrx_word' id='word_1_341' title='bbox 2562 1455 2614 1503; x_wconf 89' lang='lat' dir='ltr'>in</span> <span class='ocrx_word' id='word_1_342' title='bbox 2657 1458 2761 1505; x_wconf 89' lang='lat' dir='ltr'>sel-</span> 
     </span>
     <span class='ocr_line' id='line_1_66' title="bbox 1686 1526 2761 1591; baseline 0.004 -17"><span class='ocrx_word' id='word_1_343' title='bbox 1686 1526 1786 1574; x_wconf 82' lang='lat' dir='ltr'>lam</span> <span class='ocrx_word' id='word_1_344' title='bbox 1806 1534 1896 1575; x_wconf 86' lang='lat' dir='ltr'>aut</span> <span class='ocrx_word' id='word_1_345' title='bbox 1916 1528 2154 1576; x_wconf 84' lang='lat' dir='ltr'>lecticam</span> <span class='ocrx_word' id='word_1_346' title='bbox 2175 1541 2318 1591; x_wconf 58' lang='lat' dir='ltr'>saepe</span> <span class='ocrx_word' id='word_1_347' title='bbox 2345 1528 2761 1581; x_wconf 83' lang='lat' dir='ltr'>transferendus.</span> 
     </span>
     <span class='ocr_line' id='line_1_67' title="bbox 1685 1602 1827 1666; baseline 0.007 -16"><span class='ocrx_word' id='word_1_348' title='bbox 1685 1602 1827 1666; x_wconf 79' lang='lat' dir='ltr'>Lips.</span> 
     </span>
    </p>

    <p class='ocr_par' dir='ltr' id='par_1_11' title="bbox 1686 1680 2780 3966">
     <span class='ocr_line' id='line_1_68' title="bbox 1751 1680 2763 1746; baseline 0.004 -17"><span class='ocrx_word' id='word_1_349' title='bbox 1751 1680 1984 1730; x_wconf 73' lang='lat' dir='ltr'>Decuerit</span> <span class='ocrx_word' id='word_1_350' title='bbox 2009 1681 2096 1730; x_wconf 69' lang='lat' dir='ltr'>hoc</span> <span class='ocrx_word' id='word_1_351' title='bbox 2126 1681 2283 1746; x_wconf 70' lang='grc' dir='ltr'>ι’ὶίαηι]</span> <span class='ocrx_word' id='word_1_352' title='bbox 2320 1682 2506 1732; x_wconf 86' lang='lat' dir='ltr'>Codex</span> <span class='ocrx_word' id='word_1_353' title='bbox 2543 1684 2763 1734; x_wconf 75' lang='lat' dir='ltr'>Patavi-</span> 
     </span>
     <span class='ocr_line' id='line_1_69' title="bbox 1689 1757 2760 1812; baseline 0.008 -8"><span class='ocrx_word' id='word_1_354' title='bbox 1689 1770 1784 1804; x_wconf 88' lang='lat' dir='ltr'>nus</span> <span class='ocrx_word' id='word_1_355' title='bbox 1816 1764 1870 1807; x_wconf 90' lang='lat' dir='ltr'>et</span> <span class='ocrx_word' id='word_1_356' title='bbox 1907 1757 2040 1806; x_wconf 89' lang='lat' dir='ltr'>liber</span> <span class='ocrx_word' id='word_1_357' title='bbox 2076 1759 2358 1808; x_wconf 84' lang='lat' dir='ltr'>Vossianus</span> <span class='ocrx_word' id='word_1_358' title='bbox 2391 1760 2588 1811; x_wconf 87' lang='lat' dir='ltr'>babent</span> <span class='ocrx_word' id='word_1_359' title='bbox 2619 1764 2760 1812; x_wconf 75' lang='lat' dir='ltr'>deess-</span> 
     </span>
     <span class='ocr_line' id='line_1_70' title="bbox 1687 1833 2758 1898; baseline 0.006 -15"><span class='ocrx_word' id='word_1_360' title='bbox 1687 1839 1808 1883; x_wconf 82' lang='lat' dir='ltr'>erut.</span> <span class='ocrx_word' id='word_1_361' title='bbox 1871 1833 1976 1883; x_wconf 88' lang='lat' dir='ltr'>Sed</span> <span class='ocrx_word' id='word_1_362' title='bbox 2004 1844 2225 1898; x_wconf 75' lang='lat' dir='ltr'>proestat</span> <span class='ocrx_word' id='word_1_363' title='bbox 2247 1838 2472 1886; x_wconf 85' lang='lat' dir='ltr'>retinere</span> <span class='ocrx_word' id='word_1_364' title='bbox 2505 1840 2523 1868; x_wconf 75' lang='lat'>⁸</span> <span class='ocrx_word' id='word_1_365' title='bbox 2547 1842 2758 1889; x_wconf 80' lang='lat' dir='ltr'>modurn</span> 
     </span>
     <span class='ocr_line' id='line_1_71' title="bbox 1688 1912 2763 1975; baseline 0.007 -16"><span class='ocrx_word' id='word_1_366' title='bbox 1688 1912 2026 1974; x_wconf 81' lang='lat' dir='ltr'>potentialem</span> <span class='ocrx_word' id='word_1_367' title='bbox 2051 1915 2302 1975; x_wconf 86' lang='lat' dir='ltr'>temporis</span> <span class='ocrx_word' id='word_1_368' title='bbox 2323 1912 2532 1964; x_wconf 83' lang='lat' dir='ltr'>futuri.’</span> <span class='ocrx_word' id='word_1_369' title='bbox 2594 1916 2661 1965; x_wconf 88' lang='lat' dir='ltr'>Id</span> <span class='ocrx_word' id='word_1_370' title='bbox 2680 1917 2763 1966; x_wconf 84' lang='lat' dir='ltr'>di·</span> 
     </span>
     <span class='ocr_line' id='line_1_72' title="bbox 1688 1989 2763 2044; baseline 0.006 -6"><span class='ocrx_word' id='word_1_371' title='bbox 1688 2002 1808 2038; x_wconf 87' lang='lat' dir='ltr'>cere</span> <span class='ocrx_word' id='word_1_372' title='bbox 1845 1989 2010 2038; x_wconf 83' lang='lat' dir='ltr'>voluit</span> <span class='ocrx_word' id='word_1_373' title='bbox 2050 1990 2282 2040; x_wconf 83' lang='lat' dir='ltr'>Plinius:</span> <span class='ocrx_word' id='word_1_374' title='bbox 2319 1993 2373 2041; x_wconf 79' lang='lat' dir='ltr'>si</span> <span class='ocrx_word' id='word_1_375' title='bbox 2415 1994 2500 2042; x_wconf 81' lang='lat' dir='ltr'>vel</span> <span class='ocrx_word' id='word_1_376' title='bbox 2535 1996 2763 2044; x_wconf 79' lang='lat' dir='ltr'>maxime</span> 
     </span>
     <span class='ocr_line' id='line_1_73' title="bbox 1689 2066 2765 2135; baseline 0.007 -21"><span class='ocrx_word' id='word_1_377' title='bbox 1689 2066 1929 2125; x_wconf 86' lang='lat' dir='ltr'>maritus,</span> <span class='ocrx_word' id='word_1_378' title='bbox 1946 2067 2221 2131; x_wconf 84' lang='lat' dir='ltr'>Trajanus,</span> <span class='ocrx_word' id='word_1_379' title='bbox 2243 2071 2561 2119; x_wconf 81' lang='lat' dir='ltr'>contrarium</span> <span class='ocrx_word' id='word_1_380' title='bbox 2578 2069 2765 2135; x_wconf 82' lang='lat' dir='ltr'>faciat,</span> 
     </span>
     <span class='ocr_line' id='line_1_74' title="bbox 1691 2142 2764 2210; baseline 0.006 -19"><span class='ocrx_word' id='word_1_381' title='bbox 1691 2155 1861 2205; x_wconf 85' lang='lat' dir='ltr'>neque</span> <span class='ocrx_word' id='word_1_382' title='bbox 1885 2142 2093 2193; x_wconf 83' lang='lat' dir='ltr'>incedat</span> <span class='ocrx_word' id='word_1_383' title='bbox 2117 2145 2336 2208; x_wconf 84' lang='lat' dir='ltr'>pedibus</span> <span class='ocrx_word' id='word_1_384' title='bbox 2357 2161 2373 2206; x_wconf 89' lang='lat'>;</span> <span class='ocrx_word' id='word_1_385' title='bbox 2405 2155 2561 2210; x_wconf 86' lang='lat' dir='ltr'>prout</span> <span class='ocrx_word' id='word_1_386' title='bbox 2584 2154 2764 2196; x_wconf 77' lang='lat' dir='ltr'>tamen</span> 
     </span>
     <span class='ocr_line' id='line_1_75' title="bbox 1686 2218 2763 2286; baseline 0.005 -19"><span class='ocrx_word' id='word_1_387' title='bbox 1686 2218 1797 2282; x_wconf 84' lang='lat' dir='ltr'>jam</span> <span class='ocrx_word' id='word_1_388' title='bbox 1834 2219 1886 2267; x_wconf 91' lang='lat' dir='ltr'>iu</span> <span class='ocrx_word' id='word_1_389' title='bbox 1922 2220 2140 2270; x_wconf 89' lang='lat' dir='ltr'>introitu</span> <span class='ocrx_word' id='word_1_390' title='bbox 2179 2221 2231 2271; x_wconf 93' lang='lat' dir='ltr'>in</span> <span class='ocrx_word' id='word_1_391' title='bbox 2278 2222 2455 2271; x_wconf 81' lang='lat' dir='ltr'>urbem</span> <span class='ocrx_word' id='word_1_392' title='bbox 2498 2230 2515 2252; x_wconf 82' lang='lat'><strong><em>‘</em></strong></span> <span class='ocrx_word' id='word_1_393' title='bbox 2538 2224 2763 2286; x_wconf 83' lang='lat' dir='ltr'>pedibus</span> 
     </span>
     <span class='ocr_line' id='line_1_76' title="bbox 1697 2295 2766 2361; baseline 0.006 -17"><span class='ocrx_word' id='word_1_394' title='bbox 1697 2295 1942 2359; x_wconf 84' lang='lat' dir='ltr'>incessit,’</span> <span class='ocrx_word' id='word_1_395' title='bbox 1995 2297 2198 2361; x_wconf 68' lang='lat' dir='ltr'>Paneg.</span> <span class='ocrx_word' id='word_1_396' title='bbox 2238 2311 2404 2347; x_wconf 73' lang='lat' dir='ltr'>xxiv.</span> <span class='ocrx_word' id='word_1_397' title='bbox 2444 2302 2493 2348; x_wconf 76' lang='lat'>2.</span> <span class='ocrx_word' id='word_1_398' title='bbox 2538 2300 2630 2349; x_wconf 92' lang='lat' dir='ltr'>sed</span> <span class='ocrx_word' id='word_1_399' title='bbox 2678 2302 2766 2350; x_wconf 81' lang='lat' dir='ltr'>vel</span> 
     </span>
     <span class='ocr_line' id='line_1_77' title="bbox 1696 2371 2766 2439; baseline 0.007 -19"><span class='ocrx_word' id='word_1_400' title='bbox 1696 2373 1886 2421; x_wconf 86' lang='lat' dir='ltr'>lectica</span> <span class='ocrx_word' id='word_1_401' title='bbox 1926 2371 2143 2429; x_wconf 84' lang='lat' dir='ltr'>feratur,</span> <span class='ocrx_word' id='word_1_402' title='bbox 2186 2375 2267 2424; x_wconf 78' lang='lat' dir='ltr'>vei</span> <span class='ocrx_word' id='word_1_403' title='bbox 2306 2377 2527 2425; x_wconf 80' lang='lat' dir='ltr'>vehatur</span> <span class='ocrx_word' id='word_1_404' title='bbox 2567 2392 2766 2439; x_wconf 79' lang='lat' dir='ltr'>enrru3</span> 
     </span>
     <span class='ocr_line' id='line_1_78' title="bbox 1697 2449 2768 2513; baseline 0.005 -15"><span class='ocrx_word' id='word_1_405' title='bbox 1697 2450 1808 2513; x_wconf 87' lang='lat' dir='ltr'>ejus</span> <span class='ocrx_word' id='word_1_406' title='bbox 1833 2458 1999 2498; x_wconf 84' lang='lat' dir='ltr'>tamen</span> <span class='ocrx_word' id='word_1_407' title='bbox 2036 2454 2181 2499; x_wconf 84' lang='lat' dir='ltr'>uxori</span> <span class='ocrx_word' id='word_1_408' title='bbox 2216 2449 2448 2501; x_wconf 84' lang='lat' dir='ltr'>futurum</span> <span class='ocrx_word' id='word_1_409' title='bbox 2474 2453 2637 2504; x_wconf 84' lang='lat' dir='ltr'>fuerit</span> <span class='ocrx_word' id='word_1_410' title='bbox 2661 2459 2768 2503; x_wconf 84' lang='lat' dir='ltr'>sin-</span> 
     </span>
     <span class='ocr_line' id='line_1_79' title="bbox 1698 2526 2769 2597; baseline 0.004 -20"><span class='ocrx_word' id='word_1_411' title='bbox 1698 2529 1860 2590; x_wconf 87' lang='lat' dir='ltr'>gulari</span> <span class='ocrx_word' id='word_1_412' title='bbox 1901 2526 2099 2589; x_wconf 83' lang='lat' dir='ltr'>decori,</span> <span class='ocrx_word' id='word_1_413' title='bbox 2144 2529 2186 2577; x_wconf 95' lang='lat' dir='ltr'>si</span> <span class='ocrx_word' id='word_1_414' title='bbox 2216 2531 2276 2597; x_wconf 28' lang='lat' dir='ltr'>‘in</span> <span class='ocrx_word' id='word_1_415' title='bbox 2319 2531 2468 2579; x_wconf 86' lang='lat' dir='ltr'>istius</span> <span class='ocrx_word' id='word_1_416' title='bbox 2501 2532 2600 2581; x_wconf 70' lang='lat' dir='ltr'>aevi</span> <span class='ocrx_word' id='word_1_417' title='bbox 2639 2534 2769 2581; x_wconf 81' lang='lat' dir='ltr'>lnxn</span> 
     </span>
     <span class='ocr_line' id='line_1_80' title="bbox 1698 2602 2769 2667; baseline 0.006 -17"><span class='ocrx_word' id='word_1_418' title='bbox 1698 2603 1917 2666; x_wconf 87' lang='lat' dir='ltr'>pedibus</span> <span class='ocrx_word' id='word_1_419' title='bbox 1966 2602 2191 2664; x_wconf 84' lang='lat' dir='ltr'>incedat,</span> <span class='ocrx_word' id='word_1_420' title='bbox 2237 2612 2296 2653; x_wconf 85' lang='lat' dir='ltr'>ut</span> <span class='ocrx_word' id='word_1_421' title='bbox 2346 2612 2404 2654; x_wconf 82' lang='lat' dir='ltr'>et</span> <span class='ocrx_word' id='word_1_422' title='bbox 2447 2608 2656 2667; x_wconf 85' lang='lat' dir='ltr'>marito,</span> <span class='ocrx_word' id='word_1_423' title='bbox 2710 2615 2769 2656; x_wconf 84' lang='lat' dir='ltr'>et</span> 
     </span>
     <span class='ocr_line' id='line_1_81' title="bbox 1699 2680 2770 2742; baseline 0.005 -14"><span class='ocrx_word' id='word_1_424' title='bbox 1699 2693 1854 2728; x_wconf 82' lang='lat' dir='ltr'>sexus</span> <span class='ocrx_word' id='word_1_425' title='bbox 1908 2680 1984 2728; x_wconf 87' lang='lat' dir='ltr'>sui</span> <span class='ocrx_word' id='word_1_426' title='bbox 2049 2682 2399 2742; x_wconf 65' lang='lat' dir='ltr'>verecundia,</span> <span class='ocrx_word' id='word_1_427' title='bbox 2456 2682 2770 2733; x_wconf 80' lang='lat' dir='ltr'>satisfaciat.</span> 
     </span>
     <span class='ocr_line' id='line_1_82' title="bbox 1699 2758 2766 2810; baseline 0.004 -5"><span class='ocrx_word' id='word_1_428' title='bbox 1699 2758 1824 2805; x_wconf 86' lang='lat' dir='ltr'>Erat</span> <span class='ocrx_word' id='word_1_429' title='bbox 1849 2765 2017 2806; x_wconf 87' lang='lat' dir='ltr'>autem</span> <span class='ocrx_word' id='word_1_430' title='bbox 2043 2759 2343 2808; x_wconf 83' lang='lat' dir='ltr'>lecticarum</span> <span class='ocrx_word' id='word_1_431' title='bbox 2368 2773 2488 2808; x_wconf 83' lang='lat' dir='ltr'>usus</span> <span class='ocrx_word' id='word_1_432' title='bbox 2513 2770 2633 2809; x_wconf 84' lang='lat' dir='ltr'>tunc</span> <span class='ocrx_word' id='word_1_433' title='bbox 2656 2770 2766 2810; x_wconf 74' lang='lat' dir='ltr'>tans</span> 
     </span>
     <span class='ocr_line' id='line_1_83' title="bbox 1699 2835 2766 2898; baseline 0.007 -17"><span class='ocrx_word' id='word_1_434' title='bbox 1699 2835 1926 2896; x_wconf 81' lang='lat' dir='ltr'>vulgaris</span> <span class='ocrx_word' id='word_1_435' title='bbox 1961 2837 2117 2884; x_wconf 85' lang='lat' dir='ltr'>etiam</span> <span class='ocrx_word' id='word_1_436' title='bbox 2158 2838 2394 2898; x_wconf 76' lang='lat' dir='ltr'>privatis,</span> <span class='ocrx_word' id='word_1_437' title='bbox 2437 2846 2496 2888; x_wconf 84' lang='lat' dir='ltr'>ut</span> <span class='ocrx_word' id='word_1_438' title='bbox 2536 2839 2766 2888; x_wconf 79' lang='lat' dir='ltr'>Domiti·</span> 
     </span>
     <span class='ocr_line' id='line_1_84' title="bbox 1701 2911 2769 2975; baseline 0.008 -19"><span class='ocrx_word' id='word_1_439' title='bbox 1701 2923 1849 2970; x_wconf 85' lang='lat' dir='ltr'>anus,</span> <span class='ocrx_word' id='word_1_440' title='bbox 1894 2918 2027 2958; x_wconf 88' lang='lat' dir='ltr'>teste</span> <span class='ocrx_word' id='word_1_441' title='bbox 2070 2911 2282 2960; x_wconf 87' lang='lat' dir='ltr'>Sueton.</span> <span class='ocrx_word' id='word_1_442' title='bbox 2322 2926 2441 2975; x_wconf 86' lang='lat' dir='ltr'>cap.</span> <span class='ocrx_word' id='word_1_443' title='bbox 2487 2917 2539 2962; x_wconf 83' lang='grc'>8.</span> <span class='ocrx_word' id='word_1_444' title='bbox 2580 2915 2769 2964; x_wconf 69' lang='lat' dir='ltr'>saltent</span> 
     </span>
     <span class='ocr_line' id='line_1_85' title="bbox 1700 2985 2771 3048; baseline 0.007 -15"><span class='ocrx_word' id='word_1_445' title='bbox 1700 2994 1715 3015; x_wconf 79' lang='grc'><em>·</em></span> <span class='ocrx_word' id='word_1_446' title='bbox 1741 2985 2001 3048; x_wconf 81' lang='lat' dir='ltr'>probrosis</span> <span class='ocrx_word' id='word_1_447' title='bbox 2023 2986 2227 3037; x_wconf 84' lang='lat' dir='ltr'>feminis</span> <span class='ocrx_word' id='word_1_448' title='bbox 2251 2990 2450 3039; x_wconf 65' lang='lat' dir='ltr'>lectica</span> <span class='ocrx_word' id='word_1_449' title='bbox 2475 3005 2620 3040; x_wconf 83' lang='lat' dir='ltr'>usum</span> <span class='ocrx_word' id='word_1_450' title='bbox 2646 2993 2771 3041; x_wconf 82' lang='lat' dir='ltr'>ade·</span> 
     </span>
     <span class='ocr_line' id='line_1_86' title="bbox 1702 3062 2771 3131; baseline 0.007 -21"><span class='ocrx_word' id='word_1_451' title='bbox 1702 3062 1895 3111; x_wconf 86' lang='lat' dir='ltr'>merit.&#39;</span> <span class='ocrx_word' id='word_1_452' title='bbox 1960 3063 2222 3127; x_wconf 79' lang='lat' dir='ltr'>conjuges</span> <span class='ocrx_word' id='word_1_453' title='bbox 2245 3065 2361 3114; x_wconf 69' lang='lat' dir='ltr'>alin</span> <span class='ocrx_word' id='word_1_454' title='bbox 2394 3067 2771 3131; x_wconf 71' lang='lat' dir='ltr'>imperatorum</span> 
     </span>
     <span class='ocr_line' id='line_1_87' title="bbox 1703 3138 2774 3201; baseline 0.005 -13"><span class='ocrx_word' id='word_1_455' title='bbox 1703 3139 1894 3201; x_wconf 78' lang='lat' dir='ltr'>saepius</span> <span class='ocrx_word' id='word_1_456' title='bbox 1911 3138 2252 3189; x_wconf 83' lang='lat' dir='ltr'>vehebantur.</span> <span class='ocrx_word' id='word_1_457' title='bbox 2321 3141 2578 3191; x_wconf 84' lang='lat' dir='ltr'>Videmus</span> <span class='ocrx_word' id='word_1_458' title='bbox 2602 3146 2774 3194; x_wconf 77' lang='lat' dir='ltr'>sdlsue</span> 
     </span>
     <span class='ocr_line' id='line_1_88' title="bbox 1704 3216 2774 3278; baseline 0.006 -14"><span class='ocrx_word' id='word_1_459' title='bbox 1704 3225 1958 3278; x_wconf 82' lang='lat' dir='ltr'>carpenta</span> <span class='ocrx_word' id='word_1_460' title='bbox 2003 3230 2117 3264; x_wconf 89' lang='lat' dir='ltr'>cnm</span> <span class='ocrx_word' id='word_1_461' title='bbox 2167 3216 2397 3266; x_wconf 84' lang='lat' dir='ltr'>mulabus</span> <span class='ocrx_word' id='word_1_462' title='bbox 2448 3219 2498 3266; x_wconf 86' lang='lat' dir='ltr'>in</span> <span class='ocrx_word' id='word_1_463' title='bbox 2546 3223 2774 3271; x_wconf 71' lang='lat' dir='ltr'>nummis</span> 
     </span>
     <span class='ocr_line' id='line_1_89' title="bbox 1709 3291 2778 3363; baseline 0.007 -23"><span class='ocrx_word' id='word_1_464' title='bbox 1709 3291 2035 3355; x_wconf 71' lang='lat' dir='ltr'>Agrippinae,</span> <span class='ocrx_word' id='word_1_465' title='bbox 2068 3294 2249 3342; x_wconf 83' lang='lat' dir='ltr'>matris</span> <span class='ocrx_word' id='word_1_466' title='bbox 2281 3295 2427 3356; x_wconf 86' lang='lat' dir='ltr'>Caii;</span> <span class='ocrx_word' id='word_1_467' title='bbox 2466 3297 2778 3363; x_wconf 63' lang='lat' dir='ltr'>Domitiae,</span> 
     </span>
     <span class='ocr_line' id='line_1_90' title="bbox 1707 3370 2775 3433; baseline 0.009 -17"><span class='ocrx_word' id='word_1_468' title='bbox 1707 3370 1942 3432; x_wconf 78' lang='lat' dir='ltr'>conjugis</span> <span class='ocrx_word' id='word_1_469' title='bbox 1963 3371 2302 3433; x_wconf 80' lang='lat' dir='ltr'>Vespasiani3</span> <span class='ocrx_word' id='word_1_470' title='bbox 2340 3373 2624 3431; x_wconf 65' lang='lat' dir='ltr'>Faunine.</span> <span class='ocrx_word' id='word_1_471' title='bbox 2648 3390 2775 3425; x_wconf 82' lang='lat' dir='ltr'>eon·</span> 
     </span>
     <span class='ocr_line' id='line_1_91' title="bbox 1698 3447 2780 3514; baseline 0.008 -21"><span class='ocrx_word' id='word_1_472' title='bbox 1698 3447 1840 3509; x_wconf 63' lang='lat' dir='ltr'>jugis</span> <span class='ocrx_word' id='word_1_473' title='bbox 1867 3449 2132 3505; x_wconf 83' lang='lat' dir='ltr'>Antonini,</span> <span class='ocrx_word' id='word_1_474' title='bbox 2170 3457 2326 3514; x_wconf 84' lang='lat' dir='ltr'>atque</span> <span class='ocrx_word' id='word_1_475' title='bbox 2352 3451 2586 3500; x_wconf 72' lang='lat' dir='ltr'>aliarum.</span> <span class='ocrx_word' id='word_1_476' title='bbox 2633 3451 2780 3502; x_wconf 79' lang='lat' dir='ltr'>Plin-</span> 
     </span>
     <span class='ocr_line' id='line_1_92' title="bbox 1708 3523 2779 3581; baseline 0.008 -9"><span class='ocrx_word' id='word_1_477' title='bbox 1708 3523 1845 3573; x_wconf 82' lang='lat' dir='ltr'>Hist.</span> <span class='ocrx_word' id='word_1_478' title='bbox 1902 3524 2029 3573; x_wconf 79' lang='lat' dir='ltr'>Nat.</span> <span class='ocrx_word' id='word_1_479' title='bbox 2091 3539 2304 3575; x_wconf 81' lang='lat' dir='ltr'>xxxm.</span> <span class='ocrx_word' id='word_1_480' title='bbox 2358 3530 2440 3576; x_wconf 73' lang='grc'>49.</span> <span class='ocrx_word' id='word_1_481' title='bbox 2503 3530 2523 3555; x_wconf 82' lang='lat'><strong>⁴</strong></span> <span class='ocrx_word' id='word_1_482' title='bbox 2574 3530 2779 3581; x_wconf 84' lang='lat' dir='ltr'>Nostra</span> 
     </span>
     <span class='ocr_line' id='line_1_93' title="bbox 1709 3601 2778 3666; baseline 0.009 -20"><span class='ocrx_word' id='word_1_483' title='bbox 1709 3609 1885 3656; x_wconf 66' lang='lat' dir='ltr'>aetate,</span> <span class='ocrx_word' id='word_1_484' title='bbox 1956 3601 2213 3664; x_wconf 67' lang='lat' dir='ltr'>Poppaea,</span> <span class='ocrx_word' id='word_1_485' title='bbox 2275 3604 2464 3666; x_wconf 80' lang='lat' dir='ltr'>conjnx</span> <span class='ocrx_word' id='word_1_486' title='bbox 2527 3605 2778 3662; x_wconf 78' lang='lat' dir='ltr'>Neronis.</span> 
     </span>
     <span class='ocr_line' id='line_1_94' title="bbox 1709 3676 2780 3744; baseline 0.009 -21"><span class='ocrx_word' id='word_1_487' title='bbox 1709 3676 1976 3739; x_wconf 80' lang='lat' dir='ltr'>principis,</span> <span class='ocrx_word' id='word_1_488' title='bbox 2000 3676 2389 3728; x_wconf 84' lang='lat' dir='ltr'>delicatioribus</span> <span class='ocrx_word' id='word_1_489' title='bbox 2397 3681 2654 3744; x_wconf 84' lang='lat' dir='ltr'>jumentis</span> <span class='ocrx_word' id='word_1_490' title='bbox 2673 3685 2780 3733; x_wconf 84' lang='lat' dir='ltr'>anis</span> 
     </span>
     <span class='ocr_line' id='line_1_95' title="bbox 1708 3753 2778 3819; baseline 0.008 -18"><span class='ocrx_word' id='word_1_491' title='bbox 1708 3753 1875 3802; x_wconf 87' lang='lat' dir='ltr'>soleas</span> <span class='ocrx_word' id='word_1_492' title='bbox 1898 3766 1963 3802; x_wconf 83' lang='lat' dir='ltr'>ex</span> <span class='ocrx_word' id='word_1_493' title='bbox 1987 3766 2114 3802; x_wconf 87' lang='lat' dir='ltr'>auro</span> <span class='ocrx_word' id='word_1_494' title='bbox 2148 3769 2353 3819; x_wconf 82' lang='lat' dir='ltr'>qnoque</span> <span class='ocrx_word' id='word_1_495' title='bbox 2384 3756 2607 3807; x_wconf 87' lang='lat' dir='ltr'>induere</span> <span class='ocrx_word' id='word_1_496' title='bbox 2643 3762 2778 3810; x_wconf 81' lang='lat' dir='ltr'>sole·</span> 
     </span>
     <span class='ocr_line' id='line_1_96' title="bbox 1712 3810 2778 3887; baseline 0.011 -11"><span class='ocrx_word' id='word_1_497' title='bbox 1712 3810 1839 3878; x_wconf 63' lang='lat' dir='ltr'>bat.5</span> <span class='ocrx_word' id='word_1_498' title='bbox 1906 3828 2041 3878; x_wconf 86' lang='lat' dir='ltr'>Vide</span> <span class='ocrx_word' id='word_1_499' title='bbox 2075 3829 2330 3882; x_wconf 77' lang='lat' dir='ltr'>Sclseffer.</span> <span class='ocrx_word' id='word_1_500' title='bbox 2355 3832 2421 3883; x_wconf 86' lang='lat' dir='ltr'>de</span> <span class='ocrx_word' id='word_1_501' title='bbox 2445 3833 2527 3883; x_wconf 79' lang='lat' dir='ltr'>Re</span> <span class='ocrx_word' id='word_1_502' title='bbox 2552 3836 2778 3887; x_wconf 74' lang='lat' dir='ltr'>Vehicu-</span> 
     </span>
     <span class='ocr_line' id='line_1_97' title="bbox 1711 3905 2233 3966; baseline 0.006 -10"><span class='ocrx_word' id='word_1_503' title='bbox 1711 3907 1825 3966; x_wconf 86' lang='lat' dir='ltr'>lari,</span> <span class='ocrx_word' id='word_1_504' title='bbox 1846 3920 1886 3955; x_wconf 86' lang='grc' dir='ltr'>ι.</span> <span class='ocrx_word' id='word_1_505' title='bbox 1908 3909 1956 3955; x_wconf 86' lang='grc'>8.</span> <span class='ocrx_word' id='word_1_506' title='bbox 1991 3905 2233 3959; x_wconf 68' lang='lat' dir='ltr'>Seium.</span> 
     </span>
    </p>

    <p class='ocr_par' dir='ltr' id='par_1_12' title="bbox 1712 3982 2781 4199">
     <span class='ocr_line' id='line_1_98' title="bbox 1777 3982 2780 4046; baseline 0.009 -15"><span class='ocrx_word' id='word_1_507' title='bbox 1777 3982 1975 4031; x_wconf 76' lang='lat' dir='ltr'>Femina</span> <span class='ocrx_word' id='word_1_508' title='bbox 1989 3983 2105 4046; x_wconf 71' lang='lat' dir='ltr'>sibi]</span> <span class='ocrx_word' id='word_1_509' title='bbox 2129 3986 2263 4037; x_wconf 82' lang='lat' dir='ltr'>Quia</span> <span class='ocrx_word' id='word_1_510' title='bbox 2285 3987 2404 4037; x_wconf 84' lang='lat' dir='ltr'>bnie</span> <span class='ocrx_word' id='word_1_511' title='bbox 2428 3990 2576 4039; x_wconf 84' lang='lat' dir='ltr'>sexui</span> <span class='ocrx_word' id='word_1_512' title='bbox 2602 3989 2780 4040; x_wconf 80' lang='lat' dir='ltr'>innata</span> 
     </span>
     <span class='ocr_line' id='line_1_99' title="bbox 1713 4059 2781 4130; baseline 0.008 -22"><span class='ocrx_word' id='word_1_513' title='bbox 1713 4059 2043 4121; x_wconf 82' lang='lat' dir='ltr'>verecundia,</span> <span class='ocrx_word' id='word_1_514' title='bbox 2097 4063 2418 4126; x_wconf 68' lang='lat' dir='ltr'>precipuum</span> <span class='ocrx_word' id='word_1_515' title='bbox 2465 4066 2579 4130; x_wconf 76' lang='lat' dir='ltr'>ejus</span> <span class='ocrx_word' id='word_1_516' title='bbox 2627 4082 2781 4117; x_wconf 80' lang='lat' dir='ltr'>orna·</span> 
     </span>
     <span class='ocr_line' id='line_1_100' title="bbox 1712 4136 2130 4199; baseline 0.005 -15"><span class='ocrx_word' id='word_1_517' title='bbox 1712 4141 1961 4185; x_wconf 83' lang='lat' dir='ltr'>mentum.</span> <span class='ocrx_word' id='word_1_518' title='bbox 1993 4136 2130 4199; x_wconf 78' lang='lat' dir='ltr'>Lips.</span> 
     </span>
    </p>

    <p class='ocr_par' dir='ltr' id='par_1_13' title="bbox 1710 4213 2788 4363">
     <span class='ocr_line' id='line_1_101' title="bbox 1776 4213 2782 4287; baseline 0.009 -25"><span class='ocrx_word' id='word_1_519' title='bbox 1776 4213 1913 4262; x_wconf 69' lang='grc' dir='ltr'><strong>Ωιι».</strong></span> <span class='ocrx_word' id='word_1_520' title='bbox 1954 4222 2194 4263; x_wconf 64' lang='lat' dir='ltr'>mxxxiv.</span> <span class='ocrx_word' id='word_1_521' title='bbox 2249 4214 2400 4264; x_wconf 76' lang='lat' dir='ltr'>Soror</span> <span class='ocrx_word' id='word_1_522' title='bbox 2449 4223 2618 4269; x_wconf 68' lang='lat' dir='ltr'>mess</span> <span class='ocrx_word' id='word_1_523' title='bbox 2671 4223 2782 4287; x_wconf 66' lang='lat' dir='ltr'>tus]</span> 
     </span>
     <span class='ocr_line' id='line_1_102' title="bbox 1710 4289 2788 4363; baseline 0.01 -24"><span class='ocrx_word' id='word_1_524' title='bbox 1710 4289 1999 4347; x_wconf 77' lang='lat' dir='ltr'>Marciana,</span> <span class='ocrx_word' id='word_1_525' title='bbox 2012 4291 2155 4353; x_wconf 89' lang='lat' dir='ltr'>cujus</span> <span class='ocrx_word' id='word_1_526' title='bbox 2171 4290 2275 4342; x_wconf 82' lang='lat' dir='ltr'>filia</span> <span class='ocrx_word' id='word_1_527' title='bbox 2291 4293 2538 4360; x_wconf 84' lang='lat' dir='ltr'>Matidia,</span> <span class='ocrx_word' id='word_1_528' title='bbox 2550 4298 2788 4363; x_wconf 65' lang='lat' dir='ltr'>Sabino,</span> 
     </span>
    </p>
   </div>
  </div>
 </body>
</html>
