3060 4902
538 343 713 408 1044

1243 360 1460 410 No‘rAE
1512 360 1922 412 vARtonust
1978 364 2059 412 ΙΝ

609 506 746 560 Quod
781 505 1090 568 pertinaciter
1130 505 1281 567 amet]
1316 505 1489 554 Etiam
1528 506 1612 555 liic
1690 520 1806 555 cum
1826 506 2084 569 Trajanns
2108 506 2291 557 melius
2312 507 2618 572 praefeetum
2642 526 2762 561 eon·

539 585 684 633 locus
718 593 963 646 gravatur
999 581 1206 631 mendo·
1272 582 1469 631 Omnes
1502 597 1610 631 om·

540 662 660 709 nino
716 659 924 708 codices
980 659 1110 707 Μαι.
1171 672 1297 721 quos
1352 660 1608 719 consului,

539 738 767 799 itemque
838 734 1155 798 antiquiores
1223 733 1498 797 editiones,
1551 740 1604 784 et

536 826 674 862 nuuc
736 812 998 860 recentior
1063 810 1351 864 Arutzenii,
1409 811 1603 859 habent

542 891 695 945 Quem
717 889 1030 951 pertinaciter
1051 892 1195 937 amet.
1257 889 1313 937 Si
1339 889 1604 948 legeretur

541 968 694 1022 Quem
714 966 1026 1028 pertinaciter
1046 980 1188 1025 ames,
1216 979 1316 1014 non
1356 964 1500 1013 illico
1526 979 1602 1012 re-

524 1043 749 1105 jicerem
776 1044 907 1092 hanc
934 1043 1230 1091 lectionem.
1295 1042 1438 1090 Tunc
1462 1041 1598 1090 enim

535 1120 746 1168 verbum
763 1135 889 1169 ames
909 1118 1199 1168 referretur
1219 1117 1280 1166 ad
1307 1118 1596 1181 principem

531 1195 936 1259 Trajanum,qui
971 1192 1279 1257 praefectum
1321 1194 1601 1256 pertinaci-

530 1279 612 1320 ter
633 1286 805 1320 amare
820 1272 1103 1320 diceretur.
1141 1270 1210 1318 At
1231 1268 1598 1333 verbumamet,

533 1362 648 1394 curn
684 1348 989 1409 pronomine
1025 1360 1157 1409 quem
1182 1346 1268 1394 vix
1309 1347 1478 1394 locum
1508 1347 1594 1394 ha-

528 1422 651 1471 bere
672 1430 866 1485 potest.
912 1423 1064 1474 Quod
1087 1423 1127 1469 si
1152 1422 1286 1470 enim
1309 1435 1594 1483 pronomen

527 1512 663 1559 quem
702 1497 897 1546 referas
936 1498 1000 1547 ad
1043 1497 1347 1561 praecedens
1383 1500 1595 1559 eundem,

527 1576 560 1622 i.
586 1590 634 1623 e.
659 1575 722 1623 ad
753 1575 1092 1639 praefectum;
1133 1581 1258 1625 tunc
1301 1589 1399 1622 non
1434 1575 1592 1622 tertia

528 1665 751 1713 persona
777 1658 919 1706 amet,
943 1652 1034 1700 sed
1077 1650 1305 1698 secunda
1339 1665 1483 1709 ames,
1506 1652 1592 1698 lia·

526 1729 618 1777 bet
646 1730 848 1790 locum;
885 1730 1005 1793 quia
1031 1730 1351 1790 Pliniusjam
1378 1729 1591 1792 alloqui·

527 1812 615 1853 tur
636 1806 951 1869 Trajanum;
975 1806 1109 1854 unde
1128 1805 1350 1853 secunda
1373 1819 1592 1867 persona

524 1885 759 1945 proxime
829 1885 1116 1948 pra‘cessit,
1172 1887 1318 1945 cedis,
1369 1885 1590 1941 vinceris,

521 1960 742 2016 velletis,·
796 1958 1085 2022 eademque
1142 1973 1261 2007 mox
1335 1961 1590 2021 sequitur,

517 2052 623 2086 cum
654 2036 752 2099 ipse
772 2038 840 2085 sis
861 2037 1116 2086 distentus.
1153 2037 1363 2092 Verum,
1380 2038 1584 2086 tertiam

520 2128 792 2177 personam
815 2120 939 2164 amet
964 2114 1173 2163 codices
1199 2115 1325 2162 Mss.
1351 2121 1405 2163 et
1430 2116 1584 2164 editi-

520 2205 643 2238 ones
662 2192 975 2253 antiquiores
996 2191 1337 2253 pertinaciter
1354 2199 1586 2242 tuentur.

523 2267 852 2316 Boxhornius
876 2267 1025 2323 adeo,
1049 2277 1296 2329 quantum
1323 2269 1440 2316 milii
1464 2283 1584 2317 con-

521 2350 646 2398 stat,
671 2345 863 2407 primns
888 2344 1012 2394 illud
1051 2352 1196 2406 amet,
1236 2360 1334 2394 non
1374 2346 1580 2410 quidem

519 2434 584 2469 ex
612 2423 928 2472 auctoritate
950 2423 1187 2472 codicum
1213 2430 1465 2486 veterum,
1488 2424 1581 2473 sed

519 2510 584 2545 ex
612 2499 925 2548 necessitate
949 2500 1167 2563 quadam
1195 2508 1353 2548 certae
1379 2507 1580 2549 seuten-

516 2573 604 2620 tiae
662 2573 1053 2635 constituendae,
1097 2589 1157 2623 ac
1209 2591 1324 2624 cum
1379 2578 1583 2639 reliqua

515 2651 749 2699 oratione
799 2652 1195 2713 connecteudae,
1244 2656 1580 2703 commutavit

516 2726 565 2773 in
602 2727 880 2775 secundam
919 2742 1193 2790 personam
1227 2745 1373 2791 ames,
1407 2738 1466 2779 ut
1505 2732 1580 2781 sic

514 2802 673 2853 fluant
736 2806 849 2854 haec
909 2807 1085 2862 verba,
1137 2810 1422 2871 eundemque
1463 2812 1580 2870 otio,

511 2895 645 2941 quem
666 2882 979 2944 pertinaciter
997 2896 1142 2942 ames,
1162 2885 1374 2931 reddere.
1408 2885 1575 2935 Quam

510 2960 886 3009 correctionem
912 2960 1069 3008 etiam
1105 2960 1321 3009 adscivit
1360 2961 1574 3010 Cellari-

511 3049 587 3082 us.
660 3035 843 3099 Neque
867 3050 965 3099 ego
989 3050 1100 3083 eam
1128 3051 1455 3099 aspernarer,
1481 3039 1575 3086 nisi

510 3126 685 3160 omnes
720 3113 924 3162 omnino
955 3121 1159 3161 veteres
1198 3113 1313 3160 libri
1351 3113 1573 3163 habeant

507 3195 653 3249 amet,
697 3198 749 3237 et
796 3191 911 3251 nisi,
954 3191 1129 3237 nescio
1177 3188 1298 3252 quid
1345 3192 1572 3239 contorti

507 3266 558 3313 in
589 3268 682 3313 liae
716 3266 1040 3314 correctione
1079 3266 1278 3313 haerere
1314 3265 1572 3330 videatur,

508 3342 642 3403 qnod
673 3357 952 3402 pronomen
982 3356 1117 3404 quem
1149 3341 1333 3401 ἀμέσως
1362 3344 1570 3405 subjici·

507 3424 591 3464 tur
619 3418 810 3467 nomini
835 3420 949 3468 otio.
1020 3419 1190 3466 Alium
1219 3433 1340 3467 vero
1364 3419 1569 3468 modum

505 3492 812 3541 emendandi
854 3494 1007 3557 hujus
1047 3495 1146 3544 loci
1190 3496 1303 3565 iniit
1345 3495 1571 3559 Lipsius,

504 3567 609 3630 qni,
648 3581 762 3616 cum
801 3570 912 3630 jam
958 3571 1215 3619 Livineius
1251 3571 1300 3619 in
1338 3573 1568 3635 margine

501 3643 743 3692 editionis
787 3659 891 3692 suae
947 3646 1246 3701 monuisset,
1298 3646 1434 3695 forte
1476 3662 1569 3709 pro

500 3736 635 3784 quem
658 3718 927 3784 legendum
966 3734 1080 3767 esse
1117 3724 1256 3783 quod,
1277 3720 1374 3771 boc
1398 3723 1566 3786 ipsum

505 3812 784 3862 pronomen
820 3800 943 3859 quod
981 3797 1223 3859 dignatus
1256 3805 1337 3846 est
1374 3798 1566 3850 honore

500 3881 797 3930 contextus,
817 3873 1132 3938 retinuitque
1152 3875 1362 3923 verbum
1388 3878 1563 3927 tertiae

500 3966 733 4014 personae
758 3957 905 4011 amet,
928 3952 981 3999 in
1005 3950 1240 4000 omnibus
1265 3950 1406 4000 libris
1432 3954 1562 4002 anti-

495 4028 609 4091 quis
634 4029 862 4089 obvium,
887 4036 946 4077 ut
974 4026 1229 4077 referatur
1254 4028 1316 4077 ad
1344 4028 1562 4092 praefec·

496 4111 602 4153 tum
648 4106 904 4169 praetorii,
951 4106 1040 4169 qui
1076 4108 1404 4170 pertinaciter,
1437 4105 1489 4156 h.
1511 4120 1560 4155 e.

496 4182 780 4240 pertinacia
804 4180 1109 4244 quadam‚et
1128 4191 1309 4232 contra
1328 4183 1561 4232 voluuta-

1685 588 1890 644 stnnter,
1915 599 2065 647 quam
2093 585 2424 648 pertinaciter,
2446 601 2618 636 amare
2641 589 2757 638 die·

1679 667 1771 707 tus
1816 657 2016 708 fuisset.
2087 660 2216 710 Cum
2256 662 2386 711 adeo
2417 663 2575 711 lectio
2609 664 2754 714 codi-

1684 749 1799 784 cum
1836 736 1966 785 Mss.
2005 743 2060 786 et
2094 737 2421 801 antiquarum
2465 739 2754 792 editionum

1680 812 1792 862 sine
1815 812 2017 862 medela
2040 814 2106 862 sit
2129 813 2414 870 obscurior,
2437 830 2609 880 neque
2631 831 2751 867 cnm

1680 896 1930 939 contextu
1965 891 2090 938 satis
2111 892 2420 952 conveniat3
2443 906 2561 940 cnm
2585 895 2751 943 etiarn

1679 965 1775 1013 ista
1800 979 1992 1027 genera
2015 965 2252 1029 ejusdem
2269 968 2577 1031 pronominis
2601 972 2753 1032 quod,

1677 1050 1730 1091 et
1745 1056 1895 1105 quem,
1914 1051 2130 1106 propter
2145 1045 2560 1107 compendiosam
2577 1047 2752 1108 scrip-

1678 1125 1863 1173 turam,
1910 1119 1973 1168 ab
2020 1120 2275 1169 inertibus
2320 1121 2549 1170 librariis
2591 1120 2749 1171 facile

1676 1194 1926 1245 confundi
1954 1198 2220 1260 potuerint
2239 1213 2255 1258 ;
2277 1197 2631 1260 recipiendam
2656 1213 2750 1247 ex·

1675 1273 1897 1323 istimavi
1947 1273 2363 1322 emendationem
2426 1273 2746 1337 Lipsianm,

1676 1365 1791 1414 quae
1816 1351 1936 1399 mibi
1972 1352 2079 1399 visa
2110 1359 2190 1400 est
2217 1352 2533 1414 planissima,
2568 1367 2630 1402 ne
2654 1367 2743 1402 ne-

1674 1441 1927 1490 quaquam
1956 1428 2214 1488 violeuts3
2237 1441 2388 1490 quam
2412 1429 2571 1476 etiam
2595 1443 2747 1478 secu·

1675 1504 1714 1551 ti
1758 1512 1879 1551 suut
1926 1503 2311 1566 Berneggerus,
2368 1501 2628 1564 Hackins,
2671 1511 2747 1565 et,

1674 1589 1867 1643 praeter
1881 1579 2026 1641 alios,
2041 1594 2179 1628 nunc
2196 1576 2745 1631 Gesnerus.'Schss·crs.

1741 1657 1937 1712 Quietis
1978 1656 2187 1718 glorians
2239 1656 2453 1720 cuiquam
2505 1657 2748 1720 invidere]

1672 1733 1872 1782 Vellem
1898 1743 1955 1782 ut
1982 1736 2031 1781 in
2060 1733 2326 1784 codicibus
2342 1735 2476 1783 Μαι.
2498 1748 2594 1798 pro
2613 1749 2742 1784 voce

1666 1809 1875 1869 gloriam
1919 1809 2228 1873 reperissem
2269 1810 2482 1870 gratim
2502 1824 2523 1868 ,-
2576 1811 2741 1873 major

1670 1884 1804 1931 enim
1830 1885 1921 1933 otii
1946 1893 2002 1933 et
2034 1884 2223 1948 quietis
2248 1885 2435 1948 gratis,
2459 1899 2612 1950 qnam
2636 1887 2741 1949 glo-

1669 1961 1764 2020 ria,
1790 1974 1904 2009 esse
1939 1967 2145 2024 potest3
2181 1958 2289 2016 sed,
2321 1960 2560 2009 omnibus
2593 1962 2737 2012 codi-

1668 2036 1816 2084 cibus
1840 2037 1891 2084 in
1923 2039 2182 2100 vulgatam
2222 2037 2492 2086 lectionem
2527 2040 2736 2102 conspi-

1668 2112 1918 2168 rantibus,
1937 2115 2059 2161 niliil
2096 2119 2256 2162 muto.
2287 2112 2359 2162 At
2385 2114 2571 2164 maluit
2599 2115 2735 2164 Arn-

1668 2190 1867 2237 tzenius
1911 2190 2086 2252 legere
2112 2189 2286 2250 gioria,
2321 2189 2375 2238 in
2409 2203 2534 2239 casu
2561 2198 2733 2254 sexto,

1664 2279 1815 2327 quam
1850 2266 2076 2326 gloriam,
2110 2265 2162 2314 in
2192 2280 2311 2314 casu
2338 2274 2562 2330 qnart03
2595 2270 2734 2334 quia,

1664 2341 1713 2389 ni
1741 2340 1911 2402 fallor,
1945 2342 2235 2403 elegantius
2265 2348 2416 2405 putat
2438 2342 2563 2398 dici,
2600 2345 2733 2394 ‘ali-

1661 2419 1744 2468 cui
1774 2418 2011 2469 invidere
2035 2421 2219 2485 gloria,
2242 2418 2516 2482 felicitate,
2539 2421 2736 2485 laude:

1663 2511 1835 2560 quam,
1875 2498 2063 2547 ‘alicui
2088 2498 2322 2547 invidere
2346 2498 2582 2561 gloriam,
2615 2499 2730 2549 feti·

1660 2573 1896 2634 citatem,
1911 2573 2155 2623 laudem!
2190 2574 2360 2639 Atque
2380 2589 2526 2638 ecce,
2542 2576 2595 2624 in
2610 2589 2728 2628 meo

1657 2650 1839 2698 codice
1881 2652 2129 2714 scriptum
2166 2659 2245 2701 est
2287 2653 2486 2713 glor-in
2525 2667 2729 2716 vernn,

1655 2725 1789 2788 quod
1815 2726 1995 2774 mirum
2022 2736 2121 2782 est,
2140 2728 2190 2776 in
2221 2727 2316 2777 boc
2341 2729 2493 2777 unico
2517 2729 2724 2787 codiee,

1654 2802 1734 2849 cui
1761 2802 1809 2849 iu
1834 2803 1932 2852 hoc
1969 2804 2084 2852 loco
2116 2818 2181 2853 ne
2204 2802 2409 2869 quidem
2435 2805 2604 2855 codex
2627 2806 2724 2856 Sa·

1654 2879 2012 2942 lisburgensis,
2050 2883 2127 2930 uti
2155 2882 2204 2929 in
2228 2881 2340 2930 aliis
2363 2881 2621 2943 plurimis,
2644 2897 2725 2932 as·

1651 2957 1891 3005 sentitur.
1959 2956 2316 3007 Animadverti
2340 2956 2570 3022 quidem,
2592 2958 2721 3008 Cor-

1656 3032 1801 3088 tium,
1841 3035 2001 3082 virum
2039 3035 2231 3097 alioqui
2261 3032 2518 3098 quondam
2541 3035 2722 3085 erudi·

1652 3116 1758 3158 tum
1785 3119 1840 3159 et
1881 3110 2305 3174 perindustrium,
2335 3110 2582 3173 Epistolis
2607 3111 2719 3162 Pti-

1650 3187 1834 3244 nianis,
1859 3189 2156 3251 ubicunque
2179 3187 2394 3235 verbum
2412 3193 2427 3217 ⁸
2448 3187 2689 3238 invidere
2708 3189 2726 3213 ’

1649 3263 1895 3326 occurrit,
1937 3263 2208 3313 intrusisse
2263 3263 2522 3312 insolitam
2569 3264 2717 3315 illam

1645 3350 1964 3391 structuram
1989 3356 2104 3390 cum
2131 3339 2336 3390 nomine
2366 3354 2517 3389 casus
2541 3342 2712 3404 sextig

1645 3432 1760 3468 cum
1783 3426 1962 3468 contra
1978 3418 2201 3468 omnium
2223 3418 2531 3482 reliquorum
2546 3420 2719 3485 scrip-

1646 3501 1813 3544 torum
1869 3510 2274 3560 excusorumque
2313 3495 2565 3545 librorum
2609 3496 2715 3546 dis·

1644 3586 1863 3635 sensum,
1881 3573 2029 3623 nnius
2054 3570 2249 3621 codicis
2276 3570 2510 3620 Medicei
2532 3580 2715 3622 aneto·

1643 3648 1803 3698 ritate
1828 3649 1895 3699 sit
1927 3649 2096 3699 nixus.
2163 3647 2419 3711 Equidem
2458 3648 2585 3696 mibi
2609 3662 2713 3698 nou

1643 3732 1818 3787 vacat,
1831 3725 1940 3788 jam
1967 3726 2031 3774 de
2058 3724 2156 3772 ista
2179 3731 2441 3773 structura
2465 3724 2611 3774 verbi
2634 3726 2711 3775 in·

1641 3800 1804 3851 videre
1825 3815 1889 3849 ex
1915 3801 2154 3849 instituto
2176 3812 2366 3862 agere:
2390 3800 2498 3848 seio
2515 3806 2708 3858 tamen,

1642 3875 1894 3928 Quinctil.
1916 3875 2091 3925 Instit.
2116 3874 2265 3924 Orat.
2288 3887 2365 3925 tx.
2391 3879 2438 3924 8.
2461 3877 2706 3933 indicare,

1640 3953 1887 4018 quosdam
1912 3967 2005 4003 sno
2037 3966 2150 4001 aero
2184 3952 2257 4000 ita
2290 3952 2430 4015 loqui
2466 3954 2704 4015 cepisse.

1639 4037 1697 4079 ut
1732 4044 1904 4079 casnm
1941 4036 2145 4078 sextum
2180 4027 2547 4091 conjunxerint
2583 4041 2702 4077 euin

1640 4106 1799 4155 verbo
1819 4106 2036 4154 invidere
2048 4120 2070 4163 ,-
2101 4111 2156 4153 at
2178 4103 2330 4153 istam
2355 4102 2596 4168 loquendi
2618 4117 2703 4154 ra·

1636 4181 1828 4232 tionem
1857 4181 1995 4231 idem
2024 4193 2128 4230 non
2156 4180 2280 4229 satis
2321 4180 2528 4243 probat,
2557 4194 2700 4229 eam·

498 4262 602 4303 tem
647 4257 877 4320 Trajani‚
918 4257 1079 4307 otium
1126 4273 1296 4309 amare
1334 4257 1560 4320 dicitur-3
1634 4274 1734 4324 que
1762 4259 1922 4310 tradit
1947 4258 2061 4310 usui
2082 4264 2338 4319 veterum,
2356 4265 2413 4307 et
2430 4258 2698 4322 sigillatim
