3060 4902
768 380 839 431 c.
888 380 1130 430 num
1180 371 1516 434 suevum
1572 386 1846 435 PANEG.

330 521 413 578 tis,
443 520 527 570 bic
565 520 685 573 est!
757 522 963 572 Plinius
1001 523 1191 586 Major,
1232 537 1313 573 rx.
1349 530 1398 575 5.

329 606 344 627 ·
380 600 624 647 cucumis
680 599 812 647 mira
868 600 1136 661 voluptate
1187 601 1399 651 Tiberio

332 677 552 738 principi
595 675 900 738 expetitus}
978 676 1145 736 Idem,
1185 690 1399 729 xxxttt.

327 757 377 802 7.
409 756 426 782 ⁸
454 754 522 802 Et
551 752 711 803 hodie
743 753 955 802 minium
986 752 1166 816 expeti
1191 760 1399 807 constat

330 830 630 894 AEtbiopum
662 830 903 894 populis.'
935 831 1178 881 Scitum-2.

398 908 582 956 Omnes
604 912 777 968 gentes
802 906 1026 970 invicem]
1071 908 1249 957 Omnes
1275 923 1396 970 gen-

323 989 398 1033 tes
418 990 468 1032 et
491 984 695 1033 invicem
716 985 778 1035 C.
814 984 977 1036 Livin-
1129 996 1135 1001 “

388 1059 643 1110 uber-me
661 1060 867 1109 discordi
884 1059 1219 1122 servientibus]
1255 1060 1396 1123 Pug-

326 1151 393 1186 na
417 1138 469 1185 in
494 1136 667 1186 verbis
688 1137 909 1187 videtur.
952 1138 1007 1187 si
1026 1138 1231 1187 enimin
1254 1138 1395 1187 liber-

324 1222 445 1270 tete,
468 1215 728 1280 quomodo
751 1217 766 1243 ⁸
784 1216 1075 1266 serviunt?
1130 1216 1233 1266 Sed
1252 1230 1394 1265 nem-

324 1308 393 1356 pe
416 1294 500 1341 vel
521 1293 600 1342 sic
623 1293 855 1356 regimen
876 1293 1084 1356 aliquod
1108 1302 1164 1343 et
1185 1293 1393 1358 imperi·

325 1383 414 1419 nm
445 1383 748 1433 paucorum,
775 1370 852 1418 vel
882 1370 1139 1434 plurium:
1185 1379 1239 1419 et
1262 1384 1394 1419 sem·

325 1460 424 1510 per
447 1445 708 1509 subJeetio
727 1460 791 1495 ac
816 1446 1086 1509 patientia.
1157 1446 1393 1496 Libertas

322 1521 585 1571 duntaxat
622 1529 864 1585 respectu
900 1522 1063 1585 magis
1094 1531 1255 1571 arctae
1288 1537 1392 1571 ser·

323 1599 505 1649 vitatis
526 1598 739 1649 dicitur.
794 1598 913 1648 Non
938 1608 1107 1649 tamen
1128 1600 1392 1663 displicuit

321 1675 604 1740 aliquando
623 1675 927 1725 sevientibus
948 1677 1079 1739 legi:
1119 1677 1257 1740 quod
1281 1675 1393 1727 fere

318 1753 588 1803 assiduum
612 1753 663 1801 in
687 1752 947 1815 libertate,
971 1760 1027 1803 ut
1049 1769 1166 1816 pars
1190 1762 1393 1817 partem

322 1837 553 1892 premat,
577 1838 631 1879 et
659 1831 852 1893 pellant
875 1831 1014 1880 inter
1035 1846 1112 1894 se,
1134 1839 1225 1881 aut
1245 1833 1391 1883 saevi·

322 1915 434 1954 ant.
469 1905 612 1968 Life.

323 2036 328 2039 ,
385 1982 637 2032 Liba-tate
657 1982 866 2033 discordi
885 1982 1219 2045 servientibus]
1254 1983 1324 2034 H.
1341 1999 1390 2035 e.

320 2060 641 2119 viventibus,
676 2066 767 2108 aut
807 2060 980 2123 potius
1025 2059 1391 2122 servientibus,

319 2137 373 2185 in
413 2137 689 2198 republica
721 2137 1103 2197 aristocratica,
1123 2144 1181 2185 et
1216 2135 1391 2186 demo·

319 2213 540 2273 cretica,
578 2220 672 2261 ant
707 2211 772 2263 ab
810 2212 1026 2276 imperio
1066 2211 1299 2261 Romano
1334 2212 1392 2261 li·

320 2288 470 2345 bere,
491 2302 608 2353 quar
646 2290 874 2352 speciem
906 2289 1113 2352 quidem
1147 2288 1303 2339 habet
1333 2289 1392 2338 li-

318 2366 561 2423 bertatis,
584 2367 673 2415 sed
708 2366 982 2416 admodum
1017 2365 1288 2422 discordis,
1313 2375 1392 2416 at·

315 2461 424 2511 qne
458 2443 774 2495 dissidentis.
840 2444 928 2493 Sic
957 2444 972 2471 ‘
994 2441 1239 2493 libertas'
1272 2443 1391 2492 sim·

317 2523 536 2588 pliciter
579 2522 648 2572 de
689 2521 961 2585 republica
993 2520 1160 2570 libera
1196 2520 1393 2570 dicitur

316 2601 481 2650 etiam
524 2614 558 2649 a
592 2600 777 2650 Tacito
819 2598 960 2648 Bist-
997 2610 1084 2646 nr.
1116 2601 1200 2646 72.
1248 2598 1263 2624 ‘
1287 2597 1391 2647 Sed

317 2677 484 2742 gloria
501 2677 679 2739 operis
697 2674 1018 2739 (Capitolii‚)
1038 2674 1269 2724 libertati
1287 2690 1390 2724 ser-

314 2763 471 2805 vatas
507 2753 670 2816 pulsis
705 2752 956 2814 Regibus.
981 2751 1234 2800 Horatius
1266 2752 1388 2800 Pul·

314 2831 490 2892 villus‚
508 2828 713 2887 consul,
731 2825 1029 2876 dedicavit.’
1063 2827 1149 2876 Sic
1168 2826 1387 2878 Romani

313 2907 621 2958 libertatem
648 2904 908 2961 dicebant,
932 2910 987 2956 et
1016 2903 1386 2969 rempublicam

313 3000 463 3037 suam
487 2983 748 3036 voe-bant
772 2983 1009 3044 liberam,
1027 2996 1163 3042 cum,
1182 2997 1212 3030 a
1235 2983 1385 3043 Regi·

313 3063 414 3113 bns
453 3061 643 3124 libera,
679 3067 951 3122 regeretur
994 3073 1026 3107 a
1070 3058 1386 3114 consulibus,

313 3147 525 3195 senatu.
561 3146 619 3187 et
654 3135 873 3186 tribunis
907 3135 1101 3199 plebis3
1139 3135 1237 3185 etsi
1272 3150 1385 3183 cum

307 3232 375 3268 co
409 3223 559 3267 statu
591 3227 772 3264 revera
795 3226 895 3263 non
919 3226 1098 3276 parum
1122 3211 1388 3261 servitutis

310 3295 566 3359 inquiete
580 3300 725 3341 esset
737 3291 1087 3355 conjunctum.
1133 3289 1234 3338 Ubi
1251 3290 1385 3337 enim

312 3373 573 3435 regimen,
608 3368 680 3417 ibi
709 3381 780 3418 ex
813 3367 977 3417 altera
1002 3375 1152 3430 parte
1183 3365 1383 3430 subjec-

311 3451 389 3499 tio
406 3459 466 3498 et
480 3446 759 3511 patientia.
803 3445 1033 3494 Maxime
1050 3456 1172 3493 vero
1192 3445 1385 3507 populi,

310 3526 404 3591 qai
437 3523 675 3575 nondum
715 3523 948 3571 Romano
984 3522 1198 3584 imperio
1233 3528 1384 3569 erant

310 3605 563 3668 sabjecti,
604 3617 661 3653 se
694 3601 961 3666 jactabant
1007 3599 1228 3661 liberos;
1285 3598 1383 3647 etsi

309 3682 546 3746 alioquin
579 3692 767 3742 aspera
791 3677 914 3727 vitae
938 3678 1236 3726 conditione
1271 3684 1382 3724 ute·

311 3766 516 3808 rentur.
580 3755 668 3805 Sic
701 3753 901 3803 Plinius
932 3753 1124 3816 Major,
1146 3766 1261 3801 cum
1293 3752 1383 3801 de·

306 3835 610 3898 scripsisset
625 3833 947 3881 Chaucorum
962 3831 1299 3893 provinciam,
1312 3829 1381 3878 vi·

312 3920 525 3975 tamque
557 3908 766 3968 duram,
787 3917 908 3956 xvr.
928 3910 975 3954 l.
1014 3906 1029 3933 ⁸
1059 3907 1124 3954 Et
1160 3906 1237 3953 lta·
1262 3918 1381 3968 gen·

308 3987 424 4048 tes:
446 3985 637 4050 inquit,
659 3985 676 4011 ⁸
696 3983 740 4032 si
763 3984 1037 4031 vincantur
1059 3982 1212 4030 hodie
1236 3996 1265 4028 a
1292 3996 1381 4043 po·

308 4067 432 4130 pulo
454 4065 718 4123 Romae,
734 4060 930 4111 servire
948 4074 1005 4108 se
1029 4059 1230 4108 dicunt.
1302 4059 1384 4107 lta

306 4151 385 4195 est
408 4139 657 4208 profecto
676 4155 692 4188 ε
727 4137 904 4188 multis
919 4134 1126 4186 fortuna
1146 4134 1314 4200 parcit
1332 4136 1381 4183 in

309 4222 545 4283 penam)
611 4216 812 4280 Itaque
845 4212 1050 4261 Plinius
1085 4219 1263 4261 noster
1293 4209 1384 4260 do·

306 4304 407 4363 eet,
429 4297 481 4348 in
510 4293 634 4347 istis
657 4289 891 4344 dissidiis
922 4288 1193 4354 perpetuis
1219 4301 1382 4353 popu-

1929 391 1973 434 t.
2005 372 2117 437 32.
2418 374 2550 440 615

1478 526 1665 589 lorum,
1683 528 1770 590 qui
1793 528 1890 578 sibi
1910 528 2181 578 videantur
2199 529 2369 586 liberi,
2386 532 2549 581 multo

1477 601 1787 652 deteriorem
1804 620 1920 654 esse
1938 607 2264 669 servitutem,
2279 623 2431 671 quam
2449 609 2547 659 sub

1475 677 1897 741 imperatoribus,
1923 690 2013 731 aut
2046 684 2262 746 imperio
2299 684 2548 735 Romano.

1475 752 1599 803 Huc
1623 755 1752 805 adeo
1779 758 2004 820 pertinet
2028 759 2286 808 sententia
2315 759 2403 809 illa
2436 761 2546 811 Ho-

1475 831 1603 879 meri
1634 832 1788 881 Iliad.
1808 839 1862 883 B.
1885 838 2000 883 204.
2053 835 2153 883 Οὔκ
2181 834 2360 895 ἀγαθὸν
2394 845 2542 885 πολυ-

1473 906 1697 969 κοιρανίη·
1722 906 1788 959 εἷς
1810 908 2020 972 κοίρανος
2036 910 2180 974 ἔστω,
2197 910 2277 962 Εἷς
2295 913 2544 968 βασιλεύς.

1387 1012 1392 1017 -
1474 983 1742 1034 Gesner-us
1788 987 2071 1050 ingeniose,
2110 1002 2207 1037 nec
2249 990 2342 1038 nisi
2388 991 2542 1042 unico

1474 1059 1623 1122 apice
1670 1062 1962 1125 immutato,
2002 1065 2052 1111 in
2100 1065 2266 1114 altera
2311 1065 2542 1114 editione

1474 1137 1663 1187 excudi
1692 1139 1851 1201 jussit
1891 1140 2105 1189 libertati
2144 1142 2351 1189 discordi
2391 1143 2540 1191 servi·

1470 1213 1672 1264 entibus.
1728 1214 1832 1263 Sed
1859 1230 1922 1264 ne
1948 1217 2047 1264 ista
2071 1217 2278 1279 quidem
2306 1217 2403 1266 levi
2430 1233 2541 1267 mu·

1474 1290 1671 1338 tatione
1694 1305 1825 1353 opus
1845 1306 1960 1341 esse
1982 1293 2199 1342 videtur.
2236 1301 2249 1320 ·
2268 1294 2542 1345 Libertate

1471 1366 1736 1431 discordi,’
1770 1368 1982 1430 dicitur,
2012 1377 2026 1398 ⁴
2054 1370 2254 1432 libera,'
2282 1371 2373 1421 sed
2398 1377 2413 1399 ⁴
2433 1372 2537 1420 din-

1471 1442 1615 1491 cordi
1663 1444 1965 1506 republica,'
2003 1446 2207 1496 scilicet
2242 1448 2537 1507 existente3

1471 1519 1549 1567 uti
1575 1519 1685 1568 Cic.
1711 1521 1890 1569 Famil.
1912 1534 2007 1571 xv,
2034 1526 2086 1570 6.
2108 1522 2253 1583 dicit,
2285 1527 2300 1553 ⁸
2325 1524 2536 1573 Utinam

1470 1601 1524 1645 te
1562 1594 1781 1657 videam,
1818 1598 2088 1661 republica
2124 1599 2355 1661 meliore,
2384 1615 2535 1664 quam

1472 1670 1667 1720 timeo?
1746 1674 1977 1724 Verbum
2022 1675 2286 1726 ‘servire'
2330 1677 2538 1740 ponitur

1468 1745 1727 1811 absolute,
1752 1763 1845 1812 pro
1877 1751 1927 1798 iu
1959 1752 2216 1801 servitute
2250 1768 2380 1803 esse.
2448 1754 2537 1804 Sic

1467 1839 1608 1888 saepe
1640 1825 1868 1890 loquitur
1902 1828 2104 1879 Plinius
2147 1829 2350 1893 Maj0r3
2397 1845 2445 1879 v.
2481 1846 2535 1895 ς.

1467 1913 1550 1949 rx.
1572 1905 1653 1950 54.
1685 1910 1698 1931 ‘
1725 1903 1970 1953 Nondum
2007 1905 2312 1956 Britannica
2345 1909 2538 1958 servie-

1469 1976 1597 2026 bant
1635 1977 1827 2028 litora.'
1880 1993 1987 2029 κη.
2022 1985 2104 2030 26.
2149 1983 2163 2008 ⁸
2188 1981 2362 2032 Ser-vit
2399 1999 2536 2034 nunc

1464 2050 1671 2111 Judoea,
1714 2062 1768 2102 et
1816 2055 2013 2106 tributa
2058 2057 2240 2120 pendit
2277 2074 2397 2108 cum
2441 2074 2538 2109 sua

1466 2129 1663 2193 gente!
1729 2131 1898 2181 Tacit.
1928 2131 2122 2183 Annal.
2148 2148 2266 2184 xiv.
2291 2140 2372 2184 35.
2405 2136 2421 2162 ‘
2448 2138 2534 2186 Vi·

1467 2213 1653 2255 verent
1681 2206 1794 2269 viri,
1813 2216 1865 2256 et
1885 2209 2182 2260 servirent!
2236 2213 2407 2261 Etiam
2427 2214 2537 2263 Pli-

1470 2281 1582 2330 nius
1617 2290 1811 2345 noster,
1835 2284 2004 2348 Epist.
2031 2298 2120 2335 tn.
2149 2290 2227 2335 14.
2262 2290 2277 2313 ⁴
2298 2289 2402 2340 Qui
2430 2304 2538 2339 ser·

1468 2358 1603 2407 visse
1642 2365 1843 2420 patrem
1881 2373 2026 2408 suum
2065 2376 2244 2423 parum
2280 2365 2541 2413 meminis-

1466 2433 1585 2485 set!
1653 2435 1822 2499 Epist.
1851 2451 1973 2486 vin.
2000 2442 2081 2488 24.
2118 2440 2132 2466 ‘
2164 2439 2243 2490 Ne
2272 2440 2410 2490 inter
2431 2456 2539 2492 ser-

1470 2512 1690 2572 vienteS‚
1722 2528 1873 2576 quam
1916 2513 2124 2574 liberos,
2159 2516 2428 2567 humanior
2462 2519 2539 2568 fu-

1467 2591 1569 2639 isse
1593 2589 1852 2641 videaris!
1888 2591 2126 2642 Schwarz.

1536 2669 1724 2732 Quippe
1738 2669 1985 2734 discretis]
2017 2670 2142 2718 Cum
2164 2671 2362 2720 Plinius
2381 2673 2538 2737 signi-

1466 2742 1623 2793 ficare
1657 2746 1899 2806 voluerit,
1922 2746 2084 2795 multo
2120 2744 2385 2798 feliciores
2418 2764 2538 2798 eva·

1465 2822 1596 2871 sisse
1634 2823 1948 2887 provincias,
1985 2830 2269 2887 gentesque
2308 2833 2536 2880 exteras.

1464 2914 1580 2962 quae
1624 2897 1745 2948 fidei
1795 2907 1850 2947 et
1897 2900 2148 2962 potestati
2203 2900 2535 2962 imperatoris

1468 2974 1684 3022 Romani
1723 2973 1913 3022 fuerint
1943 2975 2216 3037 subjectae,
2239 2989 2391 3037 quiam
2417 2992 2534 3038 quae

1463 3064 1555 3098 suo
1578 3051 1698 3112 jure
1723 3056 1777 3099 et
1806 3049 2030 3098 discordi
2055 3049 2303 3100 libertate
2328 3061 2535 3102 uteren-

1466 3134 1577 3176 tur:
1601 3141 1734 3176 nunc
1750 3141 1860 3174 eam
1876 3126 2189 3176 sententiam
2207 3141 2234 3175 e
2255 3129 2368 3177 loco
2382 3127 2533 3181 effec-

1465 3213 1632 3255 torum
1653 3206 1853 3268 probat.
1869 3203 2190 3268 ‘Discretis‚'
2205 3207 2391 3272 inquit,
2406 3210 2421 3235 ⁴
2441 3209 2531 3257 bo·

1463 3282 1542 3330 nis
1565 3282 1809 3336 omnium,
1828 3296 1915 3330 sua
1941 3283 2191 3346 cujusque.
2219 3282 2283 3332 ad
2303 3284 2530 3348 singulos

1462 3361 1599 3409 mala
1624 3358 1924 3423 pertinent:
1962 3360 1993 3407 i.
2016 3376 2063 3408 e.
2087 3362 2127 3410 si
2161 3362 2295 3411 bona
2331 3365 2526 3427 etjut·a

1459 3438 1689 3488 omnium
1721 3437 2025 3501 populorum
2050 3446 2104 3486 et
2128 3440 2528 3501 provinciarum.

1462 3514 1512 3564 in
1550 3517 1652 3564 ista
1686 3513 1913 3574 discordi
1945 3513 2211 3577 libertate,
2245 3518 2388 3580 qttasi
2426 3518 2529 3566 dis-

1458 3601 1607 3641 creta
1631 3597 1685 3640 et
1708 3597 1949 3652 separata
1973 3599 2110 3652 suut,
2136 3590 2228 3647 ita,
2254 3600 2308 3640 ut
2334 3596 2528 3657 quaevis

1458 3682 1584 3731 gens
1618 3682 1710 3716 suo
1745 3674 1922 3715 utatur
1948 3668 2089 3729 jure,
2112 3681 2208 3717 nec
2233 3683 2409 3718 omnes
2436 3673 2524 3720 uni

1457 3743 1675 3807 imperio
1707 3742 1809 3791 siut
1834 3742 2115 3804 subjectae3
2156 3753 2280 3793 tunc
2305 3761 2406 3794 suae
2434 3762 2521 3796 cu·

1449 3823 1642 3886 jusque
1670 3820 1843 3882 populi
1866 3820 2187 3869 calamitates
2210 3821 2447 3883 publicae.
2468 3834 2526 3875 ut

1458 3899 1710 3947 sterilitas
1731 3903 1900 3957 terrae,
1921 3903 1974 3945 ut
1997 3910 2214 3945 annonae
2237 3899 2451 3962 caritas,
2471 3909 2528 3952 ut

1457 3974 1780 4040 pestilentia,
1804 3981 1856 4022 et
1888 3973 2088 4022 hostilis
2114 3976 2328 4035 invasio,
2356 3979 2527 4040 singu-

1459 4055 1536 4102 los
1561 4052 1781 4116 populos
1805 4051 2046 4113 civesque
2071 4047 2338 4113 affligunt;
2374 4067 2530 4116 prop-

1462 4137 1608 4181 terea
1631 4127 1766 4193 quod
1791 4126 2046 4175 neminem
2071 4127 2225 4174 alium
2251 4128 2330 4176 vel
2366 4127 2528 4192 impe-

1457 4214 1682 4268 rantem,
1713 4206 1793 4254 vel
1833 4204 2080 4268 populum
2113 4203 2326 4262 liabent,
2361 4218 2391 4253 a
2426 4221 2528 4269 quo

1459 4283 1702 4337 auxilium
1761 4280 2165 4345 praesidiumque
2224 4281 2530 4347 expectent.
