3060 4902
501 366 637 434 600

505 531 789 591 necdumque
842 526 1150 578 emendarit.
1231 525 1339 576 Sed
1388 524 1565 575 nescio

507 606 694 670 quibus
723 604 934 668 optimis
957 602 1226 654 codicibus
1260 617 1377 650 usus
1400 603 1468 651 sit
1487 602 1566 650 vir

507 681 718 741 doctus,
750 687 942 743 praeter
977 679 1049 729 Is.
1075 679 1249 728 Vossii
1284 685 1340 727 et
1375 677 1567 727 codicis

505 756 955 820 Guelpherbytaui
974 757 1261 817 Excerpta.
1317 754 1387 803 At
1407 755 1458 803 in
1483 769 1570 803 co·

505 833 623 883 dice
664 833 1146 896 Guelpherbytano,
1189 830 1439 894 particula
1483 846 1571 881 co·

507 911 740 974 pulativa
767 915 813 959 et
844 924 944 960 non
977 910 1311 972 conspicitur.
1379 910 1568 972 Neque

508 1001 619 1036 eam
651 987 701 1035 in
728 986 899 1035 Vossii
940 987 1215 1047 Excerptis
1248 985 1433 1049 quibus
1468 999 1567 1046 ego

507 1074 648 1123 utor,
683 1077 854 1126 neque
889 1062 940 1110 in
980 1062 1244 1111 codicibus
1284 1063 1412 1111 Μαι.
1441 1076 1567 1126 quos

507 1140 776 1190 consulere
796 1139 916 1188 mihi
939 1138 1203 1203 hucusque
1226 1139 1468 1201 contigit,
1493 1139 1569 1188 in-

509 1216 673 1266 venio.
725 1215 980 1265 Livineius
1017 1217 1175 1265 etiam
1209 1217 1481 1277 necdumne,
1502 1228 1570 1264 ex

508 1293 618 1342 sola
648 1294 973 1356 conjectura,
1013 1301 1222 1342 notarat
1244 1293 1295 1341 in
1331 1307 1422 1341 ora
1458 1292 1569 1342 edi·

509 1371 660 1420 tionis
705 1384 829 1419 suae.
914 1369 1090 1434 Atque
1144 1372 1219 1420 ita
1265 1371 1570 1434 plerumque

504 1448 712 1510 haesito,
747 1447 788 1495 si
824 1447 1031 1511 quidam
1078 1447 1248 1497 critici
1281 1448 1570 1510 generatim

507 1530 792 1586 provocant
813 1523 878 1570 ad
898 1521 1052 1571 fidem
1071 1523 1307 1572 codicum
1327 1525 1458 1571 Mss.
1482 1536 1571 1570 ne·

508 1614 611 1663 que
643 1600 773 1648 ullos
805 1600 1102 1648 nominatim
1142 1599 1437 1661 designaut.
1506 1598 1569 1647 Id

508 1684 685 1726 autem
727 1675 1103 1736 animadverto,
1146 1675 1198 1722 in
1246 1674 1476 1737 plurimis
1514 1676 1569 1724 li-

509 1753 610 1803 bris
652 1752 859 1815 scriptis
898 1765 1073 1800 vocem
1107 1765 1194 1799 nec
1219 1752 1331 1799 dum
1367 1751 1571 1800 divisim

507 1829 755 1892 scriptam
792 1841 924 1890 esse,
961 1833 1020 1876 ut
1057 1825 1194 1875 forte
1233 1826 1570 1884 indicaretur,

509 1905 561 1952 in
600 1902 861 1966 particula
882 1917 966 1951 nec
988 1903 1094 1964 jam
1132 1903 1295 1950 latere
1333 1902 1573 1965 copulam

505 1982 572 2026 et.
637 1977 723 2025 Sic
745 1978 902 2027 etiam
925 1978 1125 2027 Plinius
1152 1977 1347 2041 absque
1369 1978 1466 2026 hac
1488 1992 1576 2026 co·

508 2053 630 2117 puls
674 2055 879 2103 locutus
920 2060 1001 2102 est
1036 2067 1190 2103 nxtv.
1234 2058 1281 2102 2.
1332 2054 1575 2116 ‘Stupeo,

511 2130 573 2179 Ρ.
598 2129 661 2179 C.
695 2143 792 2179 nec
815 2130 935 2179 dum
956 2131 1105 2190 satis,
1127 2136 1216 2178 aut
1239 2129 1397 2178 oculis
1430 2131 1576 2185 meis,

512 2213 604 2255 aut
626 2205 854 2268 auribus,
875 2207 1069 2256 credo.’
1114 2206 1199 2256 Ad
1225 2222 1375 2272 quem
1405 2207 1573 2256 locum

510 2281 649 2346 vide,
671 2283 715 2331 si
752 2283 918 2339 lubet,
949 2282 1360 2332 observationem
1394 2297 1578 2332 meam.

508 2359 688 2409 Nihilo
720 2360 886 2410 minus
911 2360 1130 2410 admitto
1165 2374 1463 2423 expressam
1490 2375 1576 2410 co-

510 2436 686 2499 pulam
710 2441 777 2497 et,
816 2436 938 2501 quia
980 2443 1178 2486 tantum
1218 2436 1385 2498 abest,
1414 2442 1472 2485 ut
1508 2450 1576 2486 ex

511 2510 625 2574 ejus
671 2512 969 2576 adjectione
1014 2513 1255 2562 damnum
1313 2513 1575 2577 quoddam

491 2587 769 2638 inferatur
805 2589 1023 2638 orationi
1062 2589 1241 2651 Plinii,
1271 2597 1329 2639 ut
1363 2605 1423 2638 ea
1454 2589 1576 2638 inde

513 2665 701 2714 nostris
746 2663 952 2714 auribus
992 2665 1165 2727 potius
1213 2665 1415 2714 accidat
1461 2663 1576 2715 flui-

509 2739 643 2788 dior.
711 2740 954 2803 Inprimis
990 2748 1164 2790 autem
1190 2755 1271 2789 me
1306 2750 1480 2791 movet
1511 2742 1576 2791 ad

511 2817 751 2879 copulam
807 2817 941 2868 lianc
1011 2817 1384 2881 recipiendam,
1439 2818 1578 2883 quod

511 2893 716 2947 Plinius
757 2893 977 2944 eandem
1033 2894 1156 2943 alibi
1201 2908 1407 2958 quoqne
1461 2909 1578 2944 cum

512 2970 767 3034 particula
809 2973 1005 3020 necdum
1064 2971 1362 3036 conjunxit.
1444 2971 1578 3023 Quas

514 3049 754 3111 exempla
798 3050 996 3111 optimo
1035 3050 1248 3098 consilio
1272 3048 1382 3112 jam
1419 3064 1580 3098 anno-

514 3125 648 3174 tavit
684 3125 1014 3175 Arntzenins.
1082 3125 1337 3175 Nimirum
1380 3140 1503 3176 xtv.
1530 3130 1578 3175 1.

513 3199 530 3227 ‘
552 3199 624 3249 Et
644 3199 861 3249 necdum
885 3201 1185 3264 imperator,
1210 3215 1305 3249 nec
1331 3201 1449 3250 dnm
1478 3201 1579 3251 Dei

513 3273 650 3324 filius
678 3276 832 3325 eras.'
899 3278 968 3326 Et
998 3291 1107 3327 nvt-
1139 3282 1187 3327 2.
1227 3278 1243 3305 ‘
1263 3279 1331 3327 Et
1357 3279 1578 3329 necdum

515 3350 582 3400 de
606 3351 814 3402 biennio
858 3353 1073 3416 loquor.'
1127 3353 1579 3419 Perperamdeni·

515 3441 617 3493 que
658 3428 825 3500 codex
870 3429 1189 3493 Guelpbicus
1235 3432 1289 3480 in
1334 3431 1581 3494 proximis

517 3504 689 3554 verbis
721 3506 881 3556 babet
912 3507 1157 3556 abdiderat
1175 3521 1284 3571 ,pro
1310 3509 1582 3557 addiderat.

515 3579 686 3632 Idem.

579 3656 784 3706 Amnem
818 3656 977 3719 suum]
1029 3657 1116 3707 Sic
1179 3658 1327 3706 Nilus
1371 3657 1584 3722 saepius,

515 3747 619 3784 non
642 3735 806 3783 solum
830 3748 860 3782 a
883 3742 1061 3784 nostro
1097 3734 1289 3800 Plinio,
1309 3735 1399 3784 sed
1424 3736 1581 3787 etism

516 3811 582 3861 ab
596 3811 705 3876 ejus
720 3812 999 3874 avunculo,
1013 3811 1233 3876 aliisque
1252 3813 1400 3863 bonis
1416 3814 1516 3863 scri
1524 3829 1583 3877 p·

515 3887 735 3950 toribus,
771 3887 873 3937 κατ’
895 3887 1069 3951 ἐξοχὴν
1099 3888 1326 3938 ‘amnis'
1359 3896 1416 3940 et
1448 3897 1464 3919 ‘
1483 3886 1579 3938 fln-

517 3963 628 4013 vius
648 3962 664 3985 ⁹
705 3973 939 4016 vocatur.
1028 3966 1193 4016 Sicuti
1231 3981 1354 4017 vero
1398 3975 1452 4017 et
1492 3968 1582 4018 alii

516 4044 715 4109 populi,
738 4059 877 4095 verae
905 4046 1168 4108 religionis
1202 4053 1467 4111 expertes,
1486 4045 1583 4098 flu·

516 4120 738 4170 minibus
757 4122 896 4187 suis,
932 4129 1148 4186 propter
1168 4121 1418 4186 insignem
1443 4123 1583 4174 utili·

518 4205 704 4263 tatem,
719 4197 967 4249 effinxere
990 4199 1334 4262 divinitatem,
1357 4199 1583 4250 divinos·

517 4287 618 4339 que
640 4275 877 4327 tribuere
897 4276 1156 4340 honores3
1188 4275 1264 4329 ita
1280 4277 1582 4346 cumprimis

1200 383 1416 432 NO'I'AE
1464 380 1872 430 vammum
1927 381 2007 429 m

1646 523 1901 586 AEgyptns
1934 523 2070 573 hnnc
2092 534 2291 573 amnem
2317 535 2481 579 snum,
2504 523 2710 587 Nilum,

1648 609 1892 664 tanquam
1934 603 2100 650 Deum
2133 602 2304 650 colere
2349 609 2404 651 et
2444 603 2711 662 invocare,

1644 675 1792 724 solita
1818 684 1913 726 est.
1983 676 2044 724 Id
2083 676 2245 725 tradit
2275 677 2420 727 Plut.
2460 678 2524 725 de
2563 676 2708 727 Iside

1645 759 1701 800 et
1724 750 1964 801 Osiride:
2001 752 2153 803 Οὐδὲν
2185 753 2307 802 οὕτω
2341 754 2455 814 τιμὴ
2476 753 2710 815 Alvus-ri·

1645 844 1732 891 ons,
1769 829 1829 878 ὥς
1861 829 1888 876 ὁ
1922 832 2112 879 Νεῖλος.
2154 831 2297 879 Nihil
2332 831 2381 879 in
2420 831 2597 890 mnjore
2632 835 2709 880 est

1643 908 1894 971 AEgyptis's
1929 908 2119 968 honore,
2155 923 2297 972 quum
2338 908 2499 957 Nilus.
2565 909 2636 957 Et
2675 921 2709 957 e

1644 983 1879 1045 patribus
1922 983 2256 1045 Athanasius,
2298 985 2386 1047 qui
2434 983 2710 1047 AEgyptius

1645 1058 1756 1121 ipse
1774 1056 1891 1121 fuit,
1908 1059 1957 1106 in
1981 1058 2135 1109 Orat.
2153 1067 2335 1109 contra
2350 1059 2569 1121 Gentes,
2588 1073 2710 1123 pag.

1645 1138 1726 1183 20.
1763 1141 2004 1191 testatur,
2044 1138 2204 1185 etiam
2245 1135 2371 1184 alios
2410 1133 2622 1184 flumina
2652 1141 2711 1183 et

1646 1208 1843 1272 fontes,
1880 1211 2102 1259 omnium
2150 1218 2322 1260 autem
2362 1210 2586 1259 maxime
2622 1208 2710 1259 ΔΞ-

1647 1286 1877 1348 gyptios,
1918 1301 2104 1350 aquam
2148 1288 2413 1351 praecipne
2456 1286 2714 1348 venerari,

1650 1361 1896 1425 Deosque
1929 1363 2212 1425 appellare.
2280 1363 2366 1413 Ita
2390 1372 2444 1411 et
2465 1362 2570 1413 Jul.
2595 1362 2712 1411 Fir-

1648 1439 1808 1488 micus
1846 1441 1910 1490 de
1941 1442 2119 1491 Error.
2151 1441 2299 1492 Prof.
2326 1443 2491 1503 Relig.
2516 1443 2713 1506 AEgyp·

1648 1516 1736 1565 tii:
1773 1518 1786 1542 ‘
1807 1515 2034 1579 Incolae‚’
2050 1518 2236 1583 inquit,
2255 1520 2269 1547 ‘
2289 1534 2537 1584 aquarum
2555 1520 2713 1569 bene·

1647 1591 1769 1641 ficia
1807 1595 2171 1657 percipientes,
2207 1610 2390 1660 aquam
2428 1596 2626 1653 colunt,
2656 1610 2711 1645 a·

1648 1671 1761 1733 quis
1797 1672 2114 1734 supplicant,
2153 1686 2313 1736 aquas
2348 1671 2714 1735 superstitiosa

1649 1746 2036 1796 continuatione
2049 1746 2398 1797 venerantur-²
2415 1748 2549 1796 Vide
2561 1747 2717 1798 Voss.

1650 1821 1713 1869 de
1738 1821 2066 1883 Idololatria,
2100 1837 2162 1872 n.
2192 1826 2276 1873 74.
2299 1824 2386 1888 qui
2410 1830 2466 1872 et
2489 1837 2606 1887 cap.
2628 1827 2714 1873 ⁷5.

1650 1897 1762 1945 ltaec
1786 1897 1950 1953 addit,
1987 1904 2002 1927 ‘
2022 1899 2173 1948 Nilus
2200 1899 2459 1963 AEgyptiis
2498 1908 2578 1949 est
2614 1912 2716 1963 pro

1649 1971 1784 2022 Jove
1805 1974 1979 2036 pluvio
1996 1973 2029 2033 ς’
2056 1976 2216 2036 unde,
2238 1989 2337 2025 non
2356 1975 2582 2025 Ovidius
2601 1976 2717 2039 qni·

1651 2047 1788 2104 dem,
1833 2049 1966 2113 quod
2013 2049 2073 2099 L.
2105 2051 2307 2100 Seneca
2346 2052 2476 2102 Nat.
2514 2052 2719 2104 Quaest.

1649 2138 1728 2174 ιν.
1773 2131 1821 2174 2.
1863 2128 2111 2176 memoria
2152 2129 2347 2193 lapsus,
2386 2128 2569 2193 refert,
2617 2128 2717 2180 sed

1649 2204 1862 2267 aequalis
1899 2205 2032 2269 ejus,
2066 2206 2326 2267 Tibullus,
2356 2220 2395 2255 ι.
2416 2211 2467 2256 7.
2501 2206 2720 2269 cecinit,

1649 2280 1666 2306 ‘
1684 2280 1757 2329 Te
1784 2289 2016 2344 propter,
2036 2283 2203 2331 nullos
2229 2283 2381 2333 tellus
2419 2288 2506 2331 tua
2537 2289 2718 2347 postu·

1650 2356 1722 2406 lat
1764 2357 1983 2420 imbres3
2028 2359 2194 2408 Arida
2231 2374 2328 2410 nec
2362 2361 2553 2410 Pluvio
2592 2375 2718 2425 sup-

1653 2433 1816 2497 plicat
1839 2433 1999 2485 herba
2024 2435 2057 2489 J
2064 2434 2185 2486 ovi?
2252 2437 2590 2487 Parmenonis
2616 2437 2721 2488 eti·

1652 2524 1732 2559 am
1759 2511 1996 2574 Byzantii
2016 2521 2098 2562 est
2120 2512 2258 2577 apud
2278 2514 2469 2563 Athen.
2488 2513 2722 2575 Αἰγύπτιε

1651 2588 1757 2641 Ζεῦ.
1780 2589 1946 2638 Νεῖλε.
1989 2588 2326 2651 Heliodorus,
2342 2590 2618 2654 AEthiop.l.
2637 2604 2719 2642 tx.

1652 2679 1706 2728 p.
1727 2669 1843 2714 423.
1879 2664 2063 2723 refert,
2095 2667 2250 2717 Nilos
2286 2670 2564 2719 maximum
2598 2683 2719 2720 esse

1654 2740 1790 2804 apud
1818 2741 2089 2804 AEgyptios
2109 2740 2320 2806 festum,
2340 2743 2478 2809 quod
2503 2744 2717 2808 quidem

1653 2820 1795 2868 circa
1838 2819 2113 2869 solstitium
2168 2821 2404 2872 aestivum
2458 2822 2721 2874 celebrari

1653 2898 1885 2959 solitum,
1930 2898 2138 2961 quando
2195 2899 2399 2950 initium
2444 2901 2721 2952 crescendi

1655 2975 1858 3036 ceperit
1881 2973 2085 3025 fluvius.
2141 2977 2416 3041 AEgyptios
2444 2977 2601 3042 enim,
2626 2979 2723 3038 ait,

1657 3049 1836 3098 Nilum
1872 3050 2067 3113 fingere
2099 3053 2291 3114 Deum,
2315 3061 2371 3103 et
2393 3069 2458 3103 ex
2494 3055 2721 3107 numini·

1656 3126 1750 3176 bns
1775 3128 2071 3186 maximum,
2101 3131 2343 3179 aemulum
2379 3130 2590 3196 quidem
2614 3148 2722 3184 coe·

1656 3203 1709 3261 li,
1756 3204 1890 3269 quod
1931 3204 2131 3269 absque
2173 3205 2391 3255 nubibus
2436 3215 2491 3256 et
2530 3206 2722 3271 pluviis

1654 3280 1823 3331 aiireis
1865 3297 1992 3331 arva
2034 3282 2236 3345 irriget.
2304 3282 2604 3335 Hardninns
2647 3284 2721 3336 ad

1656 3358 1882 3408 Plinium
1904 3358 2157 3423 Majorem
2181 3372 2347 3410 xvttt.
2371 3365 2451 3411 la.
2484 3362 2723 3413 meminit

1657 3435 1787 3483 aenei
1812 3434 2032 3497 alicujus
2055 3438 2267 3498 nummi,
2286 3437 2375 3501 qui
2400 3439 2451 3487 in
2478 3439 2723 3490 thesauro

1656 3509 1800 3572 regio
1825 3518 2139 3572 asservatur,
2173 3513 2248 3561 sic
2280 3513 2486 3576 quidem
2523 3515 2723 3579 incrip-

1658 3592 1760 3641 tus,
1796 3598 1924 3634 neo.
1958 3597 2186 3635 sancro-
2221 3600 2372 3636 nmo.
2400 3588 2487 3638 ubi
2511 3591 2725 3655 conspi-

1656 3662 1793 3711 citur
1811 3661 1978 3710 Flnvii
1994 3661 2352 3712 decumbentis
2370 3663 2586 3729 effigies,
2601 3680 2723 3731 qun

1657 3751 1802 3786 urnas
1855 3737 2116 3800 innititur,
2170 3737 2472 3789 arundinem
2529 3742 2724 3794 dextra

1659 3819 1839 3875 tenet3
1898 3815 2106 3864 sinistra
2145 3828 2305 3865 cornu
2345 3817 2538 3881 copie,
2584 3818 2725 3872 infra

1658 3903 1783 3940 Αιε.
1851 3890 2022 3942 Quam
2060 3891 2268 3957 quidem
2309 3893 2727 3962 inscriptionem,

1659 3975 1716 4018 et
1737 3969 1904 4032 ipsum
1941 3982 2147 4033 qnoque
2182 3983 2387 4034 nomen,
2413 3984 2561 4035 mm,
2584 3972 2725 4024 Har-

1659 4046 1845 4096 duinus
1881 4059 1993 4110 sno,
2029 4046 2081 4095 h.
2115 4060 2165 4096 e.
2208 4047 2337 4097 miro
2380 4055 2438 4097 et
2477 4057 2727 4103 contorto

1657 4135 1817 4178 more,
1842 4122 2242 4186 interpretatur,
2271 4123 2347 4172 ita
2375 4131 2434 4174 nt
2455 4139 2523 4174 ex
2548 4126 2728 4191 singu·

1656 4200 1722 4249 lis
1744 4198 1910 4249 literis
1933 4198 2140 4262 integra
2162 4198 2325 4249 verba
2347 4199 2542 4257 eliciat,
2561 4209 2726 4268 atque

1657 4276 1743 4334 nic
1764 4289 1831 4326 ex
1858 4275 2064 4327 nomine
2097 4288 2232 4327 mm
2269 4276 2546 4343 procudat,
2579 4285 2594 4309 ⁸
2615 4280 2730 4333 Ne·
