3060 4902
921 392 985 439 G.
1032 389 1274 439 emm!
1324 389 1660 441 suom-tm
1712 391 1989 442 PANEG.

487 536 574 585 hi:
614 534 735 586 Hoc
758 533 891 586 duce
931 534 996 599 (i.
1031 548 1080 584 e.
1113 533 1477 599 imperatore,)
1511 536 1555 585 si

487 611 598 661 dixi
643 609 821 662 felicia
865 611 1071 673 saecula,
1109 625 1307 676 proque
1347 612 1556 662 Caesare

489 696 606 738 tura
633 688 747 752 pius
771 686 1172 752 Cesaribusqne
1196 685 1352 749 dedi;
1375 687 1431 738 Si
1456 687 1559 737 suit

487 765 572 815 hic
602 763 803 814 animus
837 763 1002 823 nobis,
1025 763 1099 813 ita
1132 764 1351 828 parcite,
1386 764 1510 814 Divi
1529 763 1560 816 !’

488 839 737 896 Videsne,
774 840 911 889 hune
957 853 1074 889 esse
1109 840 1263 904 hujus
1304 841 1556 891 orationis

488 916 728 967 sensum?
771 916 943 979 Rogo.
974 923 1032 965 ut
1065 917 1187 966 mihi
1222 916 1467 981 pareatis,
1502 927 1558 967 et

487 994 694 1059 quidem
721 1007 823 1042 non
860 992 962 1041 alia
991 991 1310 1054 conditione,
1335 1008 1488 1058 quam
1513 995 1555 1043 si

486 1071 539 1120 id
559 1084 662 1119 non
683 1067 784 1119 feci
810 1083 874 1117 ex
898 1069 1110 1126 malitia,
1132 1070 1223 1118 sed
1249 1085 1343 1133 per
1362 1070 1556 1132 impru-

489 1147 751 1208 dentiam3
787 1146 935 1210 sique
969 1160 1175 1210 semper
1211 1146 1417 1196 laudavi
1449 1146 1556 1196 Au·

487 1231 718 1286 gustum,
754 1233 806 1274 et
831 1225 943 1289 ejus
968 1224 1266 1288 imperium,
1292 1224 1437 1288 sique
1462 1239 1557 1288 pro

486 1301 603 1365 ejus
656 1302 822 1350 sainte
883 1300 997 1350 Diis
1051 1299 1357 1350 sacrificavi.
1422 1300 1556 1352 Haee

489 1377 624 1426 enim
650 1376 692 1425 si
712 1374 828 1433 feci,
851 1376 1041 1439 dignus
1065 1390 1196 1438 sum,
1219 1376 1305 1426 cui
1328 1377 1558 1440 parcatis

489 1459 546 1502 et
589 1454 740 1516 cnjus
790 1453 1155 1510 misereamini,
1192 1456 1294 1504 διο.
1360 1454 1555 1503 Similis

488 1530 632 1579 locus
655 1529 819 1580 Trist.
838 1543 926 1579 m.
942 1534 992 1579 ὃ.
1010 1533 1091 1579 21.
1107 1544 1252 1594 seqq.
1284 1532 1351 1581 Et
1370 1531 1559 1581 tertius

492 1606 633 1654 iocus
681 1613 760 1655 est
803 1605 957 1656 Trist.
998 1620 1052 1654 v.
1092 1610 1142 1654 3.
1182 1611 1264 1655 63.
1320 1606 1560 1672 Apparet

489 1694 645 1743 nunc,
670 1683 782 1746 quis
806 1695 958 1731 verus
982 1682 1051 1731 sit
1073 1696 1274 1743 sensus,
1300 1698 1415 1746 qnae
1435 1697 1558 1732 vera

491 1761 649 1809 verba
668 1760 844 1810 Plinii.
913 1761 1000 1809 Sic
1020 1760 1220 1810 scilicet
1242 1761 1520 1824 legendum
1544 1778 1557 1811 :

500 1837 595 1886 Vos
648 1838 782 1886 modo
818 1836 988 1896 sat-ete
1037 1836 1167 1897 huic,
1220 1837 1362 1901 (scil.
1418 1836 1560 1901 meo)

487 1915 743 1979 proposito,
765 1915 1036 1977 etquidem,
1059 1913 1104 1963 si
1124 1928 1265 1963 cursu
1302 1947 1316 1963 .
1353 1945 1369 1961 .
1403 1947 1416 1961 .
1449 1913 1559 1962 sub·

489 1991 640 2049 stiti3
672 1992 735 2053 si,
768 2006 874 2042 cum
926 1992 1153 2052 viderem,
1188 2023 1203 2038 .
1246 2025 1260 2040 .
1309 2024 1322 2040 .
1357 1991 1506 2040 malui
1538 2006 1559 2048 ;

487 2069 533 2118 si
555 2069 693 2117 matis
726 2101 740 2116 .
777 2105 790 2119 .
830 2101 844 2116 .
877 2082 1135 2125 numeror-5
1169 2068 1213 2116 si
1237 2068 1455 2130 denique,
1477 2069 1560 2131 ξε.

492 2145 645 2206 Volo,
681 2145 849 2210 inquit
886 2144 1108 2203 Piinius,
1144 2158 1246 2193 non
1290 2144 1395 2192 alia
1436 2157 1558 2193 con-

490 2222 694 2272 ditione
728 2238 757 2272 a
803 2223 946 2272 vobis
990 2223 1148 2271 amari
1197 2222 1561 2286 adjuvarique,

490 2314 646 2363 quam
679 2301 753 2348 si.
772 2330 785 2345 .
808 2299 851 2347 si
876 2332 890 2347 .
910 2333 923 2347 .
962 2299 1004 2347 si
1033 2333 1044 2348 .
1066 2333 1078 2346 .
1104 2299 1145 2347 si
1187 2298 1430 2362 denique,
1459 2302 1559 2347 &c-

487 2374 597 2425 Vos
620 2390 839 2440 namque
865 2375 992 2424 satis
1010 2376 1192 2430 nostis,
1219 2375 1330 2424 haec
1352 2375 1561 2438 singula

493 2467 605 2501 esse
624 2454 907 2509 verissima,
922 2451 1057 2517 quod
1076 2454 1339 2510 videlicet,
1354 2459 1399 2501 1.
1417 2460 1559 2518 post·

490 2542 645 2592 qnam
693 2529 1015 2578 Domitianus
1051 2545 1197 2579 snum
1235 2544 1361 2591 erga
1401 2531 1560 2582 bonos

493 2603 666 2653 odium
705 2604 965 2668 professus
999 2613 1101 2667 est,
1142 2605 1464 2656 substiterint
1505 2607 1557 2656 in

491 2692 575 2742 eo,
596 2695 749 2744 quem
779 2689 884 2731 tum
920 2689 1189 2732 assecutus
1218 2695 1379 2745 eram,
1401 2683 1559 2732 hono-

494 2758 562 2805 ris
589 2757 772 2820 gradu,
810 2772 907 2807 nec
945 2759 1009 2808 ab
1043 2774 1105 2809 eo
1141 2759 1379 2808 altiorem
1407 2759 1460 2808 in
1485 2760 1558 2809 io-

493 2846 611 2881 cum
658 2834 806 2883 evehi
843 2833 1165 2896 studuerim3
1200 2839 1249 2884 2.
1284 2850 1383 2885 non
1418 2850 1558 2886 com-

494 2910 814 2976 pendiariam
839 2911 1190 2973 improborum
1220 2912 1355 2960 viam
1380 2911 1444 2960 ad
1467 2912 1559 2960 ho-

493 3000 648 3035 nores
671 2986 1062 3050 dignitatesque
1089 2993 1299 3036 secutus
1330 2989 1443 3050 sim,
1465 2989 1557 3037 sed

494 3062 778 3126 longiorem
828 3062 966 3111 illam
1008 3062 1232 3111 virorum
1276 3063 1560 3126 bonorum;

495 3144 546 3190 8.
570 3141 719 3191 malis
745 3139 1081 3204 temporibus,
1120 3140 1171 3190 id
1206 3149 1306 3203 est,
1334 3142 1561 3193 Domiti·

494 3219 580 3267 ani
605 3219 725 3276 illis,
766 3226 979 3268 moestus
1010 3226 1066 3268 et
1102 3218 1352 3280 solicitus,
1377 3227 1562 3270 contra

493 3296 589 3345 sub
625 3295 759 3346 bono
796 3296 1031 3360 principe
1065 3309 1277 3346 securus
1313 3305 1561 3362 tutusque

496 3370 716 3433 fuerim;
752 3378 801 3422 4.
837 3372 1060 3436 denique
1095 3380 1242 3422 tanto
1275 3387 1356 3422 me
1385 3389 1560 3425 amore

497 3459 844 3518 prosequatur
889 3455 1161 3518 Trajanus,
1190 3454 1429 3517 princeps
1469 3469 1562 3519 op-

499 3528 674 3593 timus,
707 3538 902 3594 quanto
941 3545 1023 3580 me
1064 3532 1477 3594 prosequebatur
1506 3545 1562 3581 o-

496 3605 583 3656 dio
610 3606 900 3670 principum
927 3608 1195 3671 pessimus,
1218 3608 1563 3657 Domitianus.

498 3683 616 3734 Jam
643 3682 804 3745 igitur
837 3690 889 3732 et
928 3683 1098 3739 video,
1124 3697 1219 3746 pro
1254 3684 1406 3745 diligo
1442 3683 1566 3745 opti-

498 3773 625 3807 mum
649 3759 940 3822 Principem,
974 3758 1132 3808 scribi
1166 3767 1427 3821 oportere,
1450 3761 1565 3808 dili-

493 3851 586 3897 gor
606 3836 779 3899 optimo
803 3834 1065 3899 Principi.'
1121 3836 1390 3886 Hactenus
1418 3836 1564 3886 Heu·

501 3925 732 3961 mannus.
800 3911 946 3960 Bene
984 3925 1040 3959 ae
1076 3912 1178 3960 alia
1215 3912 1443 3974 habent3
1475 3927 1563 3962 ve-

499 4002 633 4049 rum,
677 3987 812 4052 quod
852 3986 917 4036 ad
955 3989 1260 4052 particulam
1291 3990 1333 4039 si
1357 3990 1563 4046 attinet,

501 4078 651 4128 quam
679 4064 758 4112 vir
788 4062 1116 4112 doctissimus
1142 4064 1335 4127 verbis,
1369 4081 1474 4114 cum
1493 4067 1566 4115 vi·

499 4141 677 4195 dev-em,
726 4139 883 4187 etiam
942 4140 1345 4202 prteponendam
1389 4141 1565 4190 existi-

504 4216 683 4273 mavit,
717 4229 868 4280 quam
906 4221 961 4265 et
998 4215 1294 4279 christoph.
1331 4218 1565 4275 Bauius,

503 4293 759 4359 quondam
806 4290 954 4344 Prof.
999 4293 1344 4360 Gedanensis,
1375 4295 1474 4347 hoe
1512 4296 1565 4346 in

2070 392 2120 441 ι.
2148 377 2260 444 95.
2519 376 2695 444 1099

1630 535 1742 585 ioco
1786 535 2097 602 requisivit3
2145 534 2338 600 fateor,
2393 536 2436 586 si
2483 529 2695 603 quidem

1630 625 1761 668 eam,
1785 621 1875 663 aut
1901 627 1995 677 pro
2028 627 2110 675 ea,
2132 615 2318 663 saltem
2342 613 2602 677 copulam,
2623 629 2698 677 nc,

1631 703 1722 738 seu
1747 696 1815 751 er,
1837 690 1889 739 in
1916 698 2094 740 vetere
2128 691 2349 755 quodam
2379 689 2513 740 libro
2548 703 2696 754 repe·

1632 766 1830 830 rissem,
1873 782 1954 816 me
1994 766 2128 815 haud
2167 780 2306 828 aegre
2340 772 2697 816 assumturnm

1631 841 1823 903 fuissem
1857 850 2194 892 veruntamen
2233 843 2331 891 hoc
2365 842 2698 904 supplemen-

1633 925 1740 968 tum
1762 918 2159 983 haudquaquam
2187 925 2314 981 puto
2330 918 2699 982 necessarium,

1631 1001 1686 1045 et
1707 998 1757 1044 in
1783 996 1877 1045 hac
1900 1009 1955 1045 re
1977 994 2156 1045 lubens
2180 993 2472 1056 adstipuior
2493 992 2700 1044 Gesne-

1632 1088 1708 1130 ro,
1751 1075 1837 1137 qni
1874 1075 1986 1123 inec
2021 1078 2397 1123 commentatus
2425 1079 2538 1122 est:
2575 1073 2591 1099 ‘
2621 1072 2700 1122 Re

1632 1151 1819 1201 iterum
1859 1150 2204 1206 considerata,
2249 1164 2349 1198 non
2391 1158 2521 1212 puto
2566 1164 2698 1213 opus

1630 1242 1765 1284 esse,
1792 1237 1849 1277 ut
1882 1235 2062 1277 contra
2098 1226 2258 1276 libros
2289 1240 2465 1275 omnes
2496 1226 2542 1274 si
2564 1240 2701 1289 pre-

1633 1319 1918 1367 ponamns3
1956 1303 2091 1367 quod
2129 1303 2328 1353 Plinius
2361 1303 2424 1352 ad
2463 1302 2701 1366 proposi-

1633 1381 1822 1430 tionem
1849 1381 2000 1429 modo
2022 1380 2298 1444 capitalem
2318 1379 2545 1441 adjecit:
2570 1378 2700 1436 hac,

1630 1472 1736 1506 cum
1749 1457 1975 1515 vider-eru,
1998 1490 2013 1503 .
2033 1486 2047 1502 .
2066 1489 2079 1504 .
2103 1456 2269 1516 malui,
2293 1455 2526 1504 incidens
2546 1456 2700 1505 modo

1607 1543 1730 1596 ,ειη
1758 1549 1874 1599 quoe
1901 1534 2280 1597 interpretatur
2304 1530 2697 1595 itludffubrtuw

1633 1611 1892 1660 Schwarz.

1699 1688 1779 1737 Ad
1797 1688 1994 1736 honores
2008 1685 2279 1748 compendia
2293 1683 2536 1748 paterent]
2561 1688 2701 1737 Com·

1629 1764 1855 1826 pendium
1880 1763 2168 1827 generatim
2200 1762 2390 1811 dicitnr
2422 1776 2572 1811 omne
2609 1776 2701 1824 ge·

1636 1856 1731 1890 nus
1759 1842 1886 1890 lucri
1911 1848 1964 1890 et
1986 1848 2233 1905 qnaestus,
2259 1839 2392 1903 quod
2427 1839 2507 1887 vel
2536 1840 2585 1887 in
2611 1853 2701 1902 pe·

1635 1918 1804 1980 cunia,
1828 1917 1910 1966 vei
1938 1930 2116 1980 opera,
2155 1915 2236 1964 vel
2262 1914 2364 1971 via,
2393 1915 2473 1963 vet
2499 1922 2701 1978 tempo·

1637 2008 1712 2051 re,
1733 1993 1905 2043 facere
1925 2004 2209 2057 possumus.
2277 1990 2400 2039 Prae
2423 1990 2613 2039 ceteris
2632 1989 2700 2039 de

1635 2071 1986 2121 contractiore
2020 2077 2076 2119 et
2112 2068 2350 2119 breviore
2386 2068 2469 2117 via
2492 2068 2595 2118 dici
2620 2082 2703 2117 so-

1633 2149 1740 2207 let;
1781 2162 1934 2212 quarn
1971 2146 2107 2210 quis,
2141 2143 2447 2209 ambagibus
2483 2145 2702 2207 relictis,

1634 2233 1864 2284 sectans,
1889 2223 2020 2274 facit
2046 2223 2188 2286 quasi
2216 2223 2411 2270 lucrum
2439 2221 2703 2272 lassitudi-

1634 2300 1731 2349 nis.
1799 2298 2055 2351 Quinctii.
2099 2297 2275 2346 Instit.
2319 2296 2472 2346 Orat.
2512 2309 2572 2346 ιι.
2620 2301 2702 2346 18.

1635 2377 1650 2403 ‘
1671 2378 1736 2425 Et
1760 2383 1978 2426 stratum
2002 2374 2206 2424 militari
2232 2374 2406 2422 labore
2435 2375 2537 2423 iter
2557 2387 2703 2438 soepe

1635 2451 1939 2508 deserimus,
1962 2453 2273 2517 compendio
2304 2450 2481 2501 ducti.’
2548 2450 2703 2503 Idem

1637 2545 1714 2580 tv.
1734 2535 1781 2580 2.
1807 2532 1823 2558 ‘
1842 2531 2112 2580 Amoenum
2133 2543 2193 2578 ac
2213 2528 2366 2577 molle
2382 2529 2499 2585 iter,
2521 2530 2704 2579 etiam·

1635 2608 1679 2658 si
1704 2616 1782 2658 est
1815 2607 1972 2672 spatii
1997 2606 2282 2670 amplioris,
2306 2605 2473 2655 minus
2497 2604 2706 2667 fatigat,

1635 2699 1788 2750 quam
1829 2684 2013 2733 durum
2051 2681 2370 2747 arduumque
2399 2681 2703 2745 compendi·

1636 2759 1755 2809 um.'
1812 2758 2015 2809 Deinde
2050 2756 2369 2807 transfertur
2403 2758 2467 2806 ad
2506 2757 2705 2808 brevio·

1636 2851 1743 2886 rem
1771 2844 1826 2885 et
1849 2834 2138 2885 faciliorem
2166 2848 2525 2900 quemcunque
2547 2846 2703 2898 agen-

1636 2912 1709 2968 di,
1757 2911 2001 2974 docendi,
2042 2919 2134 2960 aut
2178 2910 2371 2973 aliquid
2412 2909 2704 2973 obtinendi,

1637 2990 1909 3039 rationem.
1976 2987 2121 3036 Idem
2142 2987 2396 3038 Quinctil.
2418 2999 2452 3033 ι.
2471 2991 2518 3035 1.
2537 2988 2552 3013 ‘
2571 2987 2703 3036 Bre-

1639 3065 1721 3113 via
1766 3063 1988 3114 docendi
2034 3069 2316 3111 monstrare
2357 3061 2707 3127 compendia‚'

1637 3145 1736 3190 διο.
1804 3139 2092 3202 Compendia
2114 3137 2270 3187 etiam
2294 3136 2542 3186 dicuutur
2561 3145 2705 3187 artes

1637 3218 1869 3267 breviter
1893 3216 2155 3280 facileque
2174 3215 2510 3278 perveniendi
2529 3213 2595 3263 ad
2613 3216 2705 3265 ho-

1638 3307 1790 3343 nores
1835 3299 1889 3342 et
1924 3291 2235 3356 dignitates;
2275 3305 2390 3354 quae
2432 3292 2514 3340 vel
2554 3292 2703 3344 boun

1637 3378 1778 3432 sunt,
1821 3369 1903 3419 vei
1950 3368 2118 3418 nivale.
2186 3368 2271 3417 De
2309 3368 2401 3417 tali
2438 3368 2706 3435 expedita,

1638 3460 1805 3512 eaque
1842 3445 1976 3495 bona
2010 3454 2064 3495 et
2098 3445 2483 3507 compendiaria
2517 3447 2600 3496 via
2629 3448 2707 3497 Ιο-

1642 3526 1816 3588 quitur
1854 3523 1964 3573 Cic.
1999 3519 2156 3571 Offic.
2192 3533 2259 3569 ιι.
2295 3525 2371 3571 12.
2405 3521 2705 3573 ‘Praeciare

1638 3602 1878 3651 Socrates
1903 3600 2033 3648 hanc
2058 3599 2189 3647 viam
2213 3597 2276 3646 ad
2296 3599 2509 3660 gloriam
2529 3599 2705 3663 proxi·

1640 3692 1794 3733 main,
1819 3685 1872 3725 et
1897 3675 2040 3740 quasi
2075 3674 2538 3738 compendiariam,
2560 3674 2706 3726 dice-

1638 3753 1730 3803 bat
1761 3766 1895 3814 esne,
1931 3752 2108 3816 siquis
2145 3750 2196 3799 id
2228 3758 2434 3813 ageret,
2458 3759 2514 3801 ut
2537 3753 2705 3816 qualis

1638 3832 1820 3882 haberi
1861 3831 2038 3887 vellet,
2078 3829 2192 3880 talis
2227 3829 2401 3878 esset-¹
2467 3828 2551 3879 cf.
2588 3832 2705 3879 Vai.

1640 3910 1786 3959 Max.
1803 3922 1905 3957 vn.
1922 3910 1971 3957 2.
1990 3911 2038 3956 1.
2056 3906 2174 3955 Hoc
2195 3906 2310 3955 loco
2330 3904 2530 3955 Plinius
2554 3906 2705 3956 intei-

1639 3987 1758 4050 ligit
1779 3983 2218 4048 compendiariam
2245 3983 2489 4031 malarum
2518 3985 2705 4035 artium

1640 4064 1775 4111 viam
1806 4059 2142 4124 perveniendi
2165 4056 2228 4106 ad
2253 4058 2493 4119 honores,
2516 4072 2706 4122 nempe

1641 4154 1737 4205 per
1760 4136 2101 4197 adulationes,
2125 4134 2436 4197 delationes,
2459 4143 2516 4183 et
2540 4136 2708 4187 sceie-

1642 4232 1699 4267 ra
1717 4231 1735 4278 ς
1755 4216 1894 4281 quia,
1917 4213 2157 4263 tradente
2177 4213 2361 4262 Tacito
2379 4213 2565 4262 Annal.
2586 4226 2707 4263 xw.

1642 4297 1725 4344 57.
1772 4292 1905 4342 tales
1948 4296 2089 4341 artes
2130 4302 2270 4354 saepe
2320 4286 2610 4353 validiores,
2650 4296 2708 4341 et
