3060 4902
501 362 631 428 448

502 528 618 573 204.
633 523 647 550 ‘
669 520 949 572 Maximum
973 522 1071 572 boc
1090 522 1233 585 regni
1258 523 1448 571 bonum
1471 530 1570 579 est,

504 600 658 651 Quod
694 598 831 649 facta
866 599 1060 649 domini
1109 600 1315 663 cogitur
1352 600 1572 662 populns

503 677 601 731 sui,
637 677 805 727 Quam
828 675 989 738 ferre,
1021 684 1123 724 tam
1154 675 1399 723 laudare.'
1463 673 1569 723 Sed

502 767 627 801 vere
651 753 761 816 ipse
783 754 973 802 Servus
992 769 1005 799 ι
1039 753 1055 780 ‘
1074 753 1215 803 Quos
1237 751 1375 814 cogit
1398 760 1570 799 metus

505 829 763 891 Laudare,
782 828 989 878 eosdem
1011 828 1184 877 reddit
1206 828 1441 876 inimicos
1464 842 1571 876 me·

506 913 588 954 tus
615 924 627 953 ι
672 905 747 955 At
772 907 860 970 qui
885 904 1072 955 favoris
1096 905 1306 967 gloriam
1333 905 1440 953 veri
1482 919 1571 967 pe·

505 983 591 1042 tit,
618 983 801 1031 Animo
820 982 1175 1047 magis‚quam
1200 997 1348 1045 voce,
1367 981 1570 1032 laudari

504 1058 683 1109 volet!
713 1059 869 1108 Bern.

580 1137 725 1185 Voces
768 1136 889 1199 illoe]
947 1136 1343 1196 Adulationum‚
1385 1136 1571 1201 quibus

504 1227 720 1263 necesse
744 1222 858 1263 erat
896 1214 1131 1277 pessimis
1168 1213 1570 1277 imperatoribus

504 1304 571 1338 ex
593 1291 713 1338 vitae
734 1290 1013 1353 perdendae
1030 1297 1169 1339 metu
1189 1289 1410 1339 blandiri
1430 1307 1443 1351 ;
1466 1305 1571 1338 non

506 1368 666 1420 enim,
707 1373 766 1415 ut
811 1366 1047 1428 queritur
1087 1366 1336 1415 Juvenal.
1376 1367 1487 1415 Sat.
1532 1380 1574 1415 1.

506 1449 521 1471 ‘
540 1443 678 1491 Civis
715 1448 848 1502 erat,
882 1443 968 1506 qui
998 1441 1163 1490 libera
1191 1449 1366 1505 posset
1394 1442 1574 1491 Verba

508 1520 664 1567 animi
701 1518 955 1581 proferre,
994 1527 1049 1567 et
1077 1517 1233 1566 vitam
1270 1518 1573 1581 impendere

505 1593 667 1644 vero.’
703 1596 922 1643 Pataroi.

573 1671 717 1719 Nihil
733 1672 867 1732 quale
879 1675 1018 1719 antea
1035 1671 1277 1728 dicamus:
1294 1670 1417 1718 nihil
1428 1672 1572 1726 enim,

505 1751 641 1812 quale
673 1755 829 1804 antea,
865 1749 1099 1811 patimur]
1149 1750 1235 1797 Sic
1261 1749 1467 1798 restitui
1493 1762 1574 1797 se-

507 1834 662 1873 cutus
707 1825 965 1873 editiones
1013 1826 1358 1889 primogenius
1386 1841 1401 1886 ς
1454 1840 1571 1873 nam

507 1902 663 1964 male,
708 1916 823 1949 meo
866 1904 1053 1961 animo,
1087 1917 1386 1966 expressum
1434 1902 1574 1950 Livi·-

507 1979 625 2026 neio
648 1977 929 2026 dicebamus.
964 1978 1121 2028 Grut.

571 2057 649 2104 De
668 2056 900 2118 principe,
924 2070 1030 2117 quae
1056 2054 1218 2118 prius]
1253 2055 1444 2117 Palam,
1469 2069 1574 2118 quae

501 2132 639 2194 prius
662 2133 723 2180 C.
746 2132 813 2180 G.
849 2132 1013 2182 Licin.

574 2210 766 2271 Palam,
786 2224 889 2271 quoe
909 2210 1064 2271 prius,
1085 2207 1417 2271 proedicemus]
1443 2210 1575 2257 Par·

509 2284 722 2333 ticulum
755 2284 911 2344 palam
950 2285 1189 2332 omissam
1232 2283 1573 2346 deprehendi-

507 2373 621 2408 mus
662 2360 713 2407 in
746 2359 1012 2408 codicibus
1036 2361 1166 2409 Mss.
1188 2368 1243 2409 et
1265 2359 1573 2424 quibusdam

508 2436 793 2500 impressis.
863 2437 1033 2502 Atque
1068 2437 1313 2499 opineris,
1351 2450 1466 2484 eam
1501 2436 1573 2483 vi·

508 2513 623 2563 deri
667 2510 1015 2575 superfluam3
1062 2513 1183 2576 quia
1221 2514 1235 2541 ‘
1259 2510 1576 2574 praedicare'

510 2596 591 2638 est
625 2596 639 2617 ⁴
661 2590 828 2652 palam
853 2590 1043 2652 aliquid
1070 2590 1418 2652 promulgare,
1438 2589 1576 2637 cele·

510 2664 698 2714 brute-⁹
771 2665 896 2720 Sed,
922 2679 983 2712 ea
1006 2665 1189 2714 vocula
1214 2671 1437 2726 retenta,
1461 2678 1575 2713 ora-

509 2743 581 2790 tio
602 2741 661 2790 fit
684 2743 1023 2797 numerosior,
1041 2750 1093 2791 et
1111 2741 1347 2791 ἀντίθεσις
1366 2744 1575 2792 clarior.

509 2820 635 2867 Eam
663 2818 775 2881 jam
801 2819 1165 2882 Cuspinianus,
1203 2820 1483 2884 Gryphius,
1520 2829 1576 2869 et

511 2894 599 2942 alii
624 2896 956 2957 evulgarunt.
1022 2895 1220 2944 Adhaec
1244 2906 1298 2944 et
1328 2898 1438 2959 ipse
1463 2897 1575 2947 Cic.

512 2969 576 3018 ad
602 2968 770 3020 Attic.
798 2983 876 3018 lx.
900 2975 949 3020 9.
974 2971 1063 3019 has
1090 2987 1242 3020 voces
1266 2973 1537 3036 conjungit
1559 2989 1574 3022 ς

507 3053 523 3076 ‘
544 3047 810 3096 Praedicat
843 3049 979 3096 enim
1015 3049 1204 3110 palam,
1236 3055 1293 3097 et
1325 3050 1575 3098 militibus

508 3122 759 3183 ostendit,
791 3138 845 3172 se
886 3124 1158 3186 largitione
1198 3125 1308 3187 ipsa
1341 3125 1576 3187 superio·

510 3213 639 3254 rem,
674 3215 824 3263 quam
849 3201 1003 3256 hunc,
1025 3199 1175 3249 fore!
1229 3200 1501 3264 Equidem,
1525 3200 1575 3248 in

510 3274 816 3340 quibusdam
868 3275 1032 3337 libris,
1090 3277 1385 3337 posteriora
1424 3276 1577 3338 liujus

511 3350 713 3414 periodi
740 3350 895 3398 verba
918 3350 1075 3398 etiam
1102 3351 1175 3399 sic
1210 3350 1466 3399 collocata
1501 3353 1577 3399 le·

512 3431 739 3488 guntur:
777 3441 862 3473 nec
899 3428 1062 3475 eadem
1099 3428 1159 3475 de
1185 3426 1436 3490 Principe,
1471 3443 1578 3490 quoe

504 3502 662 3568 prius,
698 3505 1011 3564 praedicemus
1030 3519 1046 3551 .-
1080 3518 1227 3565 neque
1251 3504 1376 3551 enim
1396 3507 1577 3566 eadem,

509 3591 617 3640 quar
633 3579 788 3641 prius,
821 3585 997 3627 secreto
1020 3581 1268 3642 loquimur.
1335 3580 1438 3628 Sed
1465 3581 1576 3629 nul·

509 3657 612 3705 lam
640 3672 816 3706 vocem
841 3673 932 3706 suo
962 3659 1076 3706 loco
1118 3656 1422 3705 movendam
1456 3670 1577 3706 cen·

512 3747 623 3782 seo.
691 3735 937 3782 Ceterum
974 3734 1178 3795 Lipsius
1202 3734 1283 3781 liic
1309 3735 1576 3783 annotavit

510 3809 624 3859 haec
643 3810 857 3858 Senecae
881 3809 1041 3857 verba
1062 3808 1128 3857 de
1155 3809 1288 3857 bono
1312 3809 1574 3871 principe:

509 3887 528 3912 ⁴
550 3884 746 3933 Eadem
786 3885 850 3933 de
885 3885 975 3933 illo
1008 3884 1241 3933 homines
1275 3891 1477 3934 secreto
1502 3886 1572 3935 lo·

511 3970 759 4026 qunntur,
794 3975 908 4024 quae
938 3959 1142 4021 palam·'
1177 3960 1420 4009 Schwarz.

592 4037 812 4098 Secreto]
868 4036 1323 4085 Maledictionibns
1368 4050 1577 4099 nempe,

513 4120 671 4177 atque
696 4111 1169 4174 imprecationibus,
1189 4126 1279 4160 seu
1303 4111 1476 4160 tacitis
1498 4112 1576 4159 in·

512 4197 727 4250 tranas,
751 4201 843 4235 seu
867 4188 1004 4235 inter
1028 4186 1342 4237 domesticos
1374 4195 1577 4240 tantum

512 4265 741 4331 parietes
762 4266 1044 4331 expressis.
1079 4265 1297 4316 Patara!-

1207 376 1423 427 NOTAE
1475 377 1884 427 vAmoRUM
1938 377 2018 425 m

1717 523 1920 578 Quando
1939 522 2038 571 sint
2060 519 2309 583 hactenm]
2362 521 2503 572 Olim
2542 535 2717 589 emen·

1645 597 1902 657 davimus,
1923 599 2017 653 cui,
2040 600 2243 661 quando,
2267 599 2366 646 sint
2389 604 2527 647 actm.
2588 599 2717 646 Nus·

1642 689 1783 737 quam
1803 679 1857 722 ut
1880 675 1986 723 Deo
2019 689 2162 734 nunc,
2198 688 2428 737 nusquam
2465 679 2538 722 nt.
2605 674 2716 722 Ite·

1645 763 1760 797 rum
1806 751 2067 800 Martialis
2109 751 2404 800 concurrit:
2466 751 2718 798 ‘Frustra

1647 826 1913 876 blanditiae
1938 828 2128 876 venitis
2153 828 2215 875 sd
2241 843 2342 891 me,
2377 828 2593 878 Attritis
2627 828 2718 875 mi-

1648 901 1898 950 serabiles
1924 902 2139 959 labellis,
2162 903 2410 952 Dicturus
2437 903 2718 952 Dominum

1647 979 1925 1042 Deumque
1961 994 2062 1028 non
2088 994 2199 1028 sum
2224 998 2235 1026 ε
2270 981 2390 1030 Jam
2418 995 2522 1030 non
2542 988 2623 1029 est
2646 981 2720 1029 lo·

1647 1069 1741 1104 cus
1764 1056 1859 1104 hac
1884 1056 1935 1104 in
1961 1056 2088 1104 urbe
2115 1055 2293 1107 robis.⁹
2326 1057 2464 1120 Lips.

1716 1133 1917 1188 Quando
1934 1136 2030 1181 εἰπε
2053 1133 2301 1195 haetenus]
2341 1133 2586 1196 Approbo
2606 1148 2718 1183 eor·

1648 1210 1932 1258 rectionem
1957 1210 2188 1266 aliorum,
2212 1210 2291 1258 cui
2313 1212 2495 1273 quando
2519 1211 2615 1257 sint
2639 1226 2717 1259 ac-

1645 1292 1729 1335 toe.
1797 1286 2044 1349 Nusquam
2071 1292 2127 1335 ut
2154 1286 2257 1334 Deo
2293 1301 2434 1347 nunc,
2469 1301 2718 1350 nusquam,

1645 1366 1727 1424 &a
1797 1364 1918 1412 Non
1959 1364 2114 1413 etiam
2150 1378 2304 1412 ansus
2342 1380 2452 1413 sum
2480 1366 2718 1426 recipere

1648 1439 1700 1487 in
1733 1446 2058 1495 contextum,
2092 1441 2230 1503 quod
2271 1441 2492 1489 manarit
2532 1455 2560 1488 a
2597 1453 2718 1488 con-

1636 1516 1871 1579 jectura,
1891 1519 2122 1581 quamvis
2139 1518 2449 1566 certissima.
2485 1518 2562 1565 Ea
2581 1517 2717 1565 enim

1646 1590 1885 1641 habenda
1901 1607 2272 1657 usquequaque
2292 1593 2584 1641 reverentia
2601 1607 2721 1641 auc-

1647 1667 1847 1716 toribus
1872 1670 2125 1725 classicis,
2167 1677 2224 1717 ut
2248 1670 2372 1717 nihil
2396 1669 2446 1717 in
2468 1670 2532 1718 iis
2552 1677 2718 1718 niunte-

1647 1758 1760 1794 mus
1798 1746 1909 1794 sine
1947 1747 2158 1794 testium
2200 1747 2516 1794 auctoritate
2553 1754 2721 1801 certa,

1647 1822 1745 1870 hoc
1799 1830 1901 1883 est,
1947 1823 2195 1870 librorum
2244 1822 2589 1883 antiquorum,
2632 1822 2720 1886 qui

1650 1905 1822 1948 tamen
1858 1898 1941 1947 hic
1975 1897 2088 1946 fere
2122 1898 2535 1946 emendationem
2564 1900 2718 1946 istam

1649 1973 1934 2029 inculcant,
1981 1988 2096 2021 cum
2141 1980 2372 2032 servent,
2416 1973 2495 2020 cui
2534 1976 2720 2035 quando

1646 2051 1744 2097 sint
1784 2050 2007 2097 hactenus
2041 2064 2179 2110 quam
2216 2053 2267 2096 ut
2308 2048 2435 2109 Dea,
2459 2064 2581 2098 nunc
2605 2065 2717 2098 nus-

1647 2143 1786 2189 quam
1807 2132 1861 2174 nt
1882 2126 2065 2173 numini
2088 2125 2403 2172 blandiamur.
2469 2126 2558 2173 Sic
2595 2140 2719 2174 sane

1650 2202 1841 2255 editus,
1867 2208 2179 2263 procurante
2207 2201 2543 2263 Cuspiniano,
2568 2216 2719 2264 quem

1650 2286 1705 2327 et
1728 2278 1847 2326 mihi
1873 2277 2074 2340 objecit
2098 2278 2373 2340 Bongarsii
2411 2278 2720 2341 benignitas.

1654 2356 1805 2402 Grac.

1719 2431 1833 2492 Cui,
1854 2432 2055 2495 quando,
2079 2430 2179 2480 sint
2204 2432 2348 2495 actae]
2389 2432 2643 2481 Perverse
2667 2432 2718 2481 in

1650 2508 1917 2557 codicibus
1963 2508 2091 2556 Mss.
2134 2516 2188 2557 et
2231 2508 2408 2570 primis
2444 2507 2588 2556 libris
2626 2510 2720 2556 im·

1652 2583 1863 2645 pressis,
1898 2582 2011 2631 haec
2044 2583 2204 2631 verba
2243 2584 2504 2644 leguntur,
2541 2582 2614 2632 ita
2643 2591 2720 2632 ta·

1650 2673 1792 2719 men,
1844 2667 1903 2707 ut
1953 2660 2168 2707 verioris
2215 2659 2450 2706 lectionis
2500 2659 2720 2722 vestigia

1652 2737 1787 2784 hand
1827 2736 2048 2785 obscure
2085 2741 2392 2797 appareant.
2456 2735 2544 2784 Sic
2584 2739 2719 2785 enim

1652 2813 1704 2863 in
1730 2813 1911 2863 codice
1938 2813 2104 2861 Paris.
2139 2821 2192 2861 et
2218 2813 2404 2860 Venet.
2436 2819 2518 2860 est
2555 2814 2719 2877 scrip-

1653 2899 1782 2955 tum,
1818 2893 1894 2940 cui
1930 2893 2112 2955 qnando
2139 2893 2240 2938 sint
2262 2891 2487 2938 hactenus
2508 2905 2644 2953 quam
2667 2899 2720 2940 ut

1653 2971 1777 3033 Deo,
1824 2985 2052 3033 nusquam
2092 2975 2143 3017 ut
2182 2970 2367 3018 numini
2407 2969 2721 3019 blandiamur.

1655 3047 1716 3095 In
1744 3047 1957 3096 vocibus
1980 3046 2135 3101 enim,
2161 3060 2372 3109 quarum
2394 3046 2605 3108 syllabae
2629 3048 2721 3095 im·

1654 3123 1823 3184 perite
1865 3123 2051 3184 partim
2092 3121 2311 3169 divulsoe
2353 3128 2492 3181 sunt,
2533 3124 2718 3183 partim

1653 3198 1979 3257 coaluerunt,
2012 3197 2236 3245 kactenus
2256 3214 2412 3260 quam,
2434 3199 2620 3260 latent,
2643 3216 2723 3248 ac·

1652 3279 1717 3322 toe
1757 3289 2005 3336 nusquam.
2073 3274 2269 3322 Noster
2306 3275 2493 3335 codex,
2537 3276 2721 3325 relicta

1656 3351 1798 3398 brevi
1836 3351 2039 3406 lacuna,
2073 3349 2230 3398 habet
2268 3350 2583 3413 aliquantum
2608 3365 2722 3400 cor·

1655 3429 1880 3490 ruptius,
1903 3428 1979 3477 cui
2000 3429 2182 3490 quando
2204 3426 2302 3475 sint
2329 3427 2557 3476 hactenus

1716 3510 1768 3552 ut
1798 3505 1913 3553 adeo
1952 3519 2182 3565 nusquam
2209 3508 2263 3550 ut
2294 3503 2480 3550 numini
2508 3503 2720 3552 blandia-

1653 3595 1776 3629 mur.
1822 3580 2072 3643 Scaliger,
2097 3587 2234 3628 teste
2252 3580 2311 3628 Τ.
2331 3579 2717 3641 Hearne,illsm

1654 3666 1955 3720 corruptam
2008 3658 2284 3706 lectionem
2330 3658 2514 3705 saltem
2559 3657 2720 3707 inter-

1653 3734 1935 3797 punctione
1961 3747 2146 3782 sanare
2180 3732 2363 3793 voluit,
2399 3733 2475 3781 ita
2511 3733 2719 3783 easdem

1655 3821 1808 3856 voces
1833 3807 2174 3870 distinguens,
2191 3808 2267 3856 cui
2283 3810 2468 3869 quando
2489 3808 2588 3856 sint
2610 3810 2722 3858 liac-

1654 3891 1790 3933 tenus
1809 3890 1864 3933 ut
1893 3885 1997 3933 Deo
2015 3901 2033 3943 ;
2067 3900 2190 3932 nunc
2211 3899 2439 3947 nusquam
2461 3891 2514 3934 ut
2537 3887 2721 3935 numini

1652 3962 1968 4011 blandiamur.
2035 3960 2138 4010 Sed
2162 3961 2357 4009 rectius
2394 3961 2718 4010 hunclocum

1649 4038 1753 4101 jam
1786 4052 1868 4086 an.
1891 4041 2038 4086 1590.
2061 4035 2358 4084 emendavit
2381 4036 2642 4084 Livineius
2667 4038 2718 4086 in

1653 4115 1808 4169 notis,
1842 4114 1922 4162 cui
1942 4114 2127 4176 quando
2147 4111 2246 4160 sint
2265 4117 2401 4161 actoe.
2471 4113 2719 4175 Nusquam

1651 4194 1707 4237 ut
1733 4190 1836 4237 Deo
1857 4203 1998 4250 nunc,
2023 4202 2256 4250 nusquam
2285 4194 2340 4236 ut
2375 4189 2559 4237 numini
2588 4190 2720 4240 blan·

1651 4265 1875 4324 diamur-,-
1909 4277 2220 4330 quamquam
2246 4271 2301 4313 ct
2340 4263 2563 4328 Lipsius,
2602 4280 2720 4318 cum
