3060 4902
504 325 641 391 656

514 496 669 548 sent;
717 487 752 536 ii
796 486 954 536 etiam
1004 484 1289 548 participes
1332 482 1575 532 heredes-

512 580 613 631 que
651 564 894 613 bonorum
920 561 1131 611 familiae
1167 576 1281 611 esse
1315 560 1576 623 intellige-

515 648 709 690 rentur.
776 640 988 689 Scilicet
1034 653 1181 687 sacra
1227 638 1574 686 Romanorum

514 719 612 766 alia
634 724 783 766 erant
811 716 1037 779 publica,
1056 730 1171 780 quae
1207 714 1416 776 publico
1440 727 1576 760 sum-

517 802 573 845 tu
605 809 697 857 pro
733 794 925 857 populo
956 792 1188 851 fiebant3
1226 791 1327 840 alia
1352 790 1577 853 privata,

518 872 599 918 vel
642 870 941 929 domestica,
998 884 1116 933 quae
1158 868 1317 917 certis
1365 866 1576 915 familiis

519 958 570 998 et
595 947 834 1011 gentibus
861 956 1013 996 erant
1040 947 1273 1011 propria,
1306 953 1360 994 et
1384 944 1578 994 fiebant

520 1039 616 1086 pro
660 1025 827 1072 salute
875 1023 1107 1085 familiae,
1150 1032 1203 1072 et
1254 1022 1445 1085 gentis,
1491 1029 1578 1068 aut

519 1100 828 1161 singulorum
867 1099 931 1149 ad
974 1098 1219 1148 familiam
1266 1106 1578 1161 gentemque

522 1176 913 1240 pertinentium.
961 1175 1262 1239 Cujusmodi
1282 1176 1296 1202 ‘
1315 1188 1579 1223 sacrorum

523 1252 873 1317 privatorum’
913 1261 967 1301 et
1008 1261 1021 1281 ‘
1048 1250 1451 1315 gentilitiorum’
1501 1266 1581 1298 ra·

524 1330 704 1382 tiones,
728 1337 920 1391 praeter
938 1336 1164 1390 ceteros,
1181 1329 1470 1378 luculenter
1494 1342 1584 1374 ex-

526 1404 741 1466 plicavit
782 1405 1067 1455 Gutherius
1110 1405 1176 1455 de
1215 1406 1411 1454 Vetere
1453 1404 1584 1455 Jure

525 1481 822 1544 Pontificio,
846 1497 918 1531 tv.
952 1488 1003 1533 6.
1038 1492 1091 1532 et
1126 1489 1173 1532 7.
1243 1484 1391 1533 Licet
1426 1483 1586 1545 igitur

523 1558 744 1607 heredes
783 1559 881 1620 sui,
921 1568 974 1609 et
1015 1562 1204 1623 agnati,
1240 1561 1587 1624 gentilesque,

527 1635 651 1681 iteni
692 1641 747 1681 et
791 1635 876 1683 alii
916 1643 1228 1685 testamento
1265 1638 1506 1699 instituti,
1543 1637 1585 1685 si

526 1709 866 1757 hereditatem
923 1726 1110 1774 capere
1165 1713 1376 1771 vellent,
1430 1715 1587 1763 etiam

526 1787 714 1832 ‘sacris
737 1786 847 1834 istis
874 1787 1089 1849 privatis
1108 1787 1118 1806 '
1142 1789 1289 1836 simul
1315 1790 1587 1850 alligaren-

528 1865 649 1919 tur;
684 1868 868 1923 utpote
911 1878 1025 1926 quae
1065 1874 1317 1926 perpetua
1347 1880 1459 1914 esse
1497 1867 1589 1913 de-

532 1935 760 1996 bebant3
821 1939 994 1999 plures
1054 1948 1226 1988 tamen
1287 1941 1442 1989 etiam
1501 1942 1588 1989 alii

529 2021 680 2063 erant
726 2017 884 2077 modi,
929 2019 1112 2082 quibus
1168 2020 1467 2078 cavebatur,
1523 2035 1590 2069 ne

531 2099 657 2140 tunc
699 2092 875 2153 etiam,
911 2095 959 2142 si
994 2110 1145 2144 nemo
1189 2097 1402 2145 relictus
1450 2107 1592 2145 esset

529 2168 701 2226 heres,
726 2170 807 2218 vel
841 2170 905 2219 ab
942 2171 1206 2233 intestato,
1230 2173 1309 2221 vel
1341 2188 1404 2221 ex
1430 2181 1590 2221 testa·

530 2253 725 2307 mento,
760 2245 860 2294 ista
893 2262 1041 2296 sacra
1073 2247 1384 2297 familiarum
1430 2249 1592 2297 iuter·

532 2321 686 2370 irent.
750 2322 838 2372 Sic
875 2325 1029 2387 enim,
1067 2334 1201 2374 teste
1226 2327 1335 2375 Cic.
1364 2327 1430 2374 de
1466 2327 1590 2389 Leg.

531 2412 595 2447 u.
640 2404 718 2447 lo.
754 2400 876 2464 jure
936 2404 1199 2466 pontificio
1254 2405 1592 2453 constitutum

534 2482 664 2537 erat,
687 2482 743 2524 ut
767 2491 867 2524 non
904 2479 1062 2528 solum
1100 2480 1399 2541 alligaretur
1435 2481 1593 2529 sacris

532 2548 759 2612 familiae,
803 2555 818 2580 ⁴
848 2554 932 2614 qui
986 2564 1152 2603 morte
1209 2564 1593 2605 testamentove

535 2629 920 2690 patrisfamilias
957 2633 1010 2695 [e
1052 2633 1247 2695 legato]
1288 2634 1592 2682 tantundem

532 2704 778 2766 cepisset,
822 2718 1068 2768 quantum
1105 2723 1282 2758 ouines
1324 2709 1541 2758 heredes
1561 2708 1593 2770 ς’

534 2780 624 2829 sed
664 2782 839 2838 etiam,
875 2788 889 2809 ⁴
914 2784 952 2831 si
992 2799 1140 2832 nemo
1175 2796 1314 2835 esset
1350 2788 1515 2848 lieres,
1555 2788 1594 2835 is

535 2856 954 2922 obstringeretur
982 2863 1136 2911 sacris
1160 2861 1392 2925 familiae,
1415 2864 1501 2928 qni
1527 2863 1594 2912 de

537 2934 699 2993 bonis,
723 2937 807 3002 qui
843 2937 955 3000 ejus
987 2936 1196 2995 suerint,
1221 2955 1336 2988 cum
1368 2954 1594 2989 morere·

539 3021 642 3074 tur,
660 3016 983 3076 usucepisset
1011 3016 1284 3079 plurimum
1305 3016 1337 3079 ;’
1372 3018 1422 3064 h.
1442 3032 1486 3064 e.
1508 3016 1593 3080 qui

538 3092 782 3154 majorem
813 3093 1060 3143 honorum
1095 3103 1293 3158 partem
1332 3097 1594 3158 usucepis-

537 3176 634 3228 set,
652 3175 708 3217 et
724 3184 875 3232 anno,
892 3171 969 3218 vel
993 3171 1217 3227 biennio,
1233 3186 1346 3219 cum
1369 3170 1595 3235 paterfa-

537 3244 705 3292 milias
721 3245 829 3293 sine
844 3248 943 3293 alio
959 3247 1151 3296 herede
1169 3256 1471 3309 moreretur,
1485 3264 1598 3311 pos·

535 3321 775 3370 sedisset.
847 3321 1061 3387 Adhaec,
1085 3326 1099 3353 ‘
1122 3325 1163 3374 si
1187 3334 1238 3374 et
1268 3341 1416 3375 nemo
1440 3335 1601 3389 esset,

539 3398 626 3462 qui
662 3399 815 3447 ullam
853 3415 956 3448 rem
993 3401 1259 3465 cepisset,'
1291 3404 1332 3450 is
1366 3404 1416 3451 in
1451 3418 1600 3450 sacra

540 3472 746 3523 familiae
794 3478 1065 3534 transibat,
1107 3486 1119 3505 ⁶
1147 3479 1211 3528 de
1252 3478 1598 3527 creditoribus

540 3553 727 3599 mortui
751 3556 834 3616 qui
863 3555 1134 3616 plurimum
1160 3555 1429 3604 servaret.'
1496 3557 1601 3604 De·

539 3627 694 3690 nique
712 3638 765 3675 et
787 3630 872 3687 ‘is,
890 3631 976 3693 qui
998 3633 1064 3692 ei,
1080 3633 1164 3695 qui
1188 3641 1420 3680 mortuus
1441 3640 1600 3693 esset,

540 3703 809 3766 pecuniam
844 3705 1123 3767 debuisset,
1159 3709 1449 3772 neminique
1484 3724 1599 3757 eam

541 3783 801 3846 solvisset,
846 3785 1061 3847 proinde
1106 3786 1415 3849 habebatur,
1453 3790 1599 3852 quasi

541 3875 656 3910 eam
693 3863 957 3925 pecuniam
983 3862 1075 3924 (ex
1104 3864 1423 3928 hereditate)
1447 3881 1599 3929 cepe-

545 3939 649 4000 rit,’
677 3939 907 4002 adeoque
940 3941 1099 3989 sacris
1132 3941 1313 3990 iisdem
1350 3942 1601 3991 obnoxius

542 4025 678 4073 erat,
703 4017 885 4080 quibus
922 4016 1149 4066 creditor
1180 4017 1352 4067 suerat
1385 4020 1601 4069 adstric-

544 4100 645 4143 tus.
713 4092 1156 4145 Quemadmodum
1184 4109 1305 4143 vero
1328 4096 1491 4144 omnis
1515 4096 1602 4144 he·-

544 4171 737 4219 reditas
776 4171 1064 4220 habebatur
1096 4185 1333 4230 onerosa,
1366 4174 1447 4221 cui
1493 4174 1603 4221 alli-

543 4258 664 4313 gata
689 4255 838 4297 erant
872 4250 886 4276 ⁶
907 4262 1054 4298 sacra
1076 4247 1331 4313 privata3’
1365 4259 1601 4313 propter-

1216 337 1433 387 NOTAE
1482 334 1892 385 vantomm
1941 334 2026 383 m

1653 494 1732 536 ea,
1759 481 1896 544 quod
1933 480 1985 529 in
2021 476 2300 538 sacrificia,
2323 482 2379 527 et
2401 475 2726 537 sacerdotes,

1651 559 1958 620 epulasque,
1976 555 2113 605 haud
2145 555 2320 618 exigui
2347 560 2548 603 sumtus
2571 563 2722 618 quot·

1651 634 1795 682 annis
1821 641 1997 682 essent
2020 631 2284 692 faciendi;
2321 632 2395 679 ita
2423 644 2553 678 onus
2580 628 2722 678 istud

1651 726 1716 759 eo
1739 711 1946 773 gravius
1966 710 2243 770 evadebat,
2266 709 2308 757 si
2343 717 2602 772 praeterea
2629 722 2723 769 per

1651 788 1948 837 vicesimam
1985 803 2087 836 non
2135 800 2315 850 parum
2361 785 2724 836 detraheretur

1654 864 1799 914 bouis
1825 863 2173 912 hereditariis.
2212 863 2363 911 Idem.

1721 941 2036 1004 Gentilitote]
2080 938 2465 989 Deficientibus
2506 953 2725 998 consan-

1654 1018 1850 1079 guineis
1885 1016 2304 1065 substituebatur
2334 1030 2438 1063 non
2461 1029 2724 1079 nunqnam

1657 1101 1977 1143 testamento
2016 1092 2132 1158 quis
2176 1106 2241 1140 ex
2288 1092 2469 1140 eadem
2516 1093 2724 1140 nomine

1656 1170 1870 1233 familia,
1906 1179 1963 1219 ut
2003 1180 2056 1218 et
2092 1169 2233 1217 inter
2271 1182 2364 1216 nos
2402 1167 2598 1229 pariter
2634 1182 2726 1216 usn

1658 1250 1818 1297 venit.
1889 1247 1993 1296 Hic
2017 1261 2085 1295 ex
2116 1245 2413 1310 gentilitate
2436 1245 2589 1293 heres
2611 1243 2730 1295 fieri

1656 1324 1950 1373 dicebatur.
1985 1323 2207 1372 Potor-ol.

1723 1400 1978 1450 Sacrorum
2003 1400 2203 1462 denique
2223 1395 2474 1460 societate]
2514 1395 2647 1445 Nam
2673 1403 2728 1446 et

1660 1493 1808 1527 sacra
1847 1478 2053 1542 privata
2088 1491 2181 1524 sua
2216 1473 2420 1523 familiis
2455 1479 2624 1528 erant,
2651 1482 2727 1523 at·

1663 1571 1761 1621 que
1797 1571 1859 1606 ea
1897 1570 1991 1619 pro
2028 1563 2171 1616 nota,
2206 1559 2261 1602 et
2302 1552 2529 1601 vinculo.
2598 1551 2729 1600 Inde

1661 1640 1674 1662 ⁴
1697 1633 1916 1683 transire
1939 1633 1991 1681 in
2017 1639 2226 1695 gentem
2255 1637 2309 1679 et
2341 1643 2491 1678 sacra
2511 1627 2543 1674 ε’
2579 1629 2730 1679 item-

1663 1726 1781 1777 que,
1802 1714 1817 1739 ‘
1836 1710 2097 1760 hereditas
2119 1724 2237 1759 cum
2261 1707 2461 1769 sacris,’
2484 1714 2577 1757 aut
2595 1709 2730 1757 ‘sine

1663 1787 1859 1851 sacris,’
1881 1790 1931 1837 iu
1955 1788 2165 1838 Plauto.
2208 1786 2344 1843 Sine,
2369 1784 2729 1849 inquam,cum

1665 1867 1716 1915 in
1759 1874 1968 1930 gentem
2005 1863 2288 1927 adoptione
2321 1877 2421 1911 non
2459 1861 2729 1912 transitur.

1665 1943 1801 2005 Lips.

1733 2022 1988 2068 Sacrorum
2039 2017 2240 2080 denique
2288 2014 2537 2078 societate]
2607 2014 2735 2079 Aut,

1666 2098 1788 2159 qnia
1813 2111 2016 2145 sacrum
2053 2094 2456 2149 matrimonium,
2487 2092 2734 2156 multipli-

1666 2173 1801 2221 cium
1837 2172 2201 2235 cognationum
2234 2170 2598 2228 seminarium3
2646 2177 2735 2218 aut

1668 2249 1858 2313 potins,
1883 2249 2006 2313 quia
2034 2249 2172 2297 cives
2196 2249 2347 2295 Rom.
2367 2246 2630 2296 habebant
2654 2261 2734 2295 sa-

1667 2339 1756 2373 cra
1799 2325 2118 2374 hereditaria
2161 2339 2226 2372 ex
2271 2325 2413 2385 Lege
2457 2336 2560 2371 xu-
2603 2322 2735 2372 Τὼ.

1670 2401 1872 2467 quinta,
1910 2417 2013 2466 qua
2048 2400 2351 2461 cavebatur,
2389 2408 2448 2449 ut
2487 2408 2643 2464 pater
2676 2400 2734 2449 fi-

1669 2482 1868 2546 liusque
1905 2482 2052 2530 lieres
2086 2480 2264 2528 eadem
2303 2493 2456 2528 sacra
2479 2480 2735 2528 colerent.

1672 2557 1825 2605 Unde
1863 2557 1878 2584 ‘
1900 2555 2032 2605 filins
2066 2570 2166 2605 non
2203 2555 2425 2618 amplius
2455 2554 2508 2602 in
2542 2553 2739 2611 sacris,'

1670 2634 1825 2685 Jctis.
1848 2642 1930 2683 est
1964 2640 1978 2663 ⁸
1998 2631 2396 2695 emancipatus‚’
2421 2632 2518 2680 hoc
2542 2642 2645 2693 est,
2669 2631 2737 2681 do

1672 2717 1934 2773 potestate
1961 2709 2121 2772 patris
2147 2710 2351 2770 missus,
2368 2707 2505 2771 quod
2527 2706 2738 2756 demum

1672 2794 1773 2848 est,
1795 2787 2027 2849 suijuris
2051 2785 2242 2834 factus.
2307 2785 2429 2833 vid.
2456 2783 2588 2833 de.
2613 2785 2741 2833 For·

1671 2875 1783 2910 ner.
1828 2863 2017 2910 Rerum
2059 2860 2274 2912 Quotid.
2320 2873 2409 2910 ιιι.
2441 2864 2525 2909 29.
2564 2860 2742 2909 'raub-

1672 2938 1842 2986 manni
1883 2941 2054 2988 Plaut.
2089 2938 2137 2987 in
2165 2938 2321 3001 Capt.
2359 2951 2433 2986 iv.
2471 2941 2515 2986 1.
2544 2946 2654 2987 not.
2693 2941 2743 2987 8.

1672 3016 1824 3064 Bern.

1737 3091 1991 3139 Sacrorum
2013 3091 2259 3154 societate]
2294 3090 2502 3154 Lipsius
2524 3098 2579 3139 et
2601 3091 2741 3155 Ray·

1674 3181 1798 3215 anus
1821 3168 2119 3229 intelligunt
2136 3167 2204 3215 de
2221 3172 2383 3216 sacris
2399 3163 2739 3228 familiarum3

1676 3245 1811 3293 unde
1857 3244 2207 3308 proverbium,
2246 3244 2571 3294 ‘Hereditas
2620 3261 2741 3295 cnm

1675 3321 1874 3383 sacris,’
1894 3332 1947 3370 et
1971 3329 1986 3351 ¹
2005 3322 2116 3369 sine
2140 3320 2339 3370 sacris.’
2372 3321 2592 3371 Pater-01.

1747 3400 1947 3463 Uesua]
1986 3399 2245 3461 Namque,
2281 3399 2370 3462 qui
2412 3398 2462 3446 in
2490 3399 2615 3461 jure
2654 3414 2744 3449 vo·

1676 3486 1865 3528 cantur
1900 3479 2149 3528 ‘heredes
2186 3478 2302 3535 sui,’
2338 3493 2386 3526 v.
2407 3493 2456 3541 g.
2491 3478 2605 3537 filii,
2633 3482 2743 3542 jam

1679 3559 1796 3608 vivo
1836 3560 2004 3611 adhuc
2045 3569 2219 3623 patre,
2254 3560 2578 3609 habebantur
2618 3576 2744 3625 quo·

1675 3635 1793 3685 dam
1819 3638 1973 3687 modo
1995 3635 2330 3693 συνδεστόται,
2357 3645 2411 3686 et
2433 3638 2628 3686 domini
2654 3638 2745 3687 bo-

1678 3727 1858 3760 norum
1883 3711 2114 3770 familioe,
2139 3714 2231 3775 ita,
2252 3721 2311 3762 ut
2333 3727 2511 3762 eorum
2537 3727 2746 3763 succes·

1676 3788 1753 3837 sio
1779 3802 1876 3837 non
1903 3797 2006 3838 tam
2031 3790 2293 3838 hereditas
2322 3804 2435 3837 esse
2460 3790 2746 3846 videretur,

1676 3879 1824 3929 quam
1851 3866 2171 3915 continuatio
2204 3866 2542 3929 possessionis
2577 3876 2632 3915 et
2658 3866 2749 3914 do·

1678 3942 1837 3991 minii.
1902 3941 1964 3990 Id
1986 3941 2122 4004 quod
2150 3943 2320 4005 paullo
2351 3942 2582 4004 pluribus
2605 3944 2747 3992 illus·

1678 4026 1875 4069 tratum
1900 4028 1982 4069 est
2006 4020 2056 4068 in
2083 4019 2300 4067 Excurs.
2319 4030 2460 4066 xut.
2480 4018 2727 4068 Schwen-

1747 4096 1871 4145 Hoee
1907 4097 2213 4145 mansuetudo
2246 4093 2390 4157 legis]
2428 4095 2666 4157 Scilicet,
2692 4103 2750 4144 ut

1679 4171 1955 4222 domestici
1995 4172 2238 4234 heredes,
2267 4172 2379 4221 sive
2409 4169 2537 4220 πάνυ
2567 4189 2746 4235 mme-

1680 4250 1790 4306 νιΐς,
1813 4257 1872 4300 ut
1897 4249 1997 4303 Dio
2019 4249 2272 4315 loquitur,
2298 4247 2527 4313 itemque
2552 4263 2751 4313 paupe·
