3060 4902
758 416 829 465 0.
884 414 1124 463 punit
1175 413 1505 463 saeuum
1560 414 1830 464 Panno.
1913 400 2101 468 1.3.·3.

2400 403 2534 469 619

317 556 436 606 tiani
459 563 637 606 tamen
660 555 954 606 istiusmodi
977 557 1277 622 spect-enta
1289 569 1390 605 non
1457 556 1864 620 jussus‚collum
1888 558 2183 609 contraxit?
2207 565 2407 610 tanturn
2439 575 2530 611 ex-

317 633 577 683 immerito
600 634 1004 683 aversabantur.
1038 633 1175 681 Vide
1199 633 1392 683 Clerici

317 710 435 759 Art.
459 711 595 760 Crit.
624 710 691 759 Ρ.
715 723 781 759 ιι.
813 725 858 759 s.
887 714 934 759 l.
956 723 1075 771 cap.
1097 715 1147 759 6.
1169 714 1219 758 3.
1243 724 1388 774 seqq.

318 788 456 838 Quin
487 797 544 836 et
567 788 681 849 ipse
705 787 911 837 Seneca
943 787 1113 850 Epist.
1138 800 1241 835 vn.
1266 801 1392 848 qne·

318 866 453 915 titur
473 863 539 914 de
573 863 656 914 bis
684 864 1000 928 spectaculis
1018 880 1034 913 ε
1076 869 1091 894 ·
1114 862 1292 923 Νὶιιίὶ,’
1313 865 1389 912 in·

318 942 452 1005 quit,
482 942 602 990 ‘est
636 950 744 990 tam
781 941 1080 991 damnosum
1110 940 1259 990 bonis
1284 955 1390 988 rno-

319 1018 483 1079 ribus,
505 1032 661 1082 qnam
686 1018 741 1067 in
765 1017 944 1081 aliquo
964 1017 1267 1080 spectaculo
1297 1017 1387 1065 de·

318 1096 513 1144 sidere.
575 1096 722 1144 Tunc
757 1094 896 1143 euim
932 1108 1028 1157 per
1068 1095 1388 1159 voluptatem

319 1170 525 1221 cac-ttius
551 1172 676 1220 sitia
698 1179 1000 1235 surrepunt.
1038 1171 1176 1223 Quid
1202 1186 1285 1221 me
1300 1186 1389 1219 cx-

316 1248 522 1297 istimas
545 1247 758 1296 dicere?
791 1245 1015 1297 Avarior
1035 1247 1215 1309 redeo,
1230 1248 1390 1298 ambi-

319 1325 523 1383 tiosior,
557 1324 899 1383 luxuriosior3
941 1324 1097 1372 immo
1126 1337 1250 1373 vero
1273 1339 1388 1373 cru-

317 1404 492 1454 delior
528 1411 584 1453 et
611 1403 953 1465 inhumanior,
976 1403 1096 1467 quia
1132 1405 1269 1454 inter
1301 1406 1388 1456 bo·

319 1486 486 1534 mines
509 1482 584 1533 fni
590 1515 759 1534 .....
781 1482 954 1543 Nunc,
988 1484 1188 1533 omissis
1226 1486 1390 1548 nugis,

318 1574 461 1609 ruera
495 1559 773 1610 homicidia
810 1566 951 1608 sunt.
974 1593 988 1608 .
1014 1594 1028 1609 .
1056 1592 1070 1608 .
1092 1560 1256 1610 Mane
1282 1562 1389 1611 leo·

318 1638 474 1687 nibus
521 1646 579 1686 et
626 1635 760 1685 ursis
813 1636 1046 1685 homines
1080 1651 1096 1696 ς
1154 1637 1388 1702 meridie,

319 1714 712 1777 spectatoribus
750 1713 855 1761 suis
898 1711 1233 1776 objiciuntur.
1299 1713 1390 1762 Iu·

319 1792 640 1844 terfectores
671 1793 809 1841 inter
831 1805 887 1839 se
915 1791 1175 1854 jubentur
1208 1790 1389 1855 objici,

316 1880 371 1922 et
389 1871 645 1922 victorem
662 1869 715 1919 in
730 1868 881 1918 aliam
900 1867 1139 1918 detluent
1155 1868 1353 1918 cedem
1372 1884 1387 1919 ε

319 1948 495 1997 exitu·
520 1946 856 2010 pugnantium
874 1958 1011 1994 mors
1029 1950 1110 1993 est
1130 1961 1145 2005 ;
1169 1944 1311 1996 ferro
1330 1952 1388 1996 et

319 2023 439 2087 igue
463 2036 550 2072 res
573 2018 807 2086 geritur!
841 2019 926 2070 ef.
950 2021 1088 2070 Pliu.
1113 2021 1285 2085 Epist.
1310 2034 1387 2072 tx.

317 2104 367 2150 6-
402 2098 647 2148 &hm-

382 2176 646 2226 δἐι-σοαπ
685 2175 829 2224 aian
863 2172 1229 2237 noxiamque]
1264 2175 1389 2223 Duo

319 2252 456 2302 enim
480 2265 678 2315 genera
709 2250 973 2300 bominum
1008 2249 1072 2299 ad
1107 2251 1198 2299 bos
1222 2251 1387 2314 ludos,

322 2328 458 2379 nervi
482 2333 576 2378 aut
597 2327 759 2377 noxii.
826 2326 936 2387 Illi,
960 2327 1041 2376 vel
1065 2326 1202 2376 bello
1224 2328 1386 2389 capti,

322 2407 404 2455 vel
423 2404 596 2470 pretio
617 2420 648 2454 a
673 2402 871 2454 lanistis
894 2403 1020 2453 etuti
1042 2420 1055 2450 ε
1080 2404 1185 2466 isti,
1209 2404 1295 2470 qui
1319 2403 1388 2454 ob

320 2481 522 2532 facinus
544 2488 635 2531 aut
660 2481 830 2530 scelus
860 2479 1090 2529 damnati
1115 2480 1168 2530 in
1189 2481 1281 2529 lroe
1314 2481 1387 2529 lu-

318 2559 435 2609 dos.
475 2560 589 2621 Ego
616 2556 783 2608 fusius
806 2557 872 2607 de
896 2559 1153 2624 utrisque,
1176 2559 1391 2609 Saturn-

320 2650 387 2687 ιι.
409 2641 460 2685 3.
491 2636 632 2698 Lips-

384 2713 650 2762 &eor-n
686 2708 835 2760 etiam
874 2707 1237 2772 noxiarumque]
1288 2710 1391 2759 Mi-

320 2804 432 2839 rum
478 2794 581 2849 est,
633 2787 731 2836 nisi
777 2785 1011 2848 respexit
1052 2786 1117 2836 ad
1160 2794 1389 2837 mentem

319 2866 658 2929 Hannibalis,
681 2865 751 2914 de
782 2878 883 2929 qua
909 2864 1111 2927 prolixe
1136 2864 1248 2914 Liv.
1270 2877 1390 2914 ιιι.

319 2948 401 2996 43.
427 2947 511 2993 43.
531 2943 623 3007 qui
646 2943 964 2992 consulatur.
1002 2941 1153 2990 Grec.

382 3020 644 3070 sermm
688 3017 835 3067 etiam
869 3016 1231 3081 usim-umque]
1266 3018 1390 3068 Duo

319 3110 519 3161 genera
541 3093 807 3143 bominum
837 3093 902 3142 ad
934 3090 1027 3141 bus
1051 3092 1221 3152 ludos,
1237 3094 1392 3156 servi,

318 3182 412 3226 aut
450 3172 612 3223 noxii.
682 3170 789 3231 Illi,
824 3170 906 3219 vel
939 3169 1081 3218 bello
1113 3170 1272 3233 capti,
1307 3170 1390 3220 vel

318 3251 495 3317 pretio
517 3265 548 3298 a
573 3247 776 3297 lanistis
797 3246 959 3307 emtig
984 3245 1088 3301 isti,
1117 3246 1204 3308 qui
1224 3246 1291 3295 ob
1314 3243 1391 3294 fa·

317 3329 485 3389 ciuus,
525 3332 617 3375 aut
641 3324 834 3387 scelna,
861 3322 1097 3371 damnati
1124 3322 1176 3370 in
1199 3322 1290 3372 bos
1312 3322 1391 3371 lu·

317 3406 430 3455 dos.
493 3404 693 3453 Postea
714 3414 817 3450 non
841 3398 1072 3447 homines
1093 3397 1251 3447 solum
1277 3396 1390 3446 infi-

317 3497 417 3534 moe
442 3477 770 3533 conditionis¹
789 3483 852 3525 -et
882 3474 1128 3531 fortune,
1162 3472 1253 3523 sed
1289 3474 1390 3523 eti·

316 3573 400 3609 am
446 3554 651 3606 nobiles
691 3566 750 3602 se
799 3552 866 3604 ad
908 3549 1203 3616 hujusmodi
1243 3552 1391 3600 ludo·

316 3634 631 3686 efferebant.
678 3629 804 3680 vid.
839 3629 981 3694 Lips.
1008 3629 1222 3679 Saturn.
1247 3641 1310 3678 ιι.
1338 3632 1390 3680 3.

322 3711 551 3764 Paeo-01.

381 3789 540 3839 Am
581 3783 764 3848 mdis]
821 3788 836 3813 ·
873 3780 1209 3844 Gladiatores
1263 3795 1391 3845 quas

319 3865 500 3929 plagas
536 3860 849 3927 perferunt?
878 3873 1035 3924 quam
1058 3873 1201 3923 sepe
1232 3873 1390 3923 appa-

319 3947 419 3999 ret,
443 3941 574 3991 nibil
596 3953 687 3990 eos
710 3938 886 4000 malle,
907 3951 1060 4002 quam
1084 3936 1167 3986 vel
1185 3935 1392 3986 domiuo

318 4018 649 4081 satisfacere,
673 4018 758 4067 vei
796 4015 1026 4081 populo?
1061 4013 1176 4080 quis
1198 4013 1392 4064 rnedio-

318 4099 420 4149 cris
442 4097 701 4161 gladiator
729 4090 1014 4158 ingemuit?
1050 4092 1166 4158 quia
1193 4093 1391 4142 vultum

318 4175 575 4226 mutavit?
605 4173 724 4239 quis
760 4185 868 4221 non
906 4168 1062 4220 modo
1093 4183 1196 4219 nou
1222 4171 1392 4226 stetit.

322 4265 496 4302 rerum
519 4250 682 4300 etiam
703 4245 966 4299 decubuit
997 4246 1245 4310 turpiter?
1278 4246 1393 4310 qnia

321 4341 436 4380 cu-
489 4326 860 4387 decubuisset,
914 4320 1110 4374 ferrum
1152 4324 1390 4389 recipere

1466 633 1726 688 ercitatio‚
1759 634 2052 698 meditatio,
2083 635 2409 686 consuetudo
2444 652 2532 687 va-

1465 709 1583 769 let‚’
1602 711 1718 761 Cic.
1738 711 1947 761 Tuscul.
1969 711 2058 760 lib.
2080 725 2144 761 ιι.
2180 713 2333 763 Ber-n.

1529 790 1593 838 In
1632 790 1812 838 edendo
1848 787 2203 851 tiber-atinum]
2275 788 2529 841 Refersne

1464 866 1529 916 ad
1555 867 1760 930 copiam
1784 872 1839 915 et
1865 880 2132 916 numerum
2152 867 2367 929 largiter
2395 881 2530 930 prae·

1463 943 1669 994 bltum?
1710 958 1775 993 an
1823 943 1890 993 ad
1928 944 2138 993 missilia
2181 950 2234 993 et
2271 943 2410 994 dona
2450 946 2528 993 iu·

1464 1022 1727 1087 terjecta?
1773 1023 2063 1086 Utrumque
2103 1027 2294 1085 potest.
2351 1023 2530 1085 Traja⁴

1462 1115 1557 1150 nus
1583 1102 1787 1166 quidem
1813 1102 1887 1150 ita
1922 1103 2096 1163 largus
2121 1100 2169 1149 in
2202 1100 2333 1156 istis,
2356 1106 2413 1147 ut
2438 1102 2528 1149 ali-

1461 1180 1669 1244 quando
1702 1188 1718 1210 ·
1737 1178 1801 1228 ad
1824 1179 2004 1229 decem
2027 1177 2186 1227 millia
2209 1176 2427 1241 (Diouis
2451 1191 2530 1225 aa·

1462 1255 1625 1303 sertio
1663 1254 1772 1319 eat)
1815 1255 2157 1317 gladiatorum
2203 1253 2429 1317 dederit,
2476 1254 2529 1303 iu

1465 1333 1578 1382 unia
1606 1333 1738 1381 ludis
1758 1332 1791 1381 ι’
1816 1333 1913 1381 etsi
1939 1333 2035 1381 hoc
2051 1338 2168 1396 poet
2189 1331 2437 1382 victoriae
2460 1331 2528 1380 de

1463 1408 1697 1458 barbaris
1734 1416 1931 1473 partae,
1966 1416 2021 1456 et
2056 1423 2122 1458 ex
2152 1408 2217 1458 iis
2251 1409 2529 1472 plerosque

1461 1482 1621 1534 fuisse
1662 1486 1953 1547 opinamur.
2004 1486 2090 1535 De
2126 1485 2401 1535 missilibus
2439 1500 2531 1534 att-

1466 1567 1592 1625 tem,
1631 1561 1781 1611 nimia
1818 1560 1975 1610 etiam
2013 1574 2097 1611 rea
2137 1567 2289 1622 nota3
2324 1576 2440 1624 quae
2476 1562 2529 1611 in

1463 1651 1658 1688 cuneos
1697 1646 2061 1701 spectatorum
2094 1637 2426 1702 spargebant,
2453 1638 2531 1687 in·

1461 1717 1603 1778 genti
1630 1716 1963 1781 pecuniarum
1979 1716 2209 1779 jactura.
2242 1716 2378 1779 Lipr.
2520 1726 2525 1733 ’

1528 1794 1590 1842 Iu
1611 1792 1809 1857 edendo]
1833 1793 2048 1842 Scilicet
2065 1793 2082 1822 ‘
2102 1793 2406 1857 spectaculo
2421 1793 2527 1856 gls-

1462 1868 1760 1919 diatorum.’
1794 1870 1880 1919 Sic
1915 1869 2116 1919 Plinius
2149 1870 2326 1924 etiam,
2360 1868 2528 1931 Epist.

1461 1959 1541 1996 vr.
1562 1950 1644 1999 34.
1668 1946 1879 1997 scribit:
1904 1954 1919 1976 ⁴
1938 1945 2075 1994 Illud
2094 1958 2298 2009 quoque
2322 1944 2527 2007 egregi-

1462 2037 1569 2085 um,
1603 2024 1739 2088 qnod
1782 2033 1885 2074 tam
1925 2021 2112 2082 facilia,
2140 2028 2245 2071 tam
2278 2021 2528 2076 liberalis,

1462 2100 1513 2149 iu
1550 2100 1753 2151 edendo
1790 2099 1971 2150 fuisti!
2008 2099 2094 2149 Ita
2130 2111 2316 2161 nempe
2345 2097 2400 2157 ii,
2435 2098 2526 2161 qui

1463 2179 1657 2241 populo
1679 2177 1872 2226 dabant
1899 2177 2009 2239 ejus
2034 2175 2234 2238 generis
2254 2181 2528 2235 spectacu-

1460 2254 1528 2316 la,
1552 2253 1862 2303 dicebantur
1885 2258 1899 2280 ⁶
1917 2250 2081 2312 ἀει-οξ
2099 2258 2187 2299 aut
2209 2251 2223 2276 ⁸
2241 2249 2399 2299 edere
2421 2250 2529 2312 gla-

1463 2327 1742 2388 diatores3'
1777 2329 1898 2377 item
1943 2330 1959 2356 ⁸
1982 2328 2141 2376 edere
2179 2323 2399 2385 munus,'
2438 2331 2528 2374 aut

1461 2406 1845 2471 ‘spectaculum
1868 2401 2265 2469 gladiatorium!
2313 2403 2528 2453 Sueton.

1463 2484 1627 2547 Vesp.
1653 2497 1770 2545 cap.
1793 2487 1841 2532 7.
1880 2485 1895 2512 ‘
1921 2482 2083 2532 Dedit
2106 2488 2161 2530 et
2189 2480 2369 2530 navale
2395 2494 2528 2544 prae-

1464 2558 1588 2608 lium
1614 2558 1664 2607 in
1699 2559 1864 2608 veteri
1900 2556 2238 2619 naumachia3
2266 2556 2446 2606 itidem
2472 2564 2529 2607 et

1463 2632 1817 2696 gladiatores!
1845 2634 2015 2683 Tacit.
2030 2629 2223 2683 Anual.
2246 2646 2285 2681 ι.
2308 2636 2392 2682 76.
2416 2635 2430 2660 ⁸
2458 2634 2526 2682 E·

1462 2708 1649 2758 deudis
1673 2708 2068 2773 gladiatoribus,
2091 2723 2218 2773 quos
2257 2708 2530 2758 Germani-

1461 2785 1509 2835 ci
1546 2784 1723 2836 fratria
1761 2800 1823 2835 ac
1863 2800 1958 2835 auo
1996 2787 2203 2835 nomine
2242 2785 2528 2841 obtulerat.

1462 2863 1669 2912 Drusus
1722 2863 2002 2927 praesedit)
2071 2862 2261 2913 Annai.
2309 2876 2405 2912 xv·
2445 2868 2529 2914 34.

1462 2938 1605 2988 ‘Ubi
1645 2939 2006 3003 gladiatorium
2043 2953 2229 2988 munus
2261 2952 2293 2987 a
2316 2933 2526 2987 Vatinio

1463 3015 1671 3065 celebre
1710 3013 2003 3064 edebatur.'
2075 3014 2257 3063 Annei.
2288 3026 2417 3062 xur-
2446 3018 2530 3064 31.

1458 3096 1475 3123 ⁸
1496 3093 1865 3157 Spectaculum
1890 3092 2253 3157 gladiatorum,
2277 3099 2368 3141 aut
2390 3091 2529 3141 fera·

1462 3187 1599 3235 rum,
1634 3178 1725 3221 aut
1763 3172 1901 3234 quod
1930 3171 2068 3220 aliud
2103 3170 2374 3226 ludicrum,
2405 3170 2530 3220 ede·

1462 3248 1582 3305 ret.'
1600 3251 1704 3299 &c.
1765 3250 1839 3299 Ut
1865 3263 1988 3297 vero
2010 3261 2261 3311 agnoscas
2283 3247 2526 3297 mendum

1463 3339 1528 3376 ex
1555 3325 1720 3375 literis
1747 3324 1881 3374 male
1904 3324 2315 3375 coalescentibus
2338 3333 2530 3387 ortum,

1463 3410 1632 3464 notes,
1657 3401 1708 3450 in
1742 3401 1925 3450 codice
1958 3400 2177 3461 Veneto,
2201 3414 2296 3463 pro
2316 3401 2368 3449 in
2389 3404 2529 3450 eden-

1461 3483 1541 3542 do,
1559 3478 1813 3541 scriptum
1828 3491 1944 3526 ense
1963 3479 2201 3526 medendo.
2270 3477 2334 3526 In
2359 3479 2530 3539 proxi-

1464 3556 1559 3606 mis
1597 3556 1770 3605 verbis
1806 3554 2237 3605 antecedentibus
2263 3556 2423 3604 etiam
2449 3563 2528 3618 ty-

1463 3634 1755 3698 pographus
1779 3632 2017 3683 mendum
2046 3632 2277 3694 admisit,
2300 3633 2349 3681 in
2373 3632 2530 3682 editi-¹

1462 3727 1563 3763 one
1592 3712 1938 3762 Arutzeniana
1970 3711 2091 3760 dum
2131 3725 2224 3774 pro
2259 3717 2530 3762 cerneretur·

1464 3789 1680 3841 excudit
1700 3794 1936 3839 cernetur.
1968 3788 2225 3838 Schwart-

1528 3867 1915 3926 Liberalitatem,
1948 3881 2090 3929 quum
2126 3864 2401 3929 justitiam]
2456 3864 2530 3914 1¹-

1462 3943 1586 3999 larn.
1607 3949 1717 3993 tum
1743 3943 1794 3991 in
1825 3941 2159 3991 multitudine
2185 3940 2529 4003 gladiatorum

1464 4017 1773 4081 exbibenda,
1794 4024 1900 4066 tum
1915 4016 2181 4080 jaciendis
2206 4016 2255 4065 in
2282 4019 2528 4078 poputum

1464 4095 1773 4153 missilibtts;
1806 4094 1958 4150 hanc,
1995 4107 2061 4141 ex
2106 4107 2258 4157 equo
2302 4093 2533 4154 singulos

1463 4169 1880 4235 respiciendo,et
1902 4169 2045 4232 leges
2064 4180 2237 4217 arente
2257 4167 2533 4229 servando,

1462 4262 1563 4297 nec
1600 4247 1688 4296 ulli
1729 4246 1845 4311 plus
1884 4243 2125 4302 favendo,
2168 4257 2323 4309 quam
2355 4245 2530 4294 alteri.

1465 4323 1686 4374 Patare!-
