3060 4902
506 393 639 459 486

511 561 524 583 ⁸
547 554 828 616 Trajanum
847 557 1117 617 gravatum
1137 550 1262 601 dare
1282 551 1576 615 pecuniam,

509 643 662 692 quam
715 628 851 679 Daci
897 643 1117 678 annuam
1167 629 1464 692 capiebant,
1509 628 1575 678 ad

506 704 699 755 bellum
725 720 781 754 se
806 719 1034 767 parasse,
1056 706 1272 754 timente
1294 706 1582 767 Decebalo,

508 780 595 845 qui
633 796 740 830 rem
778 781 874 831 sibi
913 779 1047 846 fore,
1078 795 1177 830 non
1210 795 1326 831 cum
1355 782 1575 832 Domiti·

507 873 626 922 ano,
668 860 761 908 sed
816 874 933 909 cnm
982 860 1175 922 populo
1224 860 1473 920 Romano,
1519 869 1576 909 et

506 937 747 999 principe
781 937 1011 1001 justitia,
1049 936 1253 998 robore,
1292 944 1347 985 et
1391 936 1575 985 militia

503 1014 662 1075 claro,
687 1014 934 1063 videbat.’
972 1014 1106 1063 Nam
1132 1013 1181 1062 id
1209 1013 1420 1075 bellum,
1439 1027 1574 1062 anno

504 1098 622 1152 post
649 1090 759 1140 baec
784 1091 1044 1150 Pliniana,
1068 1089 1248 1153 coepit.
1319 1089 1483 1138 Porro
1505 1090 1571 1137 si·

502 1167 642 1214 milia
667 1166 796 1223 istis,
830 1166 920 1216 sed
949 1167 999 1215 in
1025 1167 1135 1214 viro
1157 1165 1412 1228 dissimili,
1431 1165 1571 1213 Stili-

503 1256 635 1292 cone
674 1259 786 1302 suo,
823 1245 995 1308 jactat
1037 1243 1382 1292 Claudianus:
1442 1247 1456 1269 ‘
1484 1242 1571 1291 Illi

501 1319 782 1379 terribiles,
816 1320 1001 1384 quibus
1037 1320 1142 1368 otia
1178 1319 1404 1368 vendere
1438 1335 1568 1368 sem·

500 1409 596 1457 per
621 1396 739 1444 Mos
763 1404 895 1457 erat,
917 1402 972 1445 et
995 1396 1135 1445 foeda
1172 1398 1399 1459 requiem
1437 1411 1570 1445 mer·

499 1473 631 1521 cede
655 1474 869 1535 pacisci,
896 1474 1048 1523 Natis
1084 1474 1351 1522 obsidibus
1385 1487 1566 1534 pacem

500 1554 604 1597 tam
647 1551 881 1612 supplice
927 1550 1076 1598 vultu
1118 1549 1442 1611 captivoque
1486 1562 1566 1597 ro-

497 1630 644 1684 gant,
689 1640 840 1688 quam
890 1624 933 1673 si
980 1632 1098 1687 post
1148 1632 1293 1686 terga
1348 1624 1566 1674 revincti

495 1699 745 1763 Tarpeias
788 1700 980 1762 pressis
1019 1700 1240 1749 subeant
1276 1700 1567 1750 cervicibus

498 1776 683 1825 arces.'
729 1776 862 1838 Lips.

566 1853 631 1901 Te
665 1851 926 1914 adsedisse]
967 1853 1151 1901 Castra
1187 1859 1239 1900 et
1279 1857 1563 1914 praetentu-

388 1936 393 1940 ’
495 1942 578 1976 ras
602 1927 862 1988 babuisse,
884 1930 931 1977 in
956 1927 1224 1977 fluminum
1248 1929 1378 1991 ripa.
1424 1931 1564 1981 Quia

493 2004 629 2052 enim
655 2003 723 2052 ibi
751 2003 969 2053 firmiter
992 2013 1045 2052 et
1066 2004 1296 2059 adsidue,
1320 2005 1431 2067 ipsa
1448 2019 1560 2055 cas-

495 2087 575 2128 tra
608 2083 766 2129 etiam
801 2082 935 2129 sedes
978 2080 1266 2143 posteriore
1309 2081 1411 2130 isto
1445 2096 1561 2132 aevo

494 2156 652 2205 dicta.
688 2158 842 2206 Idem.

561 2234 625 2281 Te
658 2235 915 2296 adsedisse]
955 2233 1140 2294 virgil.
1180 2233 1288 2282 Cir.
1327 2248 1404 2283 vs.
1442 2237 1559 2283 268.

490 2310 506 2337 ‘
529 2310 715 2357 nostris
740 2311 826 2372 qui
852 2309 1102 2359 mmnibus
1126 2309 1333 2358 adsidet
1356 2309 1556 2359 hostis!

490 2386 582 2435 Sil.
606 2386 695 2435 lib.
723 2400 803 2435 ix.
826 2390 838 2413 ‘
861 2395 1015 2451 atqne
1037 2386 1241 2436 adsidet
1267 2385 1438 2436 arcis!
1466 2386 1556 2435 lib.

492 2477 598 2514 xit.
639 2472 653 2494 ⁴
675 2464 931 2514 Adsessos
967 2467 1161 2528 Capuae
1197 2463 1402 2513 muros.’
1438 2465 1556 2513 Val.

489 2541 637 2589 Max.
656 2554 759 2588 vu.
777 2546 825 2590 4.
849 2550 862 2572 ί
881 2539 1019 2603 apud
1047 2540 1230 2589 moenia
1254 2546 1451 2589 armato
1473 2554 1554 2590 se-

488 2617 713 2667 dendum
739 2617 911 2667 foret!
963 2619 1116 2668 Bern.

553 2694 885 2743 ferocissimis
910 2694 1118 2758 populis]
1158 2693 1291 2744 Nam
1317 2691 1553 2757 feritate,

486 2770 782 2834 ferociaque
825 2785 1117 2834 corporum,
1159 2771 1552 2835 animorumque

486 2848 806 2910 praestantia,
829 2847 881 2894 in
906 2847 1042 2895 bello
1067 2848 1419 2909 praevaluisse,
1445 2856 1549 2897 tes·

485 2930 563 2973 tes
577 2924 784 2985 Strabo,
800 2923 967 2973 Tacit.
981 2922 1069 2971 lib.
1085 2923 1150 2971 de
1166 2923 1550 2973 Morib.Germ.

483 3013 530 3051 c.
553 3004 602 3047 4.
634 3001 795 3049 Solio.
845 3000 1099 3061 Pompon.
1138 3000 1354 3063 Dionys.
1391 2999 1548 3050 immo

484 3076 648 3139 ipsum
675 3091 879 3126 nornen.
937 3077 1089 3125 Idem.

548 3152 1091 3216 Feracissims'spopulis]
1110 3152 1399 3209 Germanis,
1418 3168 1546 3216 quos

481 3228 678 3276 domuit
694 3229 962 3291 Trajanus.
998 3230 1081 3277 De
1106 3229 1306 3277 illorum
1329 3226 1547 3279 feritate

481 3304 631 3366 plura
648 3303 948 3367 Catanoeus,
965 3308 1018 3352 et
1038 3302 1304 3365 Rayanus,
1322 3305 1386 3353 ad
1411 3304 1546 3355 hunc

482 3381 667 3432 locum.
725 3380 945 3429 Patarol.

545 3454 900 3504 Amicissimum
913 3455 1035 3518 illis]
1055 3453 1238 3504 Claud.
1253 3470 1329 3506 vl.
1344 3457 1544 3509 Honor.

480 3532 631 3580 Cons.
654 3532 719 3581 de
743 3533 895 3583 Getis
918 3549 932 3582 ε
965 3533 979 3559 ⁸
1002 3531 1139 3594 quod
1176 3534 1416 3595 gentibus
1443 3536 1543 3583 illis

478 3607 693 3670 Frigore
730 3607 990 3657 consuetis
1027 3603 1172 3655 favet
1206 3607 1544 3658 inclementia

476 3681 629 3731 coeli.'
684 3682 850 3730 Licin.

543 3762 698 3824 Ripas
728 3763 841 3822 gelu
863 3759 1062 3825 jungit]
1091 3759 1178 3809 Sic
1206 3767 1261 3810 et
1294 3760 1540 3824 pontibus

371 3892 387 3899 ,
468 3838 620 3902 jungi
645 3838 908 3897 dicuntur,
931 3852 1046 3886 cum
1082 3837 1285 3887 scilicet
1316 3853 1538 3889 comme·

476 3926 566 3961 are
588 3913 714 3961 licet
736 3920 788 3961 et
819 3911 981 3972 adire,
1007 3914 1308 3977 ntjunctas.
1378 3918 1459 3965 De
1484 3931 1539 3966 re

473 3991 609 4052 ipsa,
630 3997 687 4038 et
712 3990 919 4038 immani
954 3990 1052 4040 hoc
1086 3991 1299 4054 frigore,
1329 3993 1540 4056 copiose

476 4065 764 4117 Herodian.
802 4065 894 4115 lib.
924 4080 1002 4115 vt.
1038 4082 1090 4131 p.
1117 4071 1228 4117 139.
1269 4083 1347 4131 pr.
1385 4083 1539 4134 quem

475 4142 613 4192 vide.
667 4139 778 4200 Ait,
803 4140 942 4191 inter
965 4142 1085 4202 alia,
1106 4144 1122 4170 ⁸
1145 4148 1420 4209 utrumqne
1441 4143 1538 4195 flu·

474 4218 631 4272 vium,
656 4226 709 4268 et
735 4217 971 4268 Rhenum
1006 4226 1063 4269 et
1096 4220 1411 4278 Danubium,
1445 4237 1540 4286 per

370 4327 385 4340 .
473 4293 694 4344 hiemem
723 4294 799 4345 sic
834 4295 1121 4359 gelascere,
1144 4304 1201 4346 ut
1236 4310 1535 4363 camporum

1206 410 1425 459 NOTAE
1474 409 1879 459 VAluoRUM
1934 411 2014 460 m

1652 550 1705 600 in
1725 566 1917 601 morem
1942 552 2356 617 perequitentnr.
2391 556 2522 606 Esse
2541 562 2717 608 antem

1654 629 1785 679 adeo
1809 629 2027 680 solidam
2060 629 2364 697 firmamque
2399 634 2638 699 glaciem,
2662 644 2721 685 nt

1651 719 1752 754 non
1781 706 1999 769 pedibus
2031 709 2181 757 modo
2212 710 2523 774 ungulisque
2555 712 2718 761 homi-

1651 794 1773 830 num
1810 789 1866 832 et
1901 797 2150 846 equorum
2186 785 2470 846 subsistat3
2504 787 2596 835 sed
2629 789 2718 852 qui

1650 857 1884 908 hausturi
1910 875 2090 924 aquam
2113 869 2252 922 sunt,
2275 876 2379 910 non
2414 869 2517 911 tam
2542 877 2721 927 urnas,

1648 942 1738 982 aut
1775 949 1918 997 vasa,
1954 950 2131 985 secum
2171 935 2411 998 afferant,
2449 953 2601 1003 quam
2636 955 2717 989 se·

1649 1022 1799 1058 cures
1823 1017 1878 1058 et
1902 1009 2162 1067 dolabras,
2184 1020 2240 1060 ut
2270 1014 2493 1063 excisam
2528 1029 2714 1077 aquam

1648 1085 1790 1147 quasi
1829 1086 2075 1150 lapidem,
2098 1088 2209 1136 sine
2241 1088 2347 1136 nllo
2372 1103 2511 1151 vase,
2534 1105 2716 1152 aspor-

1649 1160 1798 1208 tent:
1864 1162 1994 1214 Qnae
2022 1170 2286 1225 postrema
2318 1171 2531 1228 tangere
2555 1166 2718 1217 Cato·

1647 1249 1764 1284 nem
1790 1236 1839 1285 in
1865 1238 2071 1300 Fragm.
2097 1239 2247 1301 Orig.
2270 1241 2408 1304 quod
2433 1242 2573 1304 apud
2604 1243 2713 1292 No·

1648 1314 1787 1364 nium
1835 1323 1931 1372 est,
1972 1317 2113 1366 scio:
2163 1325 2180 1348 ³
2204 1320 2309 1370 Qui
2356 1328 2619 1384 aquatum,
2653 1329 2713 1372 nt

1645 1389 1913 1453 lignatum,
1938 1392 2182 1444 videntur
2211 1395 2307 1444 ire.
2375 1397 2607 1447 Securim
2634 1407 2711 1448 at-

1645 1481 1745 1530 que
1770 1469 1933 1517 lorum
1957 1466 2151 1533 ferunt,
2171 1473 2342 1534 gelum
2366 1488 2594 1523 crassum
2620 1490 2711 1524 ex·

1645 1543 1848 1606 cidunt,
1894 1559 2010 1594 eum
2065 1547 2171 1597 loro
2221 1550 2519 1613 colligatum
2566 1551 2711 1601 aufe-

1642 1621 1801 1672 runt!
1840 1624 1920 1672 De
1951 1625 2146 1685 Rheno,
2168 1627 2371 1690 opinor,
2394 1629 2550 1679 dixit.
2573 1631 2710 1693 Lips-

1706 1699 2023 1763 Daratusque
2040 1703 2197 1763 glacie
2215 1704 2434 1764 ingentia
2456 1711 2592 1767 tergo
2614 1706 2712 1757 bel·

1540 1810 1542 1812 .
1641 1775 1687 1822 la
1732 1777 2051 1840 transportat]
2096 1780 2317 1841 Tergum
2359 1781 2613 1844 Danubii,
2649 1792 2709 1832 ut

1642 1850 1658 1877 ‘
1677 1851 1843 1900 amica
1868 1851 2054 1915 terga!
2110 1855 2347 1905 Ritterslt.

1707 1927 1805 1976 Suo
1828 1929 1964 1991 coelo]
1987 1928 2049 1977 In
2068 1931 2237 1980 Taciti
2259 1931 2538 1982 Germanis
2556 1947 2603 1983 c.
2623 1939 2704 1984 29.

1639 2001 1654 2029 ‘
1677 2002 1936 2060 Mattiaci,
1960 2004 2073 2067 ipso
2096 2005 2265 2056 adbuc
2289 2016 2443 2056 terrm
2464 2023 2569 2059 suae
2594 2011 2707 2061 solo

1639 2085 1693 2127 et
1740 2081 1870 2129 coelo
1911 2081 2082 2130 acrius
2139 2082 2472 2133 animantur.'
2548 2085 2705 2134 Sidus

1639 2161 1833 2216 autem,
1873 2155 2148 2217 Arctoum,
2190 2164 2390 2207 certum
2433 2166 2516 2209 est
2561 2164 2701 2226 capi.

1637 2229 1774 2291 Lips.

1698 2305 1796 2354 Suo
1840 2307 1977 2369 coeeo]
2025 2308 2345 2359 ‘Hominum
2390 2311 2597 2375 ingenia
2633 2315 2700 2363 ad

1635 2381 2022 2431 similitudinem
2062 2387 2180 2434 coeli
2211 2387 2290 2436 sni
2322 2387 2573 2444 horrent,'
2606 2390 2699 2439 Se·

1634 2471 1750 2506 nec.
1779 2459 1986 2508 Consol.
2009 2461 2072 2509 ad
2102 2462 2257 2512 Helv.
2278 2477 2395 2528 cap.
2412 2469 2463 2513 6.
2495 2465 2697 2516 Poeta:

1636 2533 1869 2582 ‘Durum
1894 2550 1925 2584 a
1947 2537 2112 2601 stirpe
2134 2552 2316 2601 genus,
2340 2549 2491 2593 natos
2516 2543 2579 2591 ad
2605 2542 2699 2592 fln-

1632 2610 1787 2669 mina,
1835 2611 2054 2673 primnm
2099 2614 2413 2674 Deferimus,
2452 2633 2698 2683 saevoqtte

1630 2686 1748 2745 gelu
1792 2685 2053 2749 duramus,
2099 2697 2154 2739 et
2210 2691 2413 2742 nudis.’
2481 2695 2699 2752 Similia,

1633 2763 1787 2812 immo
1824 2765 2023 2827 majora
2053 2765 2117 2814 de
2142 2766 2320 2829 Magni
2359 2769 2495 2832 regis
2532 2772 2699 2821 milite

1630 2851 1843 2900 magnus
1869 2841 2115 2891 Heinsius
2142 2843 2192 2891 in
2228 2845 2381 2893 simili
2409 2847 2697 2911 Panegyri-

1630 2929 1725 2963 co:
1762 2914 1779 2942 ‘
1803 2917 1870 2965 Et
1896 2917 2052 2979 quis,'
2074 2918 2264 2982 inquit,
2284 2921 2298 2947 ⁸
2321 2923 2502 2984 proelia
2528 2926 2694 2985 qnoti-

1630 2988 1785 3039 diana
1822 2992 1937 3053 ejus
1971 2994 2142 3054 gentis
2172 2993 2359 3052 ferret,
2382 2998 2466 3046 cui
2493 2999 2692 3050 animos

1628 3080 1688 3115 ac
1712 3068 1869 3116 robur
1892 3067 2090 3132 frigora
2113 3085 2174 3120 ac
2204 3071 2378 3122 crudae
2411 3080 2694 3139 tempesta·

1628 3148 1708 3191 tes
1732 3144 2022 3196 durabunt?
2055 3162 2172 3210 quae
2209 3149 2262 3197 in
2298 3149 2417 3212 nive
2439 3165 2501 3201 ac
2523 3153 2694 3214 glaeie

1627 3221 1866 3283 cubaret,
1888 3222 2089 3272 bostem
2123 3225 2258 3274 coelo
2294 3227 2425 3288 ejus,
2456 3228 2564 3291 ejus
2599 3227 2695 3278 t'ri-

1626 3312 1769 3360 gore,
1793 3299 2165 3361 oppugnaret?
2210 3302 2364 3353 Ber-n.

1691 3374 1958 3439 Latibulis]
1994 3375 2361 3427 subterraneis
2382 3380 2486 3429 snis
2501 3394 2690 3443 specu-

1625 3449 1738 3510 bus,
1776 3465 1903 3514 quos
1947 3460 2127 3501 contra
2166 3453 2387 3504 hiemem
2428 3457 2690 3520 operiunt.

1623 3527 1745 3575 Vid.
1766 3527 1938 3576 Tacit.
1964 3527 2146 3578 Germ.
2167 3543 2215 3579 e.
2241 3535 2322 3583 16.
2359 3532 2495 3595 Lips-

1686 3603 1947 3667 Latibult‘s]
1990 3606 2244 3669 Pompon.
2281 3609 2347 3657 de
2384 3610 2554 3659 Sarm.
2594 3611 2687 3661 lib.

1622 3693 1685 3731 n.
1711 3686 1725 3708 ‘
1745 3681 1832 3731 Ob
1856 3696 1996 3731 σενι
2013 3683 2195 3733 hiemis
2220 3684 2686 3748 adsiduae,demer-

1619 3756 1688 3805 sis
1731 3757 1782 3806 in
1827 3758 2038 3809 humum
2086 3758 2315 3824 sedibus,
2362 3775 2552 3826 specus
2593 3770 2687 3814 aut

1615 3831 1834 3885 suffossa
1856 3835 2133 3886 babitant.'
2170 3837 2324 3886 Beris.
2657 3869 2684 3900 .‘

1683 3910 1908 3960 Hiemem
1928 3927 2064 3961 stram
2084 3911 2301 3962 barbaris
2321 3913 2526 3978 inferre]
2550 3914 2686 3965 Poe-

1618 3988 1843 4039 ticotera
1880 3997 2000 4040 sunt
2032 3990 2142 4040 buc
2177 3991 2370 4054 omnia,
2405 3998 2463 4041 et
2498 3990 2683 4043 floride

1618 4066 1893 4116 tumentia.
1961 4066 2127 4122 Dicit,
2150 4066 2341 4116 milltes
2375 4076 2583 4131 paratos
2605 4069 2684 4120 uti

1615 4144 1883 4193 occasione
1917 4143 2094 4193 hiemis
2115 4149 2173 4193 et
2195 4142 2401 4206 glaciei,
2426 4158 2489 4195 ac
2512 4151 2681 4195 trans·

1615 4220 1694 4270 ire
1732 4218 1977 4271 fluvinmz
2021 4219 2162 4284 quod
2197 4227 2357 4273 antea
2388 4222 2464 4273 illi
2496 4221 2547 4274 in
2585 4236 2678 4273 nos

1614 4297 1805 4348 solent.
1853 4296 1987 4360 Lips.
