3060 4902
754 355 818 404 C.
869 353 1115 404 emm!
1166 351 1495 402 SECUNDI
1552 350 1825 400 PANEG.

309 501 716 569 terpretatione‚
756 514 869 552 esse
902 505 1251 564 prognatnm3
1286 497 1384 547 nisi

312 581 431 645 quis
476 580 648 644 potius
690 576 1007 640 suspicetur,
1062 575 1113 623 id
1164 574 1229 623 ab
1273 574 1384 636 ipso

311 656 493 706 Plinio
529 657 595 705 ab
630 654 782 704 initio
807 653 1030 717 positum
1066 650 1256 711 fuisse3
1289 650 1381 699 sed

314 749 385 784 ex
411 733 784 798 posterioribus
809 733 923 795 ejus
946 730 1157 795 syllabis
1182 730 1233 778 in
1258 743 1384 793 quo·

313 809 437 859 dam
481 810 662 861 codice
718 809 1063 858 exolescentis
1108 806 1382 869 scripturae

315 897 521 940 tantum
561 887 863 952 apparuisse
902 891 1055 949 trata,
1089 885 1199 933 sive
1234 888 1386 942 natu,-

317 980 386 1015 οι
434 980 536 1028 quo
580 964 806 1027 demum,
860 961 953 1011 sed
996 975 1164 1024 neque
1211 960 1262 1008 id
1310 959 1384 1007 in·

315 1040 464 1091 felici
499 1040 801 1102 mutatione,
841 1052 1116 1102 procusum
1146 1036 1215 1086 sit
1247 1041 1384 1086 nutu.

316 1117 579 1167 Schwarz.

384 1195 489 1243 Per
522 1193 631 1257 hos]
672 1194 717 1242 Ι.
752 1206 800 1242 e.
846 1205 942 1255 per
986 1192 1098 1254 bos,
1138 1195 1384 1253 tanquam

318 1270 581 1320 ministros
605 1276 660 1319 et
684 1272 1021 1332 interpretes,
1055 1266 1385 1317 commenda-

318 1356 582 1410 toresquc,
607 1347 695 1410 qui
729 1347 874 1411 quasi
899 1359 1048 1394 autres
1071 1355 1124 1393 et
1148 1343 1281 1393 oculi
1308 1350 1386 1392 ta·

317 1423 444 1472 lium
465 1421 754 1484 principum
780 1420 945 1482 fuere,
966 1420 1279 1481 petebantur
1297 1419 1384 1468 lio-

316 1512 506 1558 nores;
544 1498 699 1546 immo
741 1503 797 1546 et
832 1497 899 1545 ab
936 1496 1011 1544 bis
1051 1495 1385 1559 petebantur,

318 1584 568 1638 tanquam
607 1575 672 1623 ab
710 1574 769 1622 iis
806 1587 1022 1637 quorum
1064 1572 1131 1621 ab
1170 1573 1384 1622 arbitrio

316 1650 708 1714 dependebant,
735 1659 790 1700 et
808 1650 920 1699 sere
936 1650 1099 1697 libere
1120 1648 1385 1712 dispensa-

318 1727 529 1777 buntur.
598 1728 685 1776 Sic
707 1727 923 1776 Sueton.
958 1726 1142 1775 Claud.
1164 1740 1278 1788 cap.
1302 1731 1385 1775 29.

318 1803 500 1858 refert,
557 1803 847 1859 Claudium,
908 1817 1001 1865 pro
1054 1802 1385 1863 compendio,

316 1881 429 1929 sive
476 1881 621 1930 lucro
659 1881 908 1943 cujusque
946 1879 1128 1926 borum
1173 1877 1384 1927 liberto·

318 1970 454 2011 rum.
489 1955 671 2017 quibus
701 1954 937 2003 addictus
962 1961 1097 2008 erat,
1122 1954 1202 2001 vel
1227 1954 1384 2002 etiam

317 2031 493 2082 studio
539 2046 599 2080 ac
642 2029 874 2092 libidine,
913 2030 1191 2091 ‘honores,
1237 2044 1385 2079 exer·

317 2110 477 2169 citus,
520 2108 876 2171 impunitates,
919 2107 1193 2169 supplicia,
1232 2108 1386 2169 largi-

318 2193 429 2235 tum
455 2198 603 2244 esse;
638 2192 693 2233 et
718 2183 923 2248 quidem
949 2183 1250 2233 inscientem
1277 2184 1386 2246 ple·

318 2277 559 2327 rumque,
611 2269 668 2311 et
722 2249 992 2323 ignarum!
1074 2260 1385 2323 Praepositio

315 2355 422 2404 per,
460 2340 556 2388 boc
581 2340 694 2387 loco
719 2352 949 2387 caussam
978 2337 1218 2398 mediam,
1255 2351 1386 2399 prae·

317 2416 512 2480 positio
535 2423 707 2465 autem
742 2414 820 2475 ab,
846 2428 1086 2463 caussam
1111 2413 1256 2476 quasi
1285 2412 1385 2476 pri-

318 2493 554 2550 mariam,
594 2490 867 2556 significat.
935 2490 1181 2538 Ceterum
1222 2488 1387 2536 codex

319 2570 818 2634 Guelplierbytauus
874 2581 1092 2615 nurnero
1137 2565 1386 2626 singulari

317 2648 480 2697 habet
503 2647 740 2705 audiebat,
763 2653 818 2693 et
842 2643 1129 2706 loquebatur.
1199 2642 1387 2689 Verum

319 2737 535 2772 numero
556 2719 903 2771 multitudinis
926 2724 1266 2781 praecesserat
1278 2716 1386 2765 Pte-

317 2801 455 2864 rique
469 2799 726 2863 principes.
764 2796 933 2845 Idem.

387 2876 490 2924 Per
523 2874 606 2923 hos
641 2870 920 2933 audiebant]
954 2869 1114 2921 Quasi
1150 2882 1243 2930 per
1269 2882 1386 2916 con-

318 2954 562 3016 siliarios,
585 2952 671 3017 qui
698 2964 848 3000 aures
871 2958 925 2999 et
950 2948 1084 2998 oculi
1111 2961 1286 3010 regum
1311 2946 1388 2995 di·

318 3038 527 3078 cuntur.
562 3029 714 3077 Bern.

385 3101 628 3155 Summum
665 3104 851 3168 quidem
895 3100 1139 3164 honorem]
1200 3099 1388 3163 Itaque

318 3199 440 3248 spes
464 3198 582 3232 suas
609 3196 666 3230 ac
692 3180 954 3229 fortunam
981 3190 1169 3240 urgens
1199 3174 1388 3223 Hadri·

321 3276 450 3312 anus
477 3261 691 3309 libertos
709 3266 764 3307 et
781 3256 893 3317 ipse
910 3251 1123 3315 Trajani
1141 3250 1388 3312 corrupit.

319 3338 521 3388 Auctor
546 3335 869 3398 Spartianus.
940 3330 1086 3378 Idem
1117 3327 1387 3389 imperium

319 3422 591 3463 assecutus
644 3416 658 3440 ⁴
700 3411 912 3459 libertos
962 3420 1079 3454 suos
1126 3418 1222 3452 nec
1267 3402 1388 3450 sciri

321 3490 485 3556 (male
520 3497 601 3538 est
627 3488 678 3537 in
702 3486 876 3545 editis,
911 3482 927 3510 ‘
955 3483 1052 3531 vol.
1083 3481 1132 3529 in
1161 3479 1391 3543 publico,

320 3580 421 3616 nec
458 3564 626 3629 aliq-³)
662 3562 823 3613 voluit
859 3561 911 3609 in
951 3556 1159 3622 publico
1195 3554 1389 3618 aliquid

321 3642 462 3706 apud
503 3656 559 3690 se
598 3654 770 3703 posse,
811 3637 953 3685 dicto
992 3648 1082 3682 suo
1115 3630 1180 3698 (f.
1216 3631 1389 3681 edicto

322 3716 559 3784 quoque)
577 3716 812 3767 omnibus
831 3710 1184 3775 superioribus
1203 3707 1388 3770 princi·

321 3796 474 3860 pibus
495 3795 617 3844 vitia
636 3794 894 3855 imputans
916 3788 1233 3847 libertorum,
1248 3783 1389 3832 dam·

318 3876 459 3926 natis
477 3873 708 3924 omnibus
729 3870 927 3921 libertis
944 3869 1067 3922 suis,
1092 3866 1388 3928 quicunque

321 3965 379 3999 se
413 3950 478 3998 de
520 3964 583 3998 eo
614 3942 986 4010 jactaverant)
1056 3939 1229 3989 Verba
1267 3944 1389 3985 sunt

321 4023 557 4088 ejusdem
588 4020 869 4085 Spartiani.
932 4020 1006 4066 Tu
1034 4016 1187 4073 adde,
1210 4014 1393 4070 lector,

321 4116 439 4164 quae
464 4103 772 4163 sequuntur.
827 4094 1068 4143 Pertinet
1092 4090 1188 4137 buc
1215 4094 1388 4134 autem

319 4177 527 4239 Trajani
569 4175 765 4222 dictum
799 4173 864 4220 de
892 4169 1176 4232 Eurytlimo
1201 4165 1390 4212 liberto

323 4271 417 4307 suo
462 4256 599 4321 apud
652 4259 915 4303 auctorem
974 4248 1140 4318 Epist.
1189 4259 1262 4296 vi.
1308 4249 1390 4293 31.

1900 350 1951 398 1.
1978 333 2088 400 88.
2136 326 2139 335 ’
2350 331 2522 399 1055

1460 495 1475 521 ‘
1514 496 1629 546 Nec
1674 495 1763 544 ille
1806 493 2107 558 Polycletus
2149 496 2250 554 est,
2289 507 2388 542 nec
2424 507 2524 556 ego

1459 570 1640 622 Nero.’
1705 572 1898 619 Locum
1927 570 2159 632 perlege,
2194 583 2254 619 ac
2275 569 2342 618 de
2366 569 2524 633 Poly-

1459 649 1599 696 cleto
1619 647 1784 695 lucem
1808 661 1837 694 e
1861 647 2127 709 Xipliilino
2147 646 2196 694 in
2217 647 2447 710 Nerone,
2469 653 2525 696 et

1457 725 1624 774 Taciti
1653 724 1838 773 Annali
1868 738 1986 773 xiv.
2011 730 2152 786 pete.
2184 721 2346 773 Livin.

1524 800 1771 848 Summum
1807 798 2016 863 quidem]
2066 797 2264 862 Apage,
2311 798 2355 847 si
2396 814 2525 848 sum·

1459 892 1603 934 mum,
1635 875 1760 939 quid
1782 875 1888 925 abit
1913 891 1944 924 a
1966 873 2220 928 Claudio?
2268 874 2523 926 Rescribe

1458 968 1612 1002 suam.
1648 953 1791 1015 Lips.

1526 1028 1792 1091 Snmmum]
1828 1026 2127 1088 Legendum
2149 1041 2287 1075 suum
2309 1032 2524 1077 conten·

1460 1106 1538 1155 dit
1574 1106 1801 1169 Lipsius.
1869 1105 1993 1154 Non
2027 1104 2275 1152 absonum
2315 1103 2523 1167 quidem

1461 1182 1710 1244 verbum3
1745 1189 1799 1231 at
1835 1181 2090 1231 intrusum
2127 1192 2272 1240 sane,
2309 1180 2525 1228 nullius·

1460 1275 1558 1323 que
1577 1260 1694 1307 libri
1719 1259 2029 1308 auctoritate
2044 1255 2322 1306 firmatum.
2360 1256 2524 1307 Quid·

1460 1336 1512 1385 ni
1538 1343 1709 1384 autem
1740 1336 1897 1384 etiam
1937 1340 2084 1383 recte
2122 1340 2227 1382 stet
2261 1340 2528 1382 summum?

1462 1413 1678 1475 Optime
1741 1411 2034 1461 Cellarius=
2100 1410 2220 1460 Non
2287 1409 2524 1461 absolute

1458 1505 1723 1548 summum5
1757 1491 1833 1539 sic
1876 1489 2012 1538 enim
2057 1487 2184 1537 nibil
2221 1483 2454 1534 differret
2494 1500 2526 1536 a

1461 1568 1679 1617 Claudio
1714 1566 2004 1630 Trajanus;
2038 1565 2129 1613 sed
2173 1562 2261 1628 qui
2298 1576 2524 1616 summus

1460 1651 1540 1692 est
1580 1658 1672 1706 pro
1709 1643 2003 1692 conditione
2043 1641 2368 1699 libertorum,
2411 1652 2526 1700 seu,

1461 1729 1708 1785 quantum
1750 1721 1996 1769 bonorem
2042 1717 2244 1767 libertis
2286 1714 2525 1778 praestari

1461 1797 1636 1848 decet.
1687 1796 1813 1847 Ideo
1834 1804 1953 1861 post
1977 1796 2050 1844 ita
2072 1794 2422 1856 restringitur,
2443 1794 2525 1842 sed

1460 1878 1684 1937 tanquam
1704 1875 1907 1922 libertis.
1942 1873 2179 1922 Patarol.

1525 1949 1771 1998 Summum
1784 1950 1970 2013 quidem
1989 1942 2232 2006 honorem]
2260 1944 2388 1993 Haec
2404 1957 2524 1993 con-

1461 2031 1605 2073 stans
1651 2034 1732 2074 est
1777 2025 2001 2074 omnium
2057 2022 2302 2072 librorum
2347 2020 2526 2069 lectio.

1464 2100 1672 2163 Lipsius
1711 2102 1915 2149 censuit
1963 2098 2346 2148 rescribendum
2390 2111 2526 2146 suum

1460 2176 1648 2238 quidem
1679 2177 1895 2225 honorem
1912 2191 1932 2234 ,·
1967 2176 2086 2238 quia
2117 2173 2241 2222 alias
2265 2171 2524 2234 Trajanus

1461 2254 1588 2301 nibil
1627 2253 1838 2302 abiisset
1876 2269 1906 2301 a
1944 2249 2178 2301 Claudio.
2245 2248 2350 2298 Hic
2387 2248 2524 2296 enim

1460 2342 1689 2376 summum
1711 2329 1930 2376 honorem
1949 2325 2115 2375 habuit
2137 2324 2351 2379 liberem
2387 2322 2524 2385 quod

1464 2407 1653 2455 diserte
1689 2406 1899 2468 legimus
1938 2404 1988 2453 in
2025 2409 2233 2453 senatus
2268 2400 2528 2461 consulto,

1464 2483 1514 2531 iu
1554 2483 1790 2530 honorem
1825 2481 2082 2530 Pallantis
2115 2477 2289 2527 liberti
2322 2476 2527 2525 Claudii

1466 2560 1684 2609 Caesaris
1708 2557 1867 2619 sacto,
1887 2556 2023 2620 apud
2051 2556 2190 2605 Pliu.
2211 2554 2377 2615 Epist.
2403 2565 2529 2600 vm.

1462 2640 1510 2684 6.
1548 2639 1562 2663 ⁴
1591 2637 1684 2684 llla
1707 2633 2067 2683 memoranda:
2103 2641 2523 2686 avon-nomme

1464 2725 1780 2761 PALLANTtS.
1816 2721 2065 2759 anATvS.
2104 2718 2354 2757 Gnarus.
2391 2716 2525 2753 AGtT

1463 2801 1895 2841 osmunt-avon.
1914 2800 2001 2835 E‘r.
2022 2798 2161 2834 JPSE.
2179 2795 2309 2833 cvm.
2328 2792 2524 2831 svmsto

1466 2878 1715 2914 nomme.
1734 2875 2091 2913 musmonem.
2107 2873 2241 2908 mvs-
2261 2868 2528 2905 νεοπεν-

1464 2953 1582 2988 'rvs.
1604 2953 1779 2988 asser.
1798 2950 2144 2989 Ensnnnrvi.
2163 2943 2524 2994 nervuum

1464 3029 1735 3064 recissum
1757 3024 2051 3063 Turnum.
2078 3021 2247 3059 ERGA.
2274 3019 2409 3055 evm.
2433 3018 2526 3051 BE-

1466 3102 1891 3141 Nevonnu‘rum.
1912 3084 2095 3136 svam?
2149 3084 2409 3133 Quantum
2429 3095 2528 3142 ego

1465 3168 1695 3229 memini,
1707 3164 1829 3214 illud
1842 3179 1994 3219 suum,
2010 3177 2104 3226 pro
2114 3174 2361 3212 summum,
2376 3172 2527 3206 nemo

1465 3244 1632 3293 adbuc
1659 3256 1808 3291 ausus
1842 3250 1924 3289 est
1957 3236 2225 3287 contextui
2265 3236 2525 3284 iuserere:

1466 3320 1671 3369 interim
1698 3327 1868 3366 tamen
1895 3316 2090 3379 placuit
2116 3313 2270 3362 ctiam
2312 3309 2527 3366 Baudio‚

1465 3397 1641 3457 Cevae,
1662 3403 1716 3443 et
1738 3394 1994 3443 Gesnero.
2058 3391 2295 3441 Gesnero
2320 3387 2528 3450 quidem

1465 3472 1819 3521 duriusculum
1864 3469 2069 3517 videtur
2114 3466 2237 3516 illud
2280 3479 2530 3524 summum,

1463 3551 1542 3601 ita
1585 3558 1642 3598 ut
1694 3544 1805 3596 sere
1853 3544 2111 3607 maluerit,
2165 3556 2279 3591 cum
2335 3541 2532 3602 Lipsio‚

1462 3641 1614 3674 suum.
1683 3622 1784 3672 Sed
1815 3622 2000 3671 lubens
2032 3619 2300 3670 subscribo
2324 3625 2528 3666 senten-

1464 3703 1553 3752 tiae
1590 3700 1821 3760 Cellarii,
1860 3698 2112 3757 Pataroli,
2147 3706 2202 3746 et
2238 3694 2530 3748 Arntzenii‚

1463 3779 1549 3842 qui
1575 3784 1786 3827 tuentur
1805 3776 2064 3839 vulgatam
2087 3774 2383 3831 lectionem,
2407 3783 2526 3817 cou-

1467 3856 1817 3919 tenduntque,
1859 3867 2089 3901 summum
2131 3851 2368 3909 honorem,
2426 3858 2529 3893 non

1466 3932 1675 3997 quidem
1712 3930 1968 3988 absolute,
2007 3927 2100 3976 sed
2135 3926 2185 3974 in
2219 3938 2307 3972 suo
2339 3936 2529 3985 genere

1467 4011 1626 4058 talem
1677 4006 2085 4069 intelligendum,
2130 4008 2376 4066 quantum
2431 3999 2529 4046 sci·

1466 4088 1589 4136 licet
1614 4087 1792 4135 deceat
1817 4082 2106 4131 bominibus
2132 4078 2384 4127 libertinae
2409 4087 2527 4124 con-

1469 4162 1680 4212 ditionis
1748 4161 1813 4209 ab
1878 4159 2191 4220 imperatore
2254 4153 2528 4216 proestari;

1470 4252 1683 4309 quorum
1708 4237 1866 4287 bonor
1892 4248 2114 4285 summus
2139 4234 2189 4282 in
2215 4246 2275 4280 eo
2301 4231 2450 4292 situs,
2474 4236 2533 4280 ut
