3060 4902
858 355 927 402 Ο.
974 351 1218 401 Pmmt
1267 349 1603 401 saeuum
1653 353 1938 402 PANRG.

419 496 698 562 imperium
722 493 1033 546 Romanum.
1067 496 1224 546 Idem.

488 574 704 639 Imperii,
726 572 883 638 Deos]
919 573 1119 637 Imperii
1137 573 1270 623 divos
1291 571 1362 622 V.
1399 571 1487 622 La·-

418 667 521 702 m.

486 727 713 791 Prin-ips·
734 724 1064 791 precabamur]
1101 724 1293 790 Aptius
1313 726 1489 790 impre-

417 805 662 869 enbamur,
696 805 849 854 litera
886 801 1028 853 finali
1066 802 1359 868 geminata3
1406 809 1486 853 est

418 889 595 933 autem
618 879 686 930 de
709 879 1023 931 Domitiano.
1056 880 1193 944 Lips.

492 960 617 1015 Quoe
648 958 773 1007 malo
802 956 1010 1022 principi
1036 955 1367 1021 precabamur]
1402 957 1486 1007 Li-

418 1035 600 1097 Brsrii,
622 1035 708 1101 qni
734 1034 870 1085 forte
902 1035 1226 1098 ignorarunt,
1247 1048 1336 1084 eos
1360 1048 1484 1097 quo·

421 1127 525 1177 que
545 1113 561 1139 ⁴
578 1111 802 1175 precari·
820 1112 925 1161 dici
947 1126 1121 1176 posse,
1144 1111 1227 1176 qui
1246 1111 1330 1161 alii
1350 1111 1488 1161 mala.

419 1190 793 1253 imprecantur,
818 1203 991 1238 veram
1018 1188 1296 1238 lectionem
1320 1194 1488 1236 muta·

419 1275 563 1328 runt,
585 1267 677 1324 ita,
716 1274 771 1316 ut
807 1266 860 1315 in
892 1266 1074 1315 codice
1096 1264 1379 1315 Parisiensi
1406 1279 1486 1315 re·

419 1342 742 1406 scripserint,
756 1357 860 1406 quoe
873 1340 956 1391 sub
966 1342 1091 1392 malo
1103 1341 1316 1405 principe
1322 1355 1490 1403 preca-

421 1417 624 1478 bmmtr3
670 1419 721 1468 in
756 1419 934 1469 Vatic.
968 1417 1294 1482 Guelpherb.
1328 1417 1489 1467 Pata·

420 1498 564 1558 vino,
603 1503 659 1546 et
692 1510 830 1561 meo,
861 1512 965 1559 quoe
996 1510 1084 1560 pro
1117 1497 1241 1546 mulo
1274 1497 1490 1561 principe

412 1573 757 1637 precabantur,-
789 1574 841 1622 in
863 1573 1069 1622 Veneto
1086 1578 1135 1622 2.
1159 1579 1215 1623 et
1234 1572 1488 1623 Salisbur·

422 1652 590 1715 gensi,
622 1667 727 1716 quae
748 1652 870 1701 malo
906 1652 1121 1715 principe
1150 1650 1489 1715 precabamur,-

421 1735 481 1777 et
514 1728 592 1777 sic
628 1728 786 1777 etiam
819 1728 1070 1790 scriptum
1106 1727 1380 1776 invenerat
1405 1726 1491 1776 Li·

423 1803 641 1854 vineius.
708 1804 780 1853 At
811 1802 1073 1868 ‘precari'
1098 1817 1200 1852 non
1227 1803 1389 1852 solum
1413 1801 1488 1851 di·

420 1888 630 1937 cuntur,
649 1881 735 1946 qni
754 1880 906 1943 bene,
923 1880 1014 1930 sed
1041 1881 1218 1943 etiam,
1235 1880 1323 1945 qui
1339 1880 1490 1941 male,

421 1965 727 2023 precantur,
779 1959 888 2007 sive
946 1958 1320 2022 imprecantur.
1398 1957 1490 2008 Sic

420 2034 643 2085 Plautus
669 2033 814 2084 Asin.
841 2047 905 2084 ιι.
924 2039 972 2085 4.
998 2038 1082 2085 71.
1102 2034 1118 2062 ‘
1141 2032 1352 2096 Pergin'
1372 2048 1490 2098 pre·

420 2113 532 2162 cari
567 2112 840 2176 pessimo?
897 2112 1008 2162 Cic.
1046 2112 1098 2162 in
1130 2111 1312 2161 Pison.
1335 2125 1382 2161 c.
1407 2114 1488 2161 19.

418 2193 437 2220 ⁶
458 2189 649 2254 Neque
686 2203 812 2239 vero
846 2203 963 2254 ego,
1000 2189 1043 2239 si
1081 2202 1303 2253 unquam
1336 2187 1489 2240 ,vobis

419 2267 557 2315 mala
604 2281 868 2331 precarer,
906 2265 1042 2330 quod
1086 2280 1230 2330 saepe
1274 2264 1394 2322 feci,
1435 2266 1487 2314 in

420 2356 525 2407 quo
552 2343 641 2392 Dii
666 2343 979 2392 immortales
1012 2356 1153 2391 meas
1190 2356 1374 2406 preces
1397 2356 1487 2390 au·

419 2420 688 2483 diverunt,
723 2421 978 2485 morbum,
1000 2427 1090 2471 ant
1127 2429 1362 2478 mortem,
1399 2426 1489 2472 sut

420 2498 727 2554 cruciatum,
752 2497 1034 2561 precarer.’
1104 2499 1171 2547 Et
1189 2498 1366 2549 Valet.
1389 2500 1487 2550 Ca·

418 2580 498 2631 to,
537 2575 588 2623 iu
628 2575 784 2637 Diris,
830 2581 1102 2641 postquam
1148 2577 1309 2626 multa
1355 2578 1488 2626 mala

419 2651 736 2716 imprecatus
759 2659 870 2703 erat
894 2651 1134 2718 Battaro,
1173 2667 1249 2702 vs.
1285 2658 1367 2704 47.
1401 2667 1487 2703 cs·

421 2730 503 2779 nit
522 2746 538 2779 ε
574 2737 589 2760 ·
608 2730 696 2780 Sic
721 2744 924 2795 precor,
948 2740 1001 2783 et
1024 2732 1212 2782 nostris
1237 2738 1488 2795 superent

421 2806 539 2855 haec
560 2807 792 2857 carmina
818 2808 948 2858 votis
966 2808 997 2856 ἱ·
1035 2810 1156 2859 Νοιι
1178 2808 1338 2871 igitur
1362 2809 1488 2858 satis

421 2895 625 2932 caussae
642 2890 777 2938 erat,
795 2883 1126 2946 quamobrem
1143 2883 1349 2946 Lipsius
1370 2897 1489 2933 cen·

420 2967 583 3016 seret,
609 2960 783 3023 aptius
804 2959 934 3020 fore,
965 2959 1369 3022 imprecabantur-‚-
1400 2974 1489 3010 ne-

423 3050 529 3101 que
562 3048 777 3085 necesse
809 3033 1068 3083 habebant
1104 3035 1489 3098 Berneggerus,

424 3122 482 3164 et
508 3112 765 3170 Hackius,
797 3117 857 3161 ut
890 3110 1067 3174 Lipsio
1099 3110 1336 3162 obsecuti
1368 3113 1487 3162 ede-

422 3197 547 3240 rent
580 3188 965 3252 imprecabamur.
1032 3188 1297 3251 Ceterum,
1318 3188 1399 3238 vel
1426 3201 1489 3237 ex

423 3265 525 3317 hoc
549 3266 664 3314 loeo
687 3265 1037 3328 intelligimus,
1063 3263 1224 3313 verba
1248 3271 1263 3303 ‘-
1283 3264 1491 3314 audire'

426 3350 483 3392 et
516 3344 533 3371 ‘
553 3340 829 3391 exaudire'
863 3339 1043 3390 eadem
1065 3340 1279 3391 notione
1304 3341 1490 3391 identi-

427 3419 545 3469 dem
570 3417 753 3481 accipi,
788 3430 886 3480 pro
922 3421 939 3445 ‘
960 3429 1187 3465 annuere
1214 3415 1492 3479 precibus‚’

425 3508 521 3544 sen
558 3492 751 3550 facere,
781 3492 918 3556 quod
954 3492 1066 3556 quis
1102 3493 1357 3556 petieratz
1395 3493 1491 3543 nisi

428 3580 625 3634 tamen,
641 3570 774 3634 quod
796 3570 1005 3620 verbum
1021 3571 1038 3598 ‘
1056 3569 1340 3627 exaudire,’
1355 3570 1491 3636 quod

427 3648 602 3699 altero
625 3648 741 3696 loco
767 3647 997 3710 ponitur,
1020 3646 1212 3712 aliquid
1240 3645 1491 3710 promtius

427 3733 485 3776 et
518 3725 710 3776 certius
745 3724 797 3773 in
833 3722 1103 3773 audiendis
1129 3722 1367 3787 precibus
1389 3723 1492 3788 sig-

426 3801 644 3853 nificare
668 3800 922 3851 videatur.
955 3799 1194 3849 Schwarz.

499 3879 611 3928 Non
631 3883 678 3927 te
692 3877 1030 3940 distringimus
1049 3875 1199 3940 votis]
1227 3875 1296 3926 H.
1315 3891 1363 3928 e.
1386 3890 1489 3927 non

427 3955 606 4006 multis
630 3954 871 4019 precibus
897 3956 1132 4020 votisque
1167 3962 1220 4004 te
1250 3953 1491 4003 distrahi·

428 4044 562 4087 mus,
581 4037 635 4080 et
660 4030 804 4095 quasi
829 4028 1194 4093 defatigemus.
1231 4036 1246 4058 ‘
1267 4030 1491 4079 Distrin-

428 4121 556 4172 gere
576 4106 592 4130 ⁹
634 4106 892 4171 significat
940 4108 990 4157 in
1035 4114 1215 4171 partes
1261 4107 1491 4157 diversas

430 4185 742 4235 distrahere.
810 4184 943 4233 Vide
974 4198 1147 4248 supra,
1186 4183 1248 4232 ad
1293 4198 1345 4247 p.
1376 4186 1491 4236 666.

424 4260 445 4291 ⁸
464 4260 745 4313 Innumere
767 4259 989 4311 rusticos
1022 4274 1150 4311 cura
1177 4260 1493 4327 distringat,’

2014 354 2065 403 1.
2096 339 2203 406 94.
2455 339 2627 408 1091

1563 498 1638 548 ait
1664 495 1868 547 Plinius
1891 498 2070 562 Major
2097 512 2266 549 xvm.
2286 501 2370 549 26.
2425 499 2627 552 Plinius

1563 582 1741 624 noster
1785 576 1955 639 Epist.
1994 588 2075 625 tx.
2111 579 2161 626 2.
2207 585 2222 608 ¹
2240 577 2365 640 lpse
2408 579 2627 629 multum

1562 652 1917 716 distringebar
1956 653 2260 718 plerumque
2297 653 2502 718 frigidis
2540 669 2632 705 ne·

1563 730 1754 793 gotiis.'
1808 731 1980 795 Epist.
2007 744 2098 781 ιιι.
2122 736 2170 780 ὅ.
2204 733 2221 760 ‘
2243 732 2411 783 Quem
2439 733 2630 797 partim

1562 806 1788 870 publiea,
1804 808 1995 872 partim
2017 808 2296 859 amicornm
2321 808 2511 873 officia,
2528 811 2631 861 dis-

1563 883 1839 948 tringunt)
1875 884 2026 935 Idem.

1633 960 1791 1010 Unum
1811 962 2018 1010 omnium
2040 963 2225 1028 votum]
2256 961 2394 1012 Vide
2414 962 2631 1014 Sueten.

1563 1037 1699 1101 Aug.
1721 1053 1837 1102 cap.
1864 1041 1946 1088 68.
1984 1040 2176 1091 Senec.
2207 1040 2273 1089 de
2298 1039 2463 1090 Clem.
2488 1054 2524 1090 ι.
2551 1046 2631 1091 19.

1564 1116 1824 1165 Martialis
1858 1115 1983 1166 illud
2019 1131 2119 1166 nec
2154 1115 2410 1179 absimile,
2445 1116 2510 1166 ad
2538 1118 2629 1169 ,Ιο-

1564 1195 1710 1242 vem:
1748 1193 1875 1243 ‘Nil
1913 1207 2006 1256 pro
2041 1206 2126 1243 me
2161 1194 2283 1242 milti
2307 1193 2518 1257 Jupiter
2543 1210 2630 1259 pe·

1563 1270 1714 1326 tenti,
1731 1270 1815 1319 Ne
1834 1269 2210 1333 succensueris,
2230 1270 2372 1318 velut
2389 1271 2632 1333 superbo.

1563 1348 1637 1396 Te
1662 1361 1756 1411 pro
1775 1347 1985 1397 Caesare
2001 1347 2169 1397 debeo
2195 1361 2399 1410 rogare,
2422 1348 2530 1399 Pro
2549 1363 2631 1398 me

1564 1422 1733 1474 debeo
1756 1425 2015 1475 Coessrem
2039 1422 2257 1487 rogare.'
2288 1423 2424 1488 Lips-

1638 1501 1798 1550 Unum
1817 1501 2027 1550 omnium
2049 1506 2209 1551 votum
2235 1500 2330 1565 est]
2352 1501 2468 1550 Vox
2485 1514 2632 1550 unum

1565 1576 1754 1628 omissa
1777 1587 1858 1628 est
1879 1579 1929 1627 in
1953 1578 2218 1629 codicibus
2240 1579 2372 1627 Mss.
2395 1578 2630 1634 Venetis,

1565 1654 1969 1719 Salisburgensi,
2000 1655 2325 1721 Guelplterb.
2349 1656 2629 1716 Patavina,

1564 1738 1620 1781 et
1641 1746 1792 1794 meo;
1827 1733 1950 1783 item
1988 1741 2042 1784 et
2082 1733 2133 1782 in
2171 1732 2399 1783 editione
2436 1733 2631 1781 Puteo-

1566 1808 1666 1858 lani
1690 1822 1753 1858 ac
1767 1807 2029 1858 Beroaldi.
2076 1809 2145 1857 Et
2170 1806 2376 1856 videtur
2400 1807 2631 1871 potuisse

1566 1883 1781 1946 abesse3
1830 1899 1946 1934 cum
1977 1886 2087 1947 jam
2128 1885 2292 1934 latest
2327 1885 2377 1932 in
2417 1890 2632 1934 antece-

1565 1959 1724 2011 dente
1746 1961 1993 2023 dictione,
2022 1961 2243 2023 Simplex
2260 1965 2519 2024 eunctnque
2534 1962 2633 2011 ista

1564 2040 1866 2103 complexum,
1888 2041 1969 2102 &c-
2015 2038 2155 2086 Male
2178 2051 2302 2088 vero
2327 2037 2631 2088 vocabulum

1566 2114 1790 2167 omnium,
1833 2127 1898 2161 ex
1943 2111 2308 2175 compendiosa
2350 2119 2472 2163 nota
2510 2127 2632 2163 con-

1567 2190 1726 2238 vertit
1753 2188 2073 2238 Puteolanus
2107 2188 2159 2237 in
2193 2187 2349 2251 nium,
2375 2195 2431 2237 et
2469 2188 2632 2239 Bero-

1567 2265 1716 2315 aldus
1740 2266 1790 2315 in
1810 2266 2034 2314 animum.
2067 2263 2156 2315 Sic
2180 2278 2302 2314 vero
2325 2271 2502 2314 noster
2517 2265 2631 2329 jum
2724 2262 2732 2270 ’

1564 2356 1737 2406 supra,
1764 2354 1936 2392 xxm.
1958 2346 2008 2391 ὅ.
2036 2342 2271 2391 dixeratz
2305 2348 2320 2370 ‘
2341 2341 2416 2392 Ut
2442 2342 2493 2391 in
2518 2343 2630 2391 uni·

1566 2432 1624 2468 ns
1643 2419 1861 2469 salutem
1885 2418 2078 2467 collata
2094 2417 2321 2467 omnium
2338 2420 2486 2468 vota!
2513 2431 2629 2469 cnm

1566 2494 1662 2545 sibi
1695 2502 1750 2544 et
1785 2494 1962 2544 liberis
1996 2495 2102 2544 suis
2136 2494 2490 2558 intelligerent
2514 2509 2631 2559 pre·

1564 2572 1688 2629 cari,
1726 2587 1841 2636 ηοω
1888 2585 1984 2635 pro
2027 2579 2080 2622 te
2122 2573 2499 2636 precarentur!
2567 2574 2631 2622 In

1565 2647 1745 2698 codice
1767 2647 2030 2698 Vaticano
2059 2655 2113 2697 et
2138 2648 2396 2697 Patavino
2431 2650 2633 2711 pronis·

1564 2724 1691 2775 sima
1713 2721 2018 2774 confusione
2050 2737 2146 2789 pro
2178 2727 2357 2787 votum,
2379 2724 2630 2788 scriptum

1564 2810 1643 2853 est
1665 2807 1849 2853 notum.
1884 2800 2147 2851 Schwarz.

1566 2955 1684 3006 Nec
1721 2968 1855 3005 nova
1896 2970 1927 3002 n
1965 2960 2037 3014 te,
2070 2969 2101 3003 o
2132 2953 2366 3016 Jupiter,
2389 2955 2631 3017 petimus.
2693 2952 2700 2958 ’

1566 3030 1914 3094 precibusque
1929 3029 2117 3079 nostris
2134 3027 2493 3092 efflagitamus.
2509 3029 2634 3079 Cus-

1567 3107 1825 3170 pinianus,
1839 3105 2127 3170 Gryphius,
2143 3111 2197 3155 ct
2220 3104 2504 3155 sichardus
2521 3107 2631 3155 edi-

1567 3185 1690 3234 dere
1727 3185 1830 3233 Nec
1857 3198 1966 3232 vero
2002 3198 2174 3233 novans
2207 3183 2298 3232 tibi
2340 3182 2634 3246 injungimus

1564 3277 1744 3313 curam.
1810 3263 1988 3326 Prope
2008 3261 2195 3324 abfuit,
2219 3268 2276 3310 ut
2298 3262 2430 3311 hanc
2453 3262 2634 3312 lectio-

1567 3354 1684 3388 nem
1711 3338 2060 3402 admitterem,
2083 3352 2199 3388 cum
2226 3338 2445 3387 maxime
2472 3338 2522 3388 in
2546 3354 2632 3389 co·

1568 3415 1771 3466 dicibus
1795 3416 1921 3466 Mss.
1946 3415 2185 3472 Venetis,
2220 3415 2522 3477 Parisiensi,
2542 3417 2631 3466 Sa-

1567 3491 1895 3556 lisbnrgensi,
1918 3498 1974 3540 et
2004 3490 2137 3541 libro
2161 3491 2440 3555 vossiano,
2472 3494 2634 3556 scrip-

1569 3576 1679 3620 tum
1725 3567 2160 3632 deprehenderim
2197 3583 2282 3617 nec
2320 3580 2428 3615 cero
2466 3579 2633 3614 novam

1567 3646 1660 3695 tibi
1715 3645 2025 3708 iniungimus·
2096 3645 2168 3694 Tu
2210 3643 2479 3720 enimam.
2546 3639 2632 3689 Ibi

1568 3722 1703 3773 enim
1727 3721 2045 3786 suspicabar,
2070 3720 2374 3771 vocabulum
2397 3731 2559 3767 eurem
2582 3717 2632 3765 in
2691 3740 2703 3756 ο

1569 3799 1859 3864 antiquiore
1880 3796 2101 3863 quodam
2118 3797 2302 3848 codice
2317 3801 2529 3860 propter
2546 3806 2632 3843 ve-

1571 3884 1820 3928 tustatem
1876 3875 2186 3938 exolevisse,
2235 3881 2292 3923 ut
2332 3888 2362 3921 a
2408 3871 2631 3921 librariis

1566 3953 1986 4007 describentibus
2004 3953 2105 4015 legi
2123 3966 2224 4001 non
2245 3950 2491 4015 potnerit.
2522 3947 2636 3997 Sed

1567 4036 1625 4080 et
1658 4038 1803 4080 recte
1835 4037 1977 4080 stare
2013 4034 2189 4093 potest
2218 4027 2376 4078 lectio
2401 4025 2628 4088 vulgata.

1568 4106 1720 4157 Idem.

1637 4183 1775 4234 Nom
1814 4181 1905 4231 tibi
1946 4179 2263 4249 iniungimus]
2317 4180 2502 4231 Novum
2539 4177 2628 4228 tibi

1568 4261 1860 4324 iniungimus
1882 4258 1942 4310 C.
1966 4258 2035 4309 G.
2067 4257 2231 4307 Liviu.
2429 4280 2432 4283 ·
