<?xml version="1.0" encoding="UTF-8"?>
<!DOCTYPE html PUBLIC "-//W3C//DTD XHTML 1.0 Transitional//EN"
    "http://www.w3.org/TR/xhtml1/DTD/xhtml1-transitional.dtd">
<html xmlns="http://www.w3.org/1999/xhtml" xml:lang="en" lang="en">
 <head>
  <title>
</title>
<meta http-equiv="Content-Type" content="text/html;charset=utf-8" />
  <meta name='ocr-system' content='tesseract 3.04.00' />
  <meta name='ocr-capabilities' content='ocr_page ocr_carea ocr_par ocr_line ocrx_word'/>
</head>
<body>
  <div class='ocr_page' id='page_1' title='image "./panegyriciveter02unkngoog_0426.png"; bbox 0 0 3060 4902; ppageno 0'>
   <div class='ocr_carea' id='block_1_1' title="bbox 593 329 721 396">
    <p class='ocr_par' dir='ltr' id='par_1_1' title="bbox 593 329 721 396">
     <span class='ocr_line' id='line_1_1' title="bbox 593 329 721 396; baseline -0.016 0"><span class='ocrx_word' id='word_1_1' title='bbox 593 329 721 396; x_wconf 77' lang='lat'>880</span> 
     </span>
    </p>
   </div>
   <div class='ocr_carea' id='block_1_2' title="bbox 590 489 1646 1169">
    <p class='ocr_par' dir='ltr' id='par_1_2' title="bbox 596 489 935 540">
     <span class='ocr_line' id='line_1_2' title="bbox 596 489 935 540; baseline 0 -2"><span class='ocrx_word' id='word_1_2' title='bbox 596 489 751 540; x_wconf 86' lang='lat' dir='ltr'>rant.&#39;</span> <span class='ocrx_word' id='word_1_3' title='bbox 786 489 935 539; x_wconf 83' lang='lat' dir='ltr'>Idem.</span> 
     </span>
    </p>

    <p class='ocr_par' dir='ltr' id='par_1_3' title="bbox 590 566 1646 1169">
     <span class='ocr_line' id='line_1_3' title="bbox 664 566 1646 632; baseline 0.002 -18"><span class='ocrx_word' id='word_1_4' title='bbox 664 566 918 631; x_wconf 71' lang='lat' dir='ltr'><strong><em>capessere</em></strong></span> <span class='ocrx_word' id='word_1_5' title='bbox 950 566 1109 632; x_wconf 74' lang='lat' dir='ltr'>quusi]</span> <span class='ocrx_word' id='word_1_6' title='bbox 1145 566 1208 616; x_wconf 89' lang='lat' dir='ltr'>In</span> <span class='ocrx_word' id='word_1_7' title='bbox 1232 566 1412 617; x_wconf 87' lang='lat' dir='ltr'>codice</span> <span class='ocrx_word' id='word_1_8' title='bbox 1436 567 1646 617; x_wconf 86' lang='lat' dir='ltr'>Veneto</span> 
     </span>
     <span class='ocr_line' id='line_1_4' title="bbox 592 644 1646 707; baseline 0 -14"><span class='ocrx_word' id='word_1_9' title='bbox 592 648 642 693; x_wconf 86' lang='grc'><strong>2.</strong></span> <span class='ocrx_word' id='word_1_10' title='bbox 683 645 816 693; x_wconf 86' lang='lat' dir='ltr'>male</span> <span class='ocrx_word' id='word_1_11' title='bbox 852 644 1093 692; x_wconf 85' lang='lat' dir='ltr'>omissum</span> <span class='ocrx_word' id='word_1_12' title='bbox 1130 651 1211 693; x_wconf 89' lang='lat' dir='ltr'>est</span> <span class='ocrx_word' id='word_1_13' title='bbox 1242 644 1451 693; x_wconf 83' lang='lat' dir='ltr'>verbum</span> <span class='ocrx_word' id='word_1_14' title='bbox 1486 659 1646 707; x_wconf 79' lang='lat' dir='ltr'>capes-</span> 
     </span>
     <span class='ocr_line' id='line_1_5' title="bbox 590 719 1645 778; baseline -0.002 -9"><span class='ocrx_word' id='word_1_15' title='bbox 590 735 725 778; x_wconf 71' lang='lat' dir='ltr'>sen,-</span> <span class='ocrx_word' id='word_1_16' title='bbox 775 735 872 770; x_wconf 91' lang='lat' dir='ltr'>nec</span> <span class='ocrx_word' id='word_1_17' title='bbox 916 720 1048 769; x_wconf 85' lang='lat' dir='ltr'>bene</span> <span class='ocrx_word' id='word_1_18' title='bbox 1091 719 1142 768; x_wconf 90' lang='lat' dir='ltr'>in</span> <span class='ocrx_word' id='word_1_19' title='bbox 1195 734 1310 769; x_wconf 90' lang='lat' dir='ltr'>meo</span> <span class='ocrx_word' id='word_1_20' title='bbox 1354 720 1535 769; x_wconf 87' lang='lat' dir='ltr'>codice</span> <span class='ocrx_word' id='word_1_21' title='bbox 1579 734 1645 768; x_wconf 81' lang='lat' dir='ltr'>ex</span> 
     </span>
     <span class='ocr_line' id='line_1_6' title="bbox 594 796 1646 861; baseline -0.003 -15"><span class='ocrx_word' id='word_1_22' title='bbox 594 797 902 861; x_wconf 88' lang='lat' dir='ltr'>compendio</span> <span class='ocrx_word' id='word_1_23' title='bbox 935 797 1202 860; x_wconf 74' lang='lat' dir='ltr'>particula·</span> <span class='ocrx_word' id='word_1_24' title='bbox 1226 797 1382 859; x_wconf 77' lang='lat' dir='ltr'>quasi,</span> <span class='ocrx_word' id='word_1_25' title='bbox 1405 796 1646 851; x_wconf 82' lang='lat' dir='ltr'>formata,</span> 
     </span>
     <span class='ocr_line' id='line_1_7' title="bbox 593 873 1646 937; baseline -0.002 -15"><span class='ocrx_word' id='word_1_26' title='bbox 593 881 650 922; x_wconf 88' lang='lat' dir='ltr'>et</span> <span class='ocrx_word' id='word_1_27' title='bbox 674 873 832 922; x_wconf 84' lang='lat' dir='ltr'>verbo</span> <span class='ocrx_word' id='word_1_28' title='bbox 852 888 1107 937; x_wconf 79' lang='lat' dir='ltr'>capessere,</span> <span class='ocrx_word' id='word_1_29' title='bbox 1125 874 1368 937; x_wconf 83' lang='lat' dir='ltr'>adjuncta</span> <span class='ocrx_word' id='word_1_30' title='bbox 1387 882 1463 921; x_wconf 88' lang='lat' dir='ltr'>est</span> <span class='ocrx_word' id='word_1_31' title='bbox 1487 873 1646 935; x_wconf 89' lang='lat' dir='ltr'>parti·</span> 
     </span>
     <span class='ocr_line' id='line_1_8' title="bbox 594 950 1646 1014; baseline 0.001 -15"><span class='ocrx_word' id='word_1_32' title='bbox 594 951 711 1000; x_wconf 90' lang='lat' dir='ltr'>cula</span> <span class='ocrx_word' id='word_1_33' title='bbox 742 951 986 1012; x_wconf 72' lang='grc' dir='ltr'>ἐγκλιτικὴ</span> <span class='ocrx_word' id='word_1_34' title='bbox 1016 966 1120 1014; x_wconf 82' lang='lat' dir='ltr'>que.</span> <span class='ocrx_word' id='word_1_35' title='bbox 1186 952 1287 1000; x_wconf 88' lang='lat' dir='ltr'>Sed</span> <span class='ocrx_word' id='word_1_36' title='bbox 1323 950 1528 1000; x_wconf 89' lang='lat' dir='ltr'>omuino</span> <span class='ocrx_word' id='word_1_37' title='bbox 1561 964 1646 1000; x_wconf 88' lang='lat' dir='ltr'>ac·</span> 
     </span>
     <span class='ocr_line' id='line_1_9' title="bbox 594 1027 1646 1090; baseline -0.002 -13"><span class='ocrx_word' id='word_1_38' title='bbox 594 1030 966 1078; x_wconf 78' lang='lat' dir='ltr'><strong>commodatior</strong></span> <span class='ocrx_word' id='word_1_39' title='bbox 988 1029 1103 1078; x_wconf 81' lang='lat' dir='ltr'>huic</span> <span class='ocrx_word' id='word_1_40' title='bbox 1127 1029 1241 1077; x_wconf 92' lang='lat' dir='ltr'>loco</span> <span class='ocrx_word' id='word_1_41' title='bbox 1277 1037 1360 1078; x_wconf 89' lang='lat' dir='ltr'>est</span> <span class='ocrx_word' id='word_1_42' title='bbox 1394 1027 1646 1090; x_wconf 91' lang='lat' dir='ltr'>particula</span> 
     </span>
     <span class='ocr_line' id='line_1_10' title="bbox 593 1104 1644 1169; baseline 0.001 -17"><span class='ocrx_word' id='word_1_43' title='bbox 593 1107 743 1167; x_wconf 74' lang='lat' dir='ltr'>quusi,</span> <span class='ocrx_word' id='word_1_44' title='bbox 765 1105 959 1168; x_wconf 88' lang='lat' dir='ltr'>quippe</span> <span class='ocrx_word' id='word_1_45' title='bbox 980 1119 1115 1169; x_wconf 83' lang='lat' dir='ltr'>quae,</span> <span class='ocrx_word' id='word_1_46' title='bbox 1141 1106 1209 1154; x_wconf 88' lang='lat' dir='ltr'>uti</span> <span class='ocrx_word' id='word_1_47' title='bbox 1234 1106 1358 1153; x_wconf 84' lang='lat' dir='ltr'>alias</span> <span class='ocrx_word' id='word_1_48' title='bbox 1392 1104 1520 1152; x_wconf 91' lang='lat' dir='ltr'>lenit</span> <span class='ocrx_word' id='word_1_49' title='bbox 1556 1119 1644 1153; x_wconf 81' lang='lat' dir='ltr'>au·</span> 
     </span>
    </p>
   </div>
   <div class='ocr_carea' id='block_1_3' title="bbox 505 1179 1643 1246">
    <p class='ocr_par' dir='ltr' id='par_1_4' title="bbox 505 1179 1643 1246">
     <span class='ocr_line' id='line_1_11' title="bbox 505 1179 1643 1246; baseline -0.002 -15"><span class='ocrx_word' id='word_1_50' title='bbox 505 1179 518 1194; x_wconf 79' lang='lat'><strong>⁹</strong></span> <span class='ocrx_word' id='word_1_51' title='bbox 593 1184 823 1232; x_wconf 87' lang='lat' dir='ltr'>daciores</span> <span class='ocrx_word' id='word_1_52' title='bbox 849 1183 1202 1246; x_wconf 87' lang='lat' dir='ltr'>metaphoras;</span> <span class='ocrx_word' id='word_1_53' title='bbox 1237 1182 1311 1230; x_wconf 86' lang='lat' dir='ltr'>ita</span> <span class='ocrx_word' id='word_1_54' title='bbox 1343 1188 1398 1230; x_wconf 86' lang='lat' dir='ltr'>et</span> <span class='ocrx_word' id='word_1_55' title='bbox 1431 1180 1513 1229; x_wconf 87' lang='lat' dir='ltr'>hic</span> <span class='ocrx_word' id='word_1_56' title='bbox 1538 1196 1643 1230; x_wconf 90' lang='lat' dir='ltr'>mo·</span> 
     </span>
    </p>
   </div>
   <div class='ocr_carea' id='block_1_4' title="bbox 588 1258 1643 2013">
    <p class='ocr_par' dir='ltr' id='par_1_5' title="bbox 588 1258 1643 2013">
     <span class='ocr_line' id='line_1_12' title="bbox 593 1258 1643 1319; baseline -0.002 -10"><span class='ocrx_word' id='word_1_57' title='bbox 593 1260 826 1315; x_wconf 87' lang='lat' dir='ltr'>deratur,</span> <span class='ocrx_word' id='word_1_58' title='bbox 871 1273 932 1308; x_wconf 87' lang='lat' dir='ltr'>ac</span> <span class='ocrx_word' id='word_1_59' title='bbox 978 1259 1117 1308; x_wconf 80' lang='lat' dir='ltr'>velut</span> <span class='ocrx_word' id='word_1_60' title='bbox 1150 1258 1356 1319; x_wconf 85' lang='lat' dir='ltr'>mitigat</span> <span class='ocrx_word' id='word_1_61' title='bbox 1400 1258 1643 1307; x_wconf 87' lang='lat' dir='ltr'>audacius</span> 
     </span>
     <span class='ocr_line' id='line_1_13' title="bbox 593 1334 1643 1400; baseline -0.003 -15"><span class='ocrx_word' id='word_1_62' title='bbox 593 1338 785 1387; x_wconf 85' lang='lat' dir='ltr'>dictum</span> <span class='ocrx_word' id='word_1_63' title='bbox 809 1335 984 1398; x_wconf 79' lang='lat' dir='ltr'>Plinii,</span> <span class='ocrx_word' id='word_1_64' title='bbox 1006 1350 1108 1400; x_wconf 87' lang='lat' dir='ltr'>qno</span> <span class='ocrx_word' id='word_1_65' title='bbox 1130 1334 1224 1384; x_wconf 89' lang='lat' dir='ltr'>snb</span> <span class='ocrx_word' id='word_1_66' title='bbox 1246 1336 1469 1398; x_wconf 84' lang='lat' dir='ltr'>Trajano</span> <span class='ocrx_word' id='word_1_67' title='bbox 1496 1349 1643 1383; x_wconf 85' lang='lat' dir='ltr'>sena-</span> 
     </span>
     <span class='ocr_line' id='line_1_14' title="bbox 592 1412 1642 1477; baseline -0.004 -13"><span class='ocrx_word' id='word_1_68' title='bbox 592 1415 669 1464; x_wconf 85' lang='lat' dir='ltr'>tui</span> <span class='ocrx_word' id='word_1_69' title='bbox 708 1414 1114 1474; x_wconf 70' lang='lat' dir='ltr'>communionem</span> <span class='ocrx_word' id='word_1_70' title='bbox 1153 1412 1407 1477; x_wconf 89' lang='lat' dir='ltr'>quandam</span> <span class='ocrx_word' id='word_1_71' title='bbox 1452 1413 1642 1475; x_wconf 88' lang='lat' dir='ltr'>priuci-</span> 
     </span>
     <span class='ocr_line' id='line_1_15' title="bbox 592 1490 1643 1555; baseline -0.003 -15"><span class='ocrx_word' id='word_1_72' title='bbox 592 1501 743 1554; x_wconf 86' lang='lat' dir='ltr'>patus</span> <span class='ocrx_word' id='word_1_73' title='bbox 791 1499 847 1541; x_wconf 85' lang='lat' dir='ltr'>et</span> <span class='ocrx_word' id='word_1_74' title='bbox 896 1492 1096 1555; x_wconf 88' lang='lat' dir='ltr'>imperii</span> <span class='ocrx_word' id='word_1_75' title='bbox 1148 1491 1376 1539; x_wconf 88' lang='lat' dir='ltr'>tribuere</span> <span class='ocrx_word' id='word_1_76' title='bbox 1422 1490 1643 1539; x_wconf 83' lang='lat' dir='ltr'>videtur.</span> 
     </span>
     <span class='ocr_line' id='line_1_16' title="bbox 592 1565 1642 1628; baseline -0.003 -10"><span class='ocrx_word' id='word_1_77' title='bbox 592 1569 710 1619; x_wconf 82' lang='lat' dir='ltr'>Qua</span> <span class='ocrx_word' id='word_1_78' title='bbox 746 1568 812 1617; x_wconf 88' lang='lat' dir='ltr'>de</span> <span class='ocrx_word' id='word_1_79' title='bbox 854 1583 908 1617; x_wconf 88' lang='lat' dir='ltr'>re</span> <span class='ocrx_word' id='word_1_80' title='bbox 947 1567 1082 1616; x_wconf 86' lang='lat' dir='ltr'>idem</span> <span class='ocrx_word' id='word_1_81' title='bbox 1121 1567 1337 1622; x_wconf 87' lang='lat' dir='ltr'>Plinius,</span> <span class='ocrx_word' id='word_1_82' title='bbox 1361 1565 1528 1628; x_wconf 81' lang='lat' dir='ltr'>Epist.</span> <span class='ocrx_word' id='word_1_83' title='bbox 1553 1579 1642 1615; x_wconf 81' lang='grc' dir='ltr'>ιιι.</span> 
     </span>
     <span class='ocr_line' id='line_1_17' title="bbox 589 1643 1639 1706; baseline -0.001 -13"><span class='ocrx_word' id='word_1_84' title='bbox 589 1651 671 1693; x_wconf 81' lang='grc'><strong>20.</strong></span> <span class='ocrx_word' id='word_1_85' title='bbox 698 1645 1014 1706; x_wconf 88' lang='lat' dir='ltr'>aliquantum</span> <span class='ocrx_word' id='word_1_86' title='bbox 1047 1643 1360 1692; x_wconf 87' lang='lat' dir='ltr'>moderatius</span> <span class='ocrx_word' id='word_1_87' title='bbox 1383 1643 1639 1706; x_wconf 88' lang='lat' dir='ltr'>loquitur:</span> 
     </span>
     <span class='ocr_line' id='line_1_18' title="bbox 589 1717 1642 1784; baseline -0.003 -14"><span class='ocrx_word' id='word_1_88' title='bbox 589 1722 604 1747; x_wconf 88' lang='lat'>‘</span> <span class='ocrx_word' id='word_1_89' title='bbox 625 1721 759 1770; x_wconf 86' lang='lat' dir='ltr'>Sunt</span> <span class='ocrx_word' id='word_1_90' title='bbox 798 1717 1042 1784; x_wconf 85' lang='lat' dir='ltr'>quidem‚&#39;</span> <span class='ocrx_word' id='word_1_91' title='bbox 1079 1719 1260 1783; x_wconf 90' lang='lat' dir='ltr'>iuquit,</span> <span class='ocrx_word' id='word_1_92' title='bbox 1298 1719 1313 1746; x_wconf 85' lang='lat'>‘</span> <span class='ocrx_word' id='word_1_93' title='bbox 1336 1729 1525 1769; x_wconf 89' lang='lat' dir='ltr'>cuncta</span> <span class='ocrx_word' id='word_1_94' title='bbox 1547 1719 1642 1767; x_wconf 88' lang='lat' dir='ltr'>snb</span> 
     </span>
     <span class='ocr_line' id='line_1_19' title="bbox 589 1795 1641 1860; baseline -0.001 -15"><span class='ocrx_word' id='word_1_95' title='bbox 589 1798 741 1846; x_wconf 89' lang='lat' dir='ltr'>unius</span> <span class='ocrx_word' id='word_1_96' title='bbox 763 1797 992 1852; x_wconf 84' lang='lat' dir='ltr'>arbitrio,</span> <span class='ocrx_word' id='word_1_97' title='bbox 1017 1796 1105 1860; x_wconf 85' lang='lat' dir='ltr'>qui</span> <span class='ocrx_word' id='word_1_98' title='bbox 1135 1811 1226 1859; x_wconf 90' lang='lat' dir='ltr'>pro</span> <span class='ocrx_word' id='word_1_99' title='bbox 1257 1795 1483 1845; x_wconf 88' lang='lat' dir='ltr'>utilitate</span> <span class='ocrx_word' id='word_1_100' title='bbox 1504 1811 1641 1845; x_wconf 91' lang='lat' dir='ltr'>com-</span> 
     </span>
     <span class='ocr_line' id='line_1_20' title="bbox 589 1872 1641 1935; baseline 0.001 -14"><span class='ocrx_word' id='word_1_101' title='bbox 589 1874 727 1921; x_wconf 85' lang='lat' dir='ltr'>muni</span> <span class='ocrx_word' id='word_1_102' title='bbox 750 1874 880 1921; x_wconf 86' lang='lat' dir='ltr'>solus</span> <span class='ocrx_word' id='word_1_103' title='bbox 903 1875 1123 1921; x_wconf 87' lang='lat' dir='ltr'>omnium</span> <span class='ocrx_word' id='word_1_104' title='bbox 1152 1886 1301 1919; x_wconf 88' lang='lat' dir='ltr'>curas</span> <span class='ocrx_word' id='word_1_105' title='bbox 1331 1872 1641 1935; x_wconf 78' lang='lat' dir='ltr'><strong>laboresque</strong></span> 
     </span>
     <span class='ocr_line' id='line_1_21' title="bbox 588 1948 1641 2013; baseline 0.001 -17"><span class='ocrx_word' id='word_1_106' title='bbox 588 1949 846 2012; x_wconf 79' lang='lat' dir='ltr'>suscepit:</span> <span class='ocrx_word' id='word_1_107' title='bbox 880 1948 1083 2013; x_wconf 84' lang='lat' dir='ltr'>quidam</span> <span class='ocrx_word' id='word_1_108' title='bbox 1109 1956 1276 1997; x_wconf 88' lang='lat' dir='ltr'>tamen</span> <span class='ocrx_word' id='word_1_109' title='bbox 1302 1948 1494 1997; x_wconf 88' lang='lat' dir='ltr'>salubri</span> <span class='ocrx_word' id='word_1_110' title='bbox 1519 1964 1641 2013; x_wconf 88' lang='lat' dir='ltr'>quo·</span> 
     </span>
    </p>
   </div>
   <div class='ocr_carea' id='block_1_5' title="bbox 588 2025 1642 2089">
    <p class='ocr_par' dir='ltr' id='par_1_6' title="bbox 588 2025 1642 2089">
     <span class='ocr_line' id='line_1_22' title="bbox 588 2025 1642 2089; baseline 0 -16"><span class='ocrx_word' id='word_1_111' title='bbox 588 2026 704 2074; x_wconf 87' lang='lat' dir='ltr'>dam</span> <span class='ocrx_word' id='word_1_112' title='bbox 747 2034 1154 2089; x_wconf 87' lang='lat' dir='ltr'>temperamento</span> <span class='ocrx_word' id='word_1_113' title='bbox 1192 2025 1255 2073; x_wconf 85' lang='lat' dir='ltr'>ad</span> <span class='ocrx_word' id='word_1_114' title='bbox 1288 2038 1379 2073; x_wconf 88' lang='lat' dir='ltr'>nos</span> <span class='ocrx_word' id='word_1_115' title='bbox 1417 2039 1642 2089; x_wconf 88' lang='lat' dir='ltr'>quoque,</span> 
     </span>
    </p>
   </div>
   <div class='ocr_carea' id='block_1_6' title="bbox 566 2100 1639 4322">
    <p class='ocr_par' dir='ltr' id='par_1_7' title="bbox 586 2100 1639 2398">
     <span class='ocr_line' id='line_1_23' title="bbox 589 2100 1639 2166; baseline 0.001 -16"><span class='ocrx_word' id='word_1_116' title='bbox 589 2103 731 2153; x_wconf 86' lang='lat' dir='ltr'>velut</span> <span class='ocrx_word' id='word_1_117' title='bbox 755 2104 868 2160; x_wconf 84' lang='lat' dir='ltr'>rivi,</span> <span class='ocrx_word' id='word_1_118' title='bbox 893 2119 955 2152; x_wconf 79' lang='lat' dir='ltr'>ex</span> <span class='ocrx_word' id='word_1_119' title='bbox 982 2103 1071 2152; x_wconf 88' lang='lat' dir='ltr'>illo</span> <span class='ocrx_word' id='word_1_120' title='bbox 1104 2102 1462 2166; x_wconf 87' lang='lat' dir='ltr'>benignissimo</span> <span class='ocrx_word' id='word_1_121' title='bbox 1493 2100 1639 2153; x_wconf 78' lang='lat' dir='ltr'>fonte</span> 
     </span>
     <span class='ocr_line' id='line_1_24' title="bbox 587 2180 1639 2246; baseline -0.002 -16"><span class='ocrx_word' id='word_1_122' title='bbox 587 2180 908 2246; x_wconf 80' lang='lat' dir='ltr'>decurrunt,’</span> <span class='ocrx_word' id='word_1_123' title='bbox 947 2184 1044 2231; x_wconf 66' lang='lat' dir='ltr'>&amp;m</span> <span class='ocrx_word' id='word_1_124' title='bbox 1087 2180 1175 2230; x_wconf 90' lang='lat' dir='ltr'>ubi</span> <span class='ocrx_word' id='word_1_125' title='bbox 1220 2195 1314 2245; x_wconf 87' lang='lat' dir='ltr'>per</span> <span class='ocrx_word' id='word_1_126' title='bbox 1359 2180 1493 2229; x_wconf 84' lang='lat' dir='ltr'>rivos</span> <span class='ocrx_word' id='word_1_127' title='bbox 1537 2194 1639 2228; x_wconf 91' lang='lat' dir='ltr'>non</span> 
     </span>
     <span class='ocr_line' id='line_1_25' title="bbox 586 2255 1638 2320; baseline -0.002 -13"><span class='ocrx_word' id='word_1_128' title='bbox 586 2261 687 2307; x_wconf 84' lang='lat' dir='ltr'>nisi</span> <span class='ocrx_word' id='word_1_129' title='bbox 723 2274 897 2320; x_wconf 83' lang='lat' dir='ltr'>parvae</span> <span class='ocrx_word' id='word_1_130' title='bbox 940 2260 1170 2308; x_wconf 72' lang='lat' dir='ltr'>materian</span> <span class='ocrx_word' id='word_1_131' title='bbox 1210 2256 1418 2320; x_wconf 87' lang='lat' dir='ltr'>negotia</span> <span class='ocrx_word' id='word_1_132' title='bbox 1451 2255 1638 2306; x_wconf 87' lang='lat' dir='ltr'>intelli·</span> 
     </span>
     <span class='ocr_line' id='line_1_26' title="bbox 589 2337 868 2398; baseline 0.007 -14"><span class='ocrx_word' id='word_1_133' title='bbox 589 2337 681 2398; x_wconf 87' lang='lat' dir='ltr'>git.</span> <span class='ocrx_word' id='word_1_134' title='bbox 715 2337 868 2386; x_wconf 86' lang='lat' dir='ltr'>Idem.</span> 
     </span>
    </p>

    <p class='ocr_par' dir='ltr' id='par_1_8' title="bbox 566 2410 1638 4322">
     <span class='ocr_line' id='line_1_27' title="bbox 651 2410 1638 2477; baseline -0.001 -16"><span class='ocrx_word' id='word_1_135' title='bbox 651 2412 719 2461; x_wconf 79' lang='lat' dir='ltr'>Et</span> <span class='ocrx_word' id='word_1_136' title='bbox 740 2410 1010 2475; x_wconf 77' lang='lat' dir='ltr'>insurgere]</span> <span class='ocrx_word' id='word_1_137' title='bbox 1044 2411 1275 2462; x_wconf 82' lang='lat' dir='ltr'>Verbum</span> <span class='ocrx_word' id='word_1_138' title='bbox 1300 2411 1395 2462; x_wconf 85' lang='lat' dir='ltr'>hoc</span> <span class='ocrx_word' id='word_1_139' title='bbox 1431 2411 1638 2477; x_wconf 80' lang='lat' dir='ltr'>proprie</span> 
     </span>
     <span class='ocr_line' id='line_1_28' title="bbox 586 2490 1636 2554; baseline 0 -15"><span class='ocrx_word' id='word_1_140' title='bbox 586 2491 651 2539; x_wconf 86' lang='lat' dir='ltr'>de</span> <span class='ocrx_word' id='word_1_141' title='bbox 692 2490 752 2539; x_wconf 90' lang='lat' dir='ltr'>iis</span> <span class='ocrx_word' id='word_1_142' title='bbox 793 2491 1000 2549; x_wconf 83' lang='lat' dir='ltr'>dicitur,</span> <span class='ocrx_word' id='word_1_143' title='bbox 1038 2490 1147 2554; x_wconf 86' lang='lat' dir='ltr'>qui,</span> <span class='ocrx_word' id='word_1_144' title='bbox 1182 2505 1296 2538; x_wconf 90' lang='lat' dir='ltr'>cum</span> <span class='ocrx_word' id='word_1_145' title='bbox 1332 2491 1460 2552; x_wconf 86' lang='lat' dir='ltr'>lapsi</span> <span class='ocrx_word' id='word_1_146' title='bbox 1500 2497 1636 2547; x_wconf 83' lang='lat' dir='ltr'>sunt.</span> 
     </span>
     <span class='ocr_line' id='line_1_29' title="bbox 583 2566 1635 2633; baseline 0 -18"><span class='ocrx_word' id='word_1_147' title='bbox 583 2570 736 2616; x_wconf 85' lang='lat' dir='ltr'>humo</span> <span class='ocrx_word' id='word_1_148' title='bbox 769 2582 824 2614; x_wconf 88' lang='lat' dir='ltr'>se</span> <span class='ocrx_word' id='word_1_149' title='bbox 860 2567 1124 2626; x_wconf 87' lang='lat' dir='ltr'>attollunt,</span> <span class='ocrx_word' id='word_1_150' title='bbox 1161 2574 1217 2633; x_wconf 62' lang='lat' dir='ltr'>et</span> <span class='ocrx_word' id='word_1_151' title='bbox 1252 2566 1435 2614; x_wconf 88' lang='lat' dir='ltr'>sensim</span> <span class='ocrx_word' id='word_1_152' title='bbox 1472 2566 1635 2615; x_wconf 87' lang='lat' dir='ltr'>insur-</span> 
     </span>
     <span class='ocr_line' id='line_1_30' title="bbox 581 2642 1636 2706; baseline 0.002 -15"><span class='ocrx_word' id='word_1_153' title='bbox 581 2652 728 2706; x_wconf 87' lang='lat' dir='ltr'>gunt.</span> <span class='ocrx_word' id='word_1_154' title='bbox 793 2645 1002 2693; x_wconf 86' lang='lat' dir='ltr'>Tacitus</span> <span class='ocrx_word' id='word_1_155' title='bbox 1036 2642 1100 2692; x_wconf 89' lang='lat' dir='ltr'>de</span> <span class='ocrx_word' id='word_1_156' title='bbox 1134 2642 1382 2692; x_wconf 84' lang='lat' dir='ltr'>German.</span> <span class='ocrx_word' id='word_1_157' title='bbox 1409 2657 1525 2705; x_wconf 87' lang='lat' dir='ltr'>cap.</span> <span class='ocrx_word' id='word_1_158' title='bbox 1554 2648 1636 2694; x_wconf 77' lang='lat'>89.</span> 
     </span>
     <span class='ocr_line' id='line_1_31' title="bbox 584 2718 1635 2769; baseline 0.001 -1"><span class='ocrx_word' id='word_1_159' title='bbox 584 2724 598 2748; x_wconf 87' lang='lat'>‘</span> <span class='ocrx_word' id='word_1_160' title='bbox 623 2720 716 2768; x_wconf 82' lang='lat' dir='ltr'>Est</span> <span class='ocrx_word' id='word_1_161' title='bbox 750 2727 806 2768; x_wconf 88' lang='lat' dir='ltr'>et</span> <span class='ocrx_word' id='word_1_162' title='bbox 838 2721 936 2769; x_wconf 89' lang='lat' dir='ltr'>alia</span> <span class='ocrx_word' id='word_1_163' title='bbox 971 2721 1088 2769; x_wconf 86' lang='lat' dir='ltr'>luco</span> <span class='ocrx_word' id='word_1_164' title='bbox 1124 2718 1430 2768; x_wconf 82' lang='lat' dir='ltr'>reverentia.</span> <span class='ocrx_word' id='word_1_165' title='bbox 1455 2750 1469 2766; x_wconf 91' lang='lat'>.</span> <span class='ocrx_word' id='word_1_166' title='bbox 1490 2749 1505 2764; x_wconf 95' lang='grc'><strong>.</strong></span> <span class='ocrx_word' id='word_1_167' title='bbox 1529 2751 1545 2768; x_wconf 95' lang='grc'><strong>.</strong></span> <span class='ocrx_word' id='word_1_168' title='bbox 1577 2719 1635 2769; x_wconf 83' lang='lat' dir='ltr'>si</span> 
     </span>
     <span class='ocr_line' id='line_1_32' title="bbox 579 2795 1633 2861; baseline 0 -16"><span class='ocrx_word' id='word_1_169' title='bbox 579 2798 693 2860; x_wconf 89' lang='lat' dir='ltr'>quis</span> <span class='ocrx_word' id='word_1_170' title='bbox 716 2796 850 2847; x_wconf 82' lang='lat' dir='ltr'>forte</span> <span class='ocrx_word' id='word_1_171' title='bbox 875 2799 1142 2861; x_wconf 88' lang='lat' dir='ltr'>prolapsus</span> <span class='ocrx_word' id='word_1_172' title='bbox 1164 2805 1263 2855; x_wconf 88' lang='lat' dir='ltr'>est,</span> <span class='ocrx_word' id='word_1_173' title='bbox 1283 2795 1452 2845; x_wconf 90' lang='lat' dir='ltr'>attolli</span> <span class='ocrx_word' id='word_1_174' title='bbox 1473 2803 1529 2845; x_wconf 89' lang='lat' dir='ltr'>et</span> <span class='ocrx_word' id='word_1_175' title='bbox 1557 2797 1633 2845; x_wconf 82' lang='lat' dir='ltr'>in·</span> 
     </span>
     <span class='ocr_line' id='line_1_33' title="bbox 579 2873 1633 2937; baseline 0 -14"><span class='ocrx_word' id='word_1_176' title='bbox 579 2888 789 2937; x_wconf 85' lang='lat' dir='ltr'>surgere</span> <span class='ocrx_word' id='word_1_177' title='bbox 830 2874 966 2923; x_wconf 86' lang='lat' dir='ltr'>haud</span> <span class='ocrx_word' id='word_1_178' title='bbox 1012 2874 1241 2935; x_wconf 78' lang='lat' dir='ltr'>licitum3</span> <span class='ocrx_word' id='word_1_179' title='bbox 1290 2888 1384 2937; x_wconf 89' lang='lat' dir='ltr'>per</span> <span class='ocrx_word' id='word_1_180' title='bbox 1424 2873 1633 2923; x_wconf 87' lang='lat' dir='ltr'>humum</span> 
     </span>
     <span class='ocr_line' id='line_1_34' title="bbox 578 2951 1631 3014; baseline 0.004 -15"><span class='ocrx_word' id='word_1_181' title='bbox 578 2952 921 3003; x_wconf 57' lang='lat' dir='ltr'>evolvuntur?</span> <span class='ocrx_word' id='word_1_182' title='bbox 976 2951 1114 3001; x_wconf 84' lang='lat' dir='ltr'>Hinc</span> <span class='ocrx_word' id='word_1_183' title='bbox 1134 2959 1190 3001; x_wconf 88' lang='lat' dir='ltr'>et</span> <span class='ocrx_word' id='word_1_184' title='bbox 1211 2951 1274 3001; x_wconf 87' lang='lat' dir='ltr'>ad</span> <span class='ocrx_word' id='word_1_185' title='bbox 1299 2960 1541 3014; x_wconf 89' lang='lat' dir='ltr'>mentem,</span> <span class='ocrx_word' id='word_1_186' title='bbox 1557 2958 1631 3003; x_wconf 85' lang='lat' dir='ltr'>at-</span> 
     </span>
     <span class='ocr_line' id='line_1_35' title="bbox 579 3029 1631 3093; baseline -0.001 -15"><span class='ocrx_word' id='word_1_187' title='bbox 579 3043 680 3092; x_wconf 80' lang='lat' dir='ltr'>que</span> <span class='ocrx_word' id='word_1_188' title='bbox 724 3030 1030 3090; x_wconf 87' lang='lat' dir='ltr'>orationem,</span> <span class='ocrx_word' id='word_1_189' title='bbox 1065 3029 1372 3093; x_wconf 77' lang='lat' dir='ltr'>applicatur,</span> <span class='ocrx_word' id='word_1_190' title='bbox 1410 3042 1527 3092; x_wconf 76' lang='lat' dir='ltr'>qnae</span> <span class='ocrx_word' id='word_1_191' title='bbox 1566 3043 1631 3077; x_wconf 82' lang='lat' dir='ltr'>ex</span> 
     </span>
     <span class='ocr_line' id='line_1_36' title="bbox 577 3103 1629 3169; baseline 0.001 -17"><span class='ocrx_word' id='word_1_192' title='bbox 577 3104 848 3155; x_wconf 79' lang='lat' dir='ltr'>humilibus</span> <span class='ocrx_word' id='word_1_193' title='bbox 881 3103 1278 3169; x_wconf 71' lang='lat' dir='ltr'>cogitationibus</span> <span class='ocrx_word' id='word_1_194' title='bbox 1308 3109 1363 3153; x_wconf 90' lang='lat' dir='ltr'>et</span> <span class='ocrx_word' id='word_1_195' title='bbox 1384 3105 1537 3153; x_wconf 87' lang='lat' dir='ltr'>rebus</span> <span class='ocrx_word' id='word_1_196' title='bbox 1566 3104 1629 3153; x_wconf 88' lang='lat' dir='ltr'>ad</span> 
     </span>
     <span class='ocr_line' id='line_1_37' title="bbox 577 3182 1631 3234; baseline 0.002 -5"><span class='ocrx_word' id='word_1_197' title='bbox 577 3182 761 3231; x_wconf 88' lang='lat' dir='ltr'>altiora</span> <span class='ocrx_word' id='word_1_198' title='bbox 790 3184 1088 3231; x_wconf 88' lang='lat' dir='ltr'>connititur.</span> <span class='ocrx_word' id='word_1_199' title='bbox 1157 3182 1405 3234; x_wconf 82' lang='lat' dir='ltr'>Quinctil.</span> <span class='ocrx_word' id='word_1_200' title='bbox 1439 3194 1545 3230; x_wconf 65' lang='grc' dir='ltr'>ιιι.</span> <span class='ocrx_word' id='word_1_201' title='bbox 1579 3186 1631 3231; x_wconf 79' lang='grc'><strong>2.</strong></span> 
     </span>
     <span class='ocr_line' id='line_1_38' title="bbox 577 3257 1625 3322; baseline 0.001 -16"><span class='ocrx_word' id='word_1_202' title='bbox 577 3259 592 3282; x_wconf 93' lang='lat'>‘</span> <span class='ocrx_word' id='word_1_203' title='bbox 618 3257 748 3306; x_wconf 82' lang='lat' dir='ltr'>Haec</span> <span class='ocrx_word' id='word_1_204' title='bbox 777 3266 915 3314; x_wconf 83' lang='lat' dir='ltr'>sunt,</span> <span class='ocrx_word' id='word_1_205' title='bbox 939 3259 1123 3322; x_wconf 88' lang='lat' dir='ltr'>quibus</span> <span class='ocrx_word' id='word_1_206' title='bbox 1146 3273 1288 3308; x_wconf 88' lang='lat' dir='ltr'>mens</span> <span class='ocrx_word' id='word_1_207' title='bbox 1313 3258 1525 3322; x_wconf 88' lang='lat' dir='ltr'>pariter,</span> <span class='ocrx_word' id='word_1_208' title='bbox 1550 3264 1625 3307; x_wconf 86' lang='lat' dir='ltr'>at·</span> 
     </span>
     <span class='ocr_line' id='line_1_39' title="bbox 574 3336 1627 3399; baseline 0.003 -17"><span class='ocrx_word' id='word_1_209' title='bbox 574 3348 674 3397; x_wconf 82' lang='lat' dir='ltr'>que</span> <span class='ocrx_word' id='word_1_210' title='bbox 696 3336 879 3391; x_wconf 86' lang='lat' dir='ltr'>oratio,</span> <span class='ocrx_word' id='word_1_211' title='bbox 903 3337 1204 3398; x_wconf 62' lang='lat' dir='ltr'>insurgant!</span> <span class='ocrx_word' id='word_1_212' title='bbox 1270 3338 1355 3387; x_wconf 88' lang='lat' dir='ltr'>Ita</span> <span class='ocrx_word' id='word_1_213' title='bbox 1375 3346 1430 3386; x_wconf 87' lang='lat' dir='ltr'>et</span> <span class='ocrx_word' id='word_1_214' title='bbox 1450 3336 1627 3399; x_wconf 85' lang='lat' dir='ltr'>Traja-</span> 
     </span>
     <span class='ocr_line' id='line_1_40' title="bbox 573 3410 1630 3476; baseline 0.004 -18"><span class='ocrx_word' id='word_1_215' title='bbox 573 3424 670 3458; x_wconf 89' lang='lat' dir='ltr'>nus</span> <span class='ocrx_word' id='word_1_216' title='bbox 684 3410 887 3460; x_wconf 79' lang='lat' dir='ltr'>videtur</span> <span class='ocrx_word' id='word_1_217' title='bbox 904 3423 1171 3462; x_wconf 76' lang='lat' dir='ltr'>senatores</span> <span class='ocrx_word' id='word_1_218' title='bbox 1187 3412 1480 3462; x_wconf 75' lang='lat' dir='ltr'>adhortatus</span> <span class='ocrx_word' id='word_1_219' title='bbox 1498 3427 1630 3476; x_wconf 87' lang='lat' dir='ltr'>esse,</span> 
     </span>
     <span class='ocr_line' id='line_1_41' title="bbox 572 3489 1628 3554; baseline 0.008 -21"><span class='ocrx_word' id='word_1_220' title='bbox 572 3493 633 3535; x_wconf 88' lang='lat' dir='ltr'>nt</span> <span class='ocrx_word' id='word_1_221' title='bbox 667 3502 732 3536; x_wconf 85' lang='lat' dir='ltr'>ex</span> <span class='ocrx_word' id='word_1_222' title='bbox 765 3489 1015 3537; x_wconf 77' lang='lat' dir='ltr'>servitute</span> <span class='ocrx_word' id='word_1_223' title='bbox 1046 3499 1101 3537; x_wconf 89' lang='lat' dir='ltr'>et</span> <span class='ocrx_word' id='word_1_224' title='bbox 1135 3490 1436 3548; x_wconf 86' lang='lat' dir='ltr'>humilitate,</span> <span class='ocrx_word' id='word_1_225' title='bbox 1459 3506 1562 3554; x_wconf 89' lang='lat' dir='ltr'>qna</span> <span class='ocrx_word' id='word_1_226' title='bbox 1596 3507 1628 3541; x_wconf 86' lang='lat' dir='ltr'>a</span> 
     </span>
     <span class='ocr_line' id='line_1_42' title="bbox 571 3564 1624 3629; baseline 0.005 -18"><span class='ocrx_word' id='word_1_227' title='bbox 571 3564 827 3625; x_wconf 88' lang='lat' dir='ltr'>prioribus</span> <span class='ocrx_word' id='word_1_228' title='bbox 843 3565 1075 3626; x_wconf 86' lang='lat' dir='ltr'>tyrannis</span> <span class='ocrx_word' id='word_1_229' title='bbox 1090 3567 1322 3629; x_wconf 83' lang='lat' dir='ltr'>oppressi</span> <span class='ocrx_word' id='word_1_230' title='bbox 1336 3576 1500 3629; x_wconf 88' lang='lat' dir='ltr'>erant,</span> <span class='ocrx_word' id='word_1_231' title='bbox 1515 3582 1624 3616; x_wconf 86' lang='lat' dir='ltr'>rur·</span> 
     </span>
     <span class='ocr_line' id='line_1_43' title="bbox 571 3639 1624 3706; baseline 0.006 -21"><span class='ocrx_word' id='word_1_232' title='bbox 571 3652 660 3686; x_wconf 90' lang='lat' dir='ltr'>sus</span> <span class='ocrx_word' id='word_1_233' title='bbox 693 3652 749 3686; x_wconf 88' lang='lat' dir='ltr'>se</span> <span class='ocrx_word' id='word_1_234' title='bbox 782 3639 1096 3702; x_wconf 80' lang='lat' dir='ltr'>attollerent,</span> <span class='ocrx_word' id='word_1_235' title='bbox 1119 3646 1174 3689; x_wconf 88' lang='lat' dir='ltr'>et</span> <span class='ocrx_word' id='word_1_236' title='bbox 1192 3641 1334 3704; x_wconf 84' lang='lat' dir='ltr'>quasi</span> <span class='ocrx_word' id='word_1_237' title='bbox 1364 3656 1428 3690; x_wconf 84' lang='lat' dir='ltr'>ex</span> <span class='ocrx_word' id='word_1_238' title='bbox 1458 3644 1624 3706; x_wconf 84' lang='lat' dir='ltr'>lapsu,</span> 
     </span>
     <span class='ocr_line' id='line_1_44' title="bbox 570 3713 1623 3780; baseline 0.006 -17"><span class='ocrx_word' id='word_1_239' title='bbox 570 3713 751 3764; x_wconf 88' lang='lat' dir='ltr'>animis</span> <span class='ocrx_word' id='word_1_240' title='bbox 796 3714 984 3762; x_wconf 89' lang='lat' dir='ltr'>iterum</span> <span class='ocrx_word' id='word_1_241' title='bbox 1027 3716 1237 3779; x_wconf 87' lang='lat' dir='ltr'>erectis,</span> <span class='ocrx_word' id='word_1_242' title='bbox 1280 3717 1623 3780; x_wconf 79' lang='lat' dir='ltr'>insurgerent.</span> 
     </span>
     <span class='ocr_line' id='line_1_45' title="bbox 569 3790 1623 3856; baseline 0.004 -15"><span class='ocrx_word' id='word_1_243' title='bbox 569 3792 745 3856; x_wconf 82' lang='lat' dir='ltr'>Atque</span> <span class='ocrx_word' id='word_1_244' title='bbox 778 3790 907 3840; x_wconf 87' lang='lat' dir='ltr'>adeo</span> <span class='ocrx_word' id='word_1_245' title='bbox 937 3799 991 3840; x_wconf 84' lang='lat' dir='ltr'>et</span> <span class='ocrx_word' id='word_1_246' title='bbox 1023 3792 1059 3840; x_wconf 90' lang='lat' dir='ltr'>ii</span> <span class='ocrx_word' id='word_1_247' title='bbox 1092 3793 1175 3855; x_wconf 87' lang='lat' dir='ltr'>qui</span> <span class='ocrx_word' id='word_1_248' title='bbox 1207 3794 1392 3842; x_wconf 86' lang='lat' dir='ltr'>sensim</span> <span class='ocrx_word' id='word_1_249' title='bbox 1429 3794 1623 3845; x_wconf 81' lang='lat' dir='ltr'>viribus</span> 
     </span>
     <span class='ocr_line' id='line_1_46' title="bbox 570 3866 1622 3931; baseline 0.002 -13"><span class='ocrx_word' id='word_1_250' title='bbox 570 3877 628 3918; x_wconf 86' lang='lat' dir='ltr'>et</span> <span class='ocrx_word' id='word_1_251' title='bbox 651 3866 885 3931; x_wconf 89' lang='lat' dir='ltr'>potentia</span> <span class='ocrx_word' id='word_1_252' title='bbox 904 3875 1166 3930; x_wconf 84' lang='lat' dir='ltr'>crescunt,</span> <span class='ocrx_word' id='word_1_253' title='bbox 1179 3867 1423 3930; x_wconf 74' lang='lat' dir='ltr'>insurgere</span> <span class='ocrx_word' id='word_1_254' title='bbox 1439 3870 1622 3920; x_wconf 88' lang='lat' dir='ltr'>dicun·</span> 
     </span>
     <span class='ocr_line' id='line_1_47' title="bbox 568 3942 1621 4009; baseline -0.002 -14"><span class='ocrx_word' id='word_1_255' title='bbox 568 3955 672 3995; x_wconf 87' lang='lat' dir='ltr'>tur.</span> <span class='ocrx_word' id='word_1_256' title='bbox 736 3944 905 3995; x_wconf 85' lang='lat' dir='ltr'>Tacit.</span> <span class='ocrx_word' id='word_1_257' title='bbox 928 3942 1117 3994; x_wconf 81' lang='lat' dir='ltr'>Annal.</span> <span class='ocrx_word' id='word_1_258' title='bbox 1134 3958 1173 3994; x_wconf 90' lang='lat'>1.</span> <span class='ocrx_word' id='word_1_259' title='bbox 1195 3949 1245 3994; x_wconf 78' lang='lat'>2.</span> <span class='ocrx_word' id='word_1_260' title='bbox 1267 3944 1331 3993; x_wconf 90' lang='lat' dir='ltr'>de</span> <span class='ocrx_word' id='word_1_261' title='bbox 1356 3944 1621 4009; x_wconf 86' lang='lat' dir='ltr'>Augusto:</span> 
     </span>
     <span class='ocr_line' id='line_1_48' title="bbox 567 4023 1622 4088; baseline 0.001 -14"><span class='ocrx_word' id='word_1_262' title='bbox 567 4026 584 4051; x_wconf 79' lang='lat'>⁸</span> <span class='ocrx_word' id='word_1_263' title='bbox 600 4024 703 4075; x_wconf 87' lang='lat' dir='ltr'>Ubi</span> <span class='ocrx_word' id='word_1_264' title='bbox 727 4025 938 4073; x_wconf 86' lang='lat' dir='ltr'>militem</span> <span class='ocrx_word' id='word_1_265' title='bbox 956 4023 1122 4082; x_wconf 83' lang='lat' dir='ltr'>donis.</span> <span class='ocrx_word' id='word_1_266' title='bbox 1139 4025 1384 4088; x_wconf 87' lang='lat' dir='ltr'>populum</span> <span class='ocrx_word' id='word_1_267' title='bbox 1403 4040 1622 4085; x_wconf 87' lang='lat' dir='ltr'>annona,</span> 
     </span>
     <span class='ocr_line' id='line_1_49' title="bbox 566 4102 1621 4167; baseline 0.004 -16"><span class='ocrx_word' id='word_1_268' title='bbox 566 4110 780 4151; x_wconf 81' lang='lat' dir='ltr'>cunctos</span> <span class='ocrx_word' id='word_1_269' title='bbox 792 4102 1084 4167; x_wconf 82' lang='lat' dir='ltr'>dulcedine,</span> <span class='ocrx_word' id='word_1_270' title='bbox 1094 4103 1306 4167; x_wconf 82' lang='lat' dir='ltr'>pellexit</span> <span class='ocrx_word' id='word_1_271' title='bbox 1318 4119 1334 4165; x_wconf 71' lang='grc' dir='ltr'>ς</span> <span class='ocrx_word' id='word_1_272' title='bbox 1357 4105 1621 4167; x_wconf 81' lang='lat' dir='ltr'>insurgere</span> 
     </span>
     <span class='ocr_line' id='line_1_50' title="bbox 568 4179 1620 4245; baseline 0.006 -19"><span class='ocrx_word' id='word_1_273' title='bbox 568 4179 850 4239; x_wconf 83' lang='lat' dir='ltr'>paullatim,</span> <span class='ocrx_word' id='word_1_274' title='bbox 885 4182 1058 4229; x_wconf 88' lang='lat' dir='ltr'>munia</span> <span class='ocrx_word' id='word_1_275' title='bbox 1090 4189 1319 4242; x_wconf 86' lang='lat' dir='ltr'>senatus,</span> <span class='ocrx_word' id='word_1_276' title='bbox 1351 4182 1620 4245; x_wconf 86' lang='lat' dir='ltr'>magistra·</span> 
     </span>
     <span class='ocr_line' id='line_1_51' title="bbox 566 4255 1617 4322; baseline 0.007 -20"><span class='ocrx_word' id='word_1_277' title='bbox 566 4261 730 4317; x_wconf 83' lang='lat' dir='ltr'>tuum,</span> <span class='ocrx_word' id='word_1_278' title='bbox 748 4255 938 4322; x_wconf 87' lang='lat' dir='ltr'>legum,</span> <span class='ocrx_word' id='word_1_279' title='bbox 959 4257 1012 4308; x_wconf 89' lang='lat' dir='ltr'>in</span> <span class='ocrx_word' id='word_1_280' title='bbox 1041 4274 1095 4308; x_wconf 90' lang='lat' dir='ltr'>se</span> <span class='ocrx_word' id='word_1_281' title='bbox 1119 4259 1340 4315; x_wconf 82' lang='lat' dir='ltr'>trahere,</span> <span class='ocrx_word' id='word_1_282' title='bbox 1364 4259 1504 4309; x_wconf 89' lang='lat' dir='ltr'>nullo</span> <span class='ocrx_word' id='word_1_283' title='bbox 1528 4260 1617 4309; x_wconf 84' lang='lat' dir='ltr'>ad·</span> 
     </span>
    </p>
   </div>
   <div class='ocr_carea' id='block_1_7' title="bbox 1279 345 2085 398">
    <p class='ocr_par' dir='ltr' id='par_1_9' title="bbox 1279 345 2085 398">
     <span class='ocr_line' id='line_1_52' title="bbox 1279 345 2085 398; baseline 0.005 -4"><span class='ocrx_word' id='word_1_284' title='bbox 1279 346 1497 395; x_wconf 79' lang='lat' dir='ltr'>NOTAE</span> <span class='ocrx_word' id='word_1_285' title='bbox 1548 345 1949 396; x_wconf 76' lang='lat' dir='ltr'>VAmoRUM</span> <span class='ocrx_word' id='word_1_286' title='bbox 2004 349 2085 398; x_wconf 75' lang='grc' dir='ltr'>ΙΝ</span> 
     </span>
    </p>
   </div>
   <div class='ocr_carea' id='block_1_8' title="bbox 1694 489 2778 4247">
    <p class='ocr_par' dir='ltr' id='par_1_10' title="bbox 1705 489 2778 3152">
     <span class='ocr_line' id='line_1_53' title="bbox 1724 489 2777 556; baseline 0.008 -19"><span class='ocrx_word' id='word_1_287' title='bbox 1724 489 2002 539; x_wconf 59' lang='lat' dir='ltr'>versante!</span> <span class='ocrx_word' id='word_1_288' title='bbox 2064 489 2240 555; x_wconf 81' lang='lat' dir='ltr'>Atque</span> <span class='ocrx_word' id='word_1_289' title='bbox 2262 489 2316 540; x_wconf 85' lang='lat' dir='ltr'>ln</span> <span class='ocrx_word' id='word_1_290' title='bbox 2332 490 2430 542; x_wconf 85' lang='lat' dir='ltr'>hac</span> <span class='ocrx_word' id='word_1_291' title='bbox 2455 490 2661 556; x_wconf 80' lang='lat' dir='ltr'>quidem</span> <span class='ocrx_word' id='word_1_292' title='bbox 2686 507 2777 544; x_wconf 79' lang='lat' dir='ltr'>ex·</span> 
     </span>
     <span class='ocr_line' id='line_1_54' title="bbox 1722 567 2778 631; baseline 0.005 -17"><span class='ocrx_word' id='word_1_293' title='bbox 1722 567 1995 628; x_wconf 86' lang='lat' dir='ltr'>plicatione</span> <span class='ocrx_word' id='word_1_294' title='bbox 2041 567 2187 616; x_wconf 86' lang='lat' dir='ltr'>verbi</span> <span class='ocrx_word' id='word_1_295' title='bbox 2227 567 2469 629; x_wconf 69' lang='lat' dir='ltr'>insurgere</span> <span class='ocrx_word' id='word_1_296' title='bbox 2513 582 2778 631; x_wconf 73' lang='lat' dir='ltr'>possumus</span> 
     </span>
     <span class='ocr_line' id='line_1_55' title="bbox 1722 642 2775 706; baseline 0.007 -16"><span class='ocrx_word' id='word_1_297' title='bbox 1722 642 2070 706; x_wconf 85' lang='lat' dir='ltr'>acquiescere.</span> <span class='ocrx_word' id='word_1_298' title='bbox 2146 644 2281 693; x_wconf 87' lang='lat' dir='ltr'>Sunt</span> <span class='ocrx_word' id='word_1_299' title='bbox 2318 653 2489 694; x_wconf 75' lang='lat' dir='ltr'>umen</span> <span class='ocrx_word' id='word_1_300' title='bbox 2525 647 2620 695; x_wconf 78' lang='lat' dir='ltr'>viri</span> <span class='ocrx_word' id='word_1_301' title='bbox 2656 660 2775 696; x_wconf 84' lang='lat' dir='ltr'>ern·</span> 
     </span>
     <span class='ocr_line' id='line_1_56' title="bbox 1721 718 2775 784; baseline 0.008 -19"><span class='ocrx_word' id='word_1_302' title='bbox 1721 718 1836 780; x_wconf 89' lang='lat' dir='ltr'>diti,</span> <span class='ocrx_word' id='word_1_303' title='bbox 1853 720 1940 784; x_wconf 89' lang='lat' dir='ltr'>qui</span> <span class='ocrx_word' id='word_1_304' title='bbox 1961 719 2012 767; x_wconf 86' lang='lat' dir='ltr'>id</span> <span class='ocrx_word' id='word_1_305' title='bbox 2038 735 2067 769; x_wconf 93' lang='lat' dir='ltr'>e</span> <span class='ocrx_word' id='word_1_306' title='bbox 2091 735 2148 770; x_wconf 89' lang='lat' dir='ltr'>re</span> <span class='ocrx_word' id='word_1_307' title='bbox 2167 721 2376 771; x_wconf 85' lang='lat' dir='ltr'>nautica</span> <span class='ocrx_word' id='word_1_308' title='bbox 2398 721 2656 771; x_wconf 83' lang='lat' dir='ltr'>illustrare</span> <span class='ocrx_word' id='word_1_309' title='bbox 2671 737 2775 773; x_wconf 89' lang='lat' dir='ltr'>ma·</span> 
     </span>
     <span class='ocr_line' id='line_1_57' title="bbox 1724 794 2773 860; baseline 0.007 -19"><span class='ocrx_word' id='word_1_310' title='bbox 1724 794 1847 855; x_wconf 84' lang='lat' dir='ltr'>lint;</span> <span class='ocrx_word' id='word_1_311' title='bbox 1881 796 2116 860; x_wconf 88' lang='lat' dir='ltr'>quoniam</span> <span class='ocrx_word' id='word_1_312' title='bbox 2137 810 2318 860; x_wconf 85' lang='lat' dir='ltr'>nempe</span> <span class='ocrx_word' id='word_1_313' title='bbox 2336 796 2433 846; x_wconf 85' lang='lat' dir='ltr'>boc</span> <span class='ocrx_word' id='word_1_314' title='bbox 2455 797 2664 847; x_wconf 84' lang='lat' dir='ltr'>verbum</span> <span class='ocrx_word' id='word_1_315' title='bbox 2681 799 2773 848; x_wconf 86' lang='lat' dir='ltr'>eti-</span> 
     </span>
     <span class='ocr_line' id='line_1_58' title="bbox 1722 875 2772 940; baseline 0.004 -19"><span class='ocrx_word' id='word_1_316' title='bbox 1722 886 1801 921; x_wconf 86' lang='lat' dir='ltr'>am</span> <span class='ocrx_word' id='word_1_317' title='bbox 1826 883 2101 938; x_wconf 87' lang='lat' dir='ltr'>usurpatur</span> <span class='ocrx_word' id='word_1_318' title='bbox 2123 875 2190 925; x_wconf 85' lang='lat' dir='ltr'>de</span> <span class='ocrx_word' id='word_1_319' title='bbox 2213 875 2505 938; x_wconf 75' lang='lat' dir='ltr'>remigibus,</span> <span class='ocrx_word' id='word_1_320' title='bbox 2527 877 2636 940; x_wconf 84' lang='lat' dir='ltr'>qui,</span> <span class='ocrx_word' id='word_1_321' title='bbox 2656 889 2772 926; x_wconf 81' lang='lat' dir='ltr'>cnm</span> 
     </span>
     <span class='ocr_line' id='line_1_59' title="bbox 1721 949 2769 1011; baseline 0.003 -13"><span class='ocrx_word' id='word_1_322' title='bbox 1721 958 1991 1011; x_wconf 85' lang='lat' dir='ltr'>surgentes</span> <span class='ocrx_word' id='word_1_323' title='bbox 2013 949 2199 1001; x_wconf 76' lang='lat' dir='ltr'>fortius</span> <span class='ocrx_word' id='word_1_324' title='bbox 2222 966 2389 1001; x_wconf 87' lang='lat' dir='ltr'>remos</span> <span class='ocrx_word' id='word_1_325' title='bbox 2418 959 2665 1009; x_wconf 85' lang='lat' dir='ltr'>tractant,</span> <span class='ocrx_word' id='word_1_326' title='bbox 2686 951 2769 1001; x_wconf 90' lang='lat' dir='ltr'>iis·</span> 
     </span>
     <span class='ocr_line' id='line_1_60' title="bbox 1722 1029 2772 1092; baseline 0.003 -16"><span class='ocrx_word' id='word_1_327' title='bbox 1722 1041 1821 1091; x_wconf 79' lang='lat' dir='ltr'>que</span> <span class='ocrx_word' id='word_1_328' title='bbox 1840 1029 2034 1092; x_wconf 83' lang='lat' dir='ltr'>majore</span> <span class='ocrx_word' id='word_1_329' title='bbox 2058 1030 2108 1078; x_wconf 76' lang='lat' dir='ltr'>vi</span> <span class='ocrx_word' id='word_1_330' title='bbox 2132 1030 2450 1086; x_wconf 88' lang='lat' dir='ltr'>incumbunt,</span> <span class='ocrx_word' id='word_1_331' title='bbox 2474 1032 2490 1057; x_wconf 89' lang='lat'>‘</span> <span class='ocrx_word' id='word_1_332' title='bbox 2515 1031 2667 1079; x_wconf 85' lang='lat' dir='ltr'>remis</span> <span class='ocrx_word' id='word_1_333' title='bbox 2696 1029 2772 1079; x_wconf 87' lang='lat' dir='ltr'>in-</span> 
     </span>
     <span class='ocr_line' id='line_1_61' title="bbox 1718 1105 2772 1169; baseline 0.004 -18"><span class='ocrx_word' id='word_1_334' title='bbox 1718 1105 1957 1167; x_wconf 86' lang='lat' dir='ltr'>surgere’</span> <span class='ocrx_word' id='word_1_335' title='bbox 1990 1106 2249 1158; x_wconf 88' lang='lat' dir='ltr'>dicuntur.</span> <span class='ocrx_word' id='word_1_336' title='bbox 2317 1107 2502 1169; x_wconf 81' lang='lat' dir='ltr'>virgil.</span> <span class='ocrx_word' id='word_1_337' title='bbox 2534 1108 2649 1156; x_wconf 79' lang='lat' dir='ltr'>AEn.</span> <span class='ocrx_word' id='word_1_338' title='bbox 2681 1119 2772 1156; x_wconf 83' lang='grc' dir='ltr'>ιιι.</span> 
     </span>
     <span class='ocr_line' id='line_1_62' title="bbox 1718 1181 2775 1246; baseline 0.004 -18"><span class='ocrx_word' id='word_1_339' title='bbox 1718 1184 1832 1230; x_wconf 80' lang='grc'><strong>207.</strong></span> <span class='ocrx_word' id='word_1_340' title='bbox 1864 1189 1877 1209; x_wconf 81' lang='grc'>·</span> <span class='ocrx_word' id='word_1_341' title='bbox 1897 1181 2070 1230; x_wconf 86' lang='lat' dir='ltr'>Remis</span> <span class='ocrx_word' id='word_1_342' title='bbox 2096 1182 2431 1246; x_wconf 83' lang='lat' dir='ltr'>insurgimus;</span> <span class='ocrx_word' id='word_1_343' title='bbox 2465 1182 2604 1231; x_wconf 86' lang='lat' dir='ltr'>baud</span> <span class='ocrx_word' id='word_1_344' title='bbox 2625 1196 2775 1246; x_wconf 86' lang='lat' dir='ltr'>mora,</span> 
     </span>
     <span class='ocr_line' id='line_1_63' title="bbox 1719 1257 2773 1322; baseline 0.005 -18"><span class='ocrx_word' id='word_1_345' title='bbox 1719 1264 1890 1307; x_wconf 71' lang='lat' dir='ltr'>nautas</span> <span class='ocrx_word' id='word_1_346' title='bbox 1916 1257 2105 1307; x_wconf 84' lang='lat' dir='ltr'>Adnixi</span> <span class='ocrx_word' id='word_1_347' title='bbox 2131 1267 2371 1322; x_wconf 87' lang='lat' dir='ltr'>torquent</span> <span class='ocrx_word' id='word_1_348' title='bbox 2394 1257 2641 1321; x_wconf 54' lang='lat' dir='ltr'>spumas)</span> <span class='ocrx_word' id='word_1_349' title='bbox 2702 1259 2773 1309; x_wconf 82' lang='lat' dir='ltr'>Et</span> 
     </span>
     <span class='ocr_line' id='line_1_64' title="bbox 1719 1334 2772 1400; baseline 0.002 -18"><span class='ocrx_word' id='word_1_350' title='bbox 1719 1347 1793 1382; x_wconf 81' lang='lat' dir='ltr'>vs.</span> <span class='ocrx_word' id='word_1_351' title='bbox 1815 1338 1928 1384; x_wconf 83' lang='lat'>560.</span> <span class='ocrx_word' id='word_1_352' title='bbox 1964 1340 1978 1362; x_wconf 86' lang='lat'><em>‘</em></span> <span class='ocrx_word' id='word_1_353' title='bbox 2003 1335 2226 1398; x_wconf 84' lang='lat' dir='ltr'>Eripite,</span> <span class='ocrx_word' id='word_1_354' title='bbox 2245 1348 2277 1384; x_wconf 87' lang='lat' dir='ltr'>o</span> <span class='ocrx_word' id='word_1_355' title='bbox 2307 1334 2455 1395; x_wconf 91' lang='lat' dir='ltr'>socii,</span> <span class='ocrx_word' id='word_1_356' title='bbox 2476 1334 2772 1400; x_wconf 75' lang='lat' dir='ltr'>pariterque</span> 
     </span>
     <span class='ocr_line' id='line_1_65' title="bbox 1718 1410 2772 1473; baseline 0.002 -14"><span class='ocrx_word' id='word_1_357' title='bbox 1718 1410 1966 1473; x_wconf 82' lang='lat' dir='ltr'>insurgite</span> <span class='ocrx_word' id='word_1_358' title='bbox 1992 1410 2179 1461; x_wconf 86' lang='lat' dir='ltr'>remis.&#39;</span> <span class='ocrx_word' id='word_1_359' title='bbox 2244 1412 2311 1461; x_wconf 88' lang='lat' dir='ltr'>Et</span> <span class='ocrx_word' id='word_1_360' title='bbox 2336 1425 2392 1460; x_wconf 83' lang='lat' dir='ltr'>v·</span> <span class='ocrx_word' id='word_1_361' title='bbox 2411 1416 2526 1461; x_wconf 79' lang='lat'>189.</span> <span class='ocrx_word' id='word_1_362' title='bbox 2559 1414 2576 1440; x_wconf 89' lang='lat'>‘</span> <span class='ocrx_word' id='word_1_363' title='bbox 2605 1411 2772 1468; x_wconf 83' lang='lat' dir='ltr'>Nune,</span> 
     </span>
     <span class='ocr_line' id='line_1_66' title="bbox 1718 1487 2773 1550; baseline 0.003 -16"><span class='ocrx_word' id='word_1_364' title='bbox 1718 1501 1851 1537; x_wconf 88' lang='lat' dir='ltr'>nuuc</span> <span class='ocrx_word' id='word_1_365' title='bbox 1875 1488 2124 1550; x_wconf 86' lang='lat' dir='ltr'>insurgite</span> <span class='ocrx_word' id='word_1_366' title='bbox 2148 1489 2317 1546; x_wconf 85' lang='lat' dir='ltr'>remis,</span> <span class='ocrx_word' id='word_1_367' title='bbox 2338 1488 2597 1538; x_wconf 83' lang='lat' dir='ltr'>Hectorei</span> <span class='ocrx_word' id='word_1_368' title='bbox 2620 1487 2773 1538; x_wconf 74' lang='lat' dir='ltr'>socii-⁹</span> 
     </span>
     <span class='ocr_line' id='line_1_67' title="bbox 1718 1563 2772 1627; baseline 0 -13"><span class='ocrx_word' id='word_1_369' title='bbox 1718 1565 1847 1614; x_wconf 89' lang='lat' dir='ltr'>Cum</span> <span class='ocrx_word' id='word_1_370' title='bbox 1870 1566 2004 1614; x_wconf 87' lang='lat' dir='ltr'>enim</span> <span class='ocrx_word' id='word_1_371' title='bbox 2029 1574 2231 1615; x_wconf 77' lang='lat' dir='ltr'>veteres</span> <span class='ocrx_word' id='word_1_372' title='bbox 2254 1563 2545 1627; x_wconf 80' lang='lat' dir='ltr'>significare</span> <span class='ocrx_word' id='word_1_373' title='bbox 2564 1566 2772 1623; x_wconf 79' lang='lat' dir='ltr'>vellent,</span> 
     </span>
     <span class='ocr_line' id='line_1_68' title="bbox 1716 1642 2772 1707; baseline 0.001 -16"><span class='ocrx_word' id='word_1_374' title='bbox 1716 1643 1851 1691; x_wconf 87' lang='lat' dir='ltr'>omni</span> <span class='ocrx_word' id='word_1_375' title='bbox 1907 1645 2242 1692; x_wconf 87' lang='lat' dir='ltr'>contentione</span> <span class='ocrx_word' id='word_1_376' title='bbox 2295 1642 2526 1707; x_wconf 87' lang='lat' dir='ltr'>totisque</span> <span class='ocrx_word' id='word_1_377' title='bbox 2581 1642 2772 1692; x_wconf 77' lang='lat' dir='ltr'>viribus</span> 
     </span>
     <span class='ocr_line' id='line_1_69' title="bbox 1716 1719 2776 1784; baseline 0.003 -16"><span class='ocrx_word' id='word_1_378' title='bbox 1716 1734 1844 1781; x_wconf 86' lang='lat' dir='ltr'>opus</span> <span class='ocrx_word' id='word_1_379' title='bbox 1865 1733 1998 1782; x_wconf 87' lang='lat' dir='ltr'>esse,</span> <span class='ocrx_word' id='word_1_380' title='bbox 2021 1728 2036 1750; x_wconf 83' lang='lat'><em>‘</em></span> <span class='ocrx_word' id='word_1_381' title='bbox 2052 1719 2188 1769; x_wconf 88' lang='lat' dir='ltr'>omni</span> <span class='ocrx_word' id='word_1_382' title='bbox 2209 1719 2338 1784; x_wconf 87' lang='lat' dir='ltr'>pede</span> <span class='ocrx_word' id='word_1_383' title='bbox 2361 1721 2605 1770; x_wconf 83' lang='lat' dir='ltr'>standum</span> <span class='ocrx_word' id='word_1_384' title='bbox 2628 1720 2776 1777; x_wconf 82' lang='lat' dir='ltr'>esse.’</span> 
     </span>
     <span class='ocr_line' id='line_1_70' title="bbox 1716 1796 2772 1860; baseline 0.004 -17"><span class='ocrx_word' id='word_1_385' title='bbox 1716 1797 2054 1858; x_wconf 85' lang='lat' dir='ltr'>agricolarum</span> <span class='ocrx_word' id='word_1_386' title='bbox 2074 1796 2344 1860; x_wconf 83' lang='lat' dir='ltr'>proverbio</span> <span class='ocrx_word' id='word_1_387' title='bbox 2359 1796 2626 1855; x_wconf 78' lang='lat' dir='ltr'>dixerunt,</span> <span class='ocrx_word' id='word_1_388' title='bbox 2639 1804 2772 1847; x_wconf 78' lang='lat' dir='ltr'>teste</span> 
     </span>
     <span class='ocr_line' id='line_1_71' title="bbox 1717 1872 2770 1925; baseline 0 -3"><span class='ocrx_word' id='word_1_389' title='bbox 1717 1873 1967 1923; x_wconf 84' lang='lat' dir='ltr'>Quinctil.</span> <span class='ocrx_word' id='word_1_390' title='bbox 2002 1888 2108 1924; x_wconf 70' lang='grc' dir='ltr'>ιιι.</span> <span class='ocrx_word' id='word_1_391' title='bbox 2133 1879 2182 1925; x_wconf 82' lang='grc'><strong>9.</strong></span> <span class='ocrx_word' id='word_1_392' title='bbox 2246 1874 2386 1924; x_wconf 82' lang='lat' dir='ltr'>Hinc</span> <span class='ocrx_word' id='word_1_393' title='bbox 2419 1872 2770 1924; x_wconf 79' lang='lat' dir='ltr'>Arntzenius:</span> 
     </span>
     <span class='ocr_line' id='line_1_72' title="bbox 1715 1949 2771 2015; baseline 0.003 -18"><span class='ocrx_word' id='word_1_394' title='bbox 1715 1951 1731 1976; x_wconf 89' lang='lat'>‘</span> <span class='ocrx_word' id='word_1_395' title='bbox 1753 1950 2101 2014; x_wconf 82' lang='lat' dir='ltr'>Respublica,&#39;</span> <span class='ocrx_word' id='word_1_396' title='bbox 2123 1952 2311 2015; x_wconf 86' lang='lat' dir='ltr'>inquit,</span> <span class='ocrx_word' id='word_1_397' title='bbox 2331 1950 2347 1976; x_wconf 92' lang='lat'>‘</span> <span class='ocrx_word' id='word_1_398' title='bbox 2363 1949 2475 1999; x_wconf 80' lang='lat' dir='ltr'>fere</span> <span class='ocrx_word' id='word_1_399' title='bbox 2498 1950 2618 2000; x_wconf 79' lang='lat' dir='ltr'>navi</span> <span class='ocrx_word' id='word_1_400' title='bbox 2638 1965 2771 2000; x_wconf 80' lang='lat' dir='ltr'>eom·</span> 
     </span>
     <span class='ocr_line' id='line_1_73' title="bbox 1716 2026 2770 2091; baseline -0.001 -15"><span class='ocrx_word' id='word_1_401' title='bbox 1716 2036 1947 2091; x_wconf 87' lang='lat' dir='ltr'>paratur,</span> <span class='ocrx_word' id='word_1_402' title='bbox 1988 2030 2050 2076; x_wconf 88' lang='lat' dir='ltr'>ad</span> <span class='ocrx_word' id='word_1_403' title='bbox 2091 2029 2235 2091; x_wconf 84' lang='lat' dir='ltr'>cujus</span> <span class='ocrx_word' id='word_1_404' title='bbox 2272 2026 2770 2077; x_wconf 81' lang='lat' dir='ltr'>administrationem</span> 
     </span>
     <span class='ocr_line' id='line_1_74' title="bbox 1713 2103 2768 2168; baseline 0 -15"><span class='ocrx_word' id='word_1_405' title='bbox 1713 2104 1798 2168; x_wconf 88' lang='lat' dir='ltr'>qui</span> <span class='ocrx_word' id='word_1_406' title='bbox 1830 2105 2031 2154; x_wconf 86' lang='lat' dir='ltr'>admissi</span> <span class='ocrx_word' id='word_1_407' title='bbox 2057 2116 2194 2168; x_wconf 88' lang='lat' dir='ltr'>sunt,</span> <span class='ocrx_word' id='word_1_408' title='bbox 2220 2113 2364 2154; x_wconf 86' lang='lat' dir='ltr'>recte</span> <span class='ocrx_word' id='word_1_409' title='bbox 2385 2104 2639 2166; x_wconf 66' lang='lat' dir='ltr'>iamgere</span> <span class='ocrx_word' id='word_1_410' title='bbox 2666 2103 2768 2153; x_wconf 85' lang='lat' dir='ltr'>dici</span> 
     </span>
     <span class='ocr_line' id='line_1_75' title="bbox 1714 2180 2772 2245; baseline 0.002 -15"><span class='ocrx_word' id='word_1_411' title='bbox 1714 2190 1946 2244; x_wconf 88' lang='lat' dir='ltr'>possunt,</span> <span class='ocrx_word' id='word_1_412' title='bbox 1958 2183 1999 2231; x_wconf 89' lang='lat' dir='ltr'>si</span> <span class='ocrx_word' id='word_1_413' title='bbox 2014 2180 2313 2245; x_wconf 83' lang='lat' dir='ltr'>diligentem</span> <span class='ocrx_word' id='word_1_414' title='bbox 2327 2195 2537 2245; x_wconf 86' lang='lat' dir='ltr'>operam</span> <span class='ocrx_word' id='word_1_415' title='bbox 2552 2181 2772 2232; x_wconf 56' lang='lat' dir='ltr'>navant?</span> 
     </span>
     <span class='ocr_line' id='line_1_76' title="bbox 1712 2258 2768 2322; baseline 0.003 -17"><span class='ocrx_word' id='word_1_416' title='bbox 1712 2258 1821 2307; x_wconf 89' lang='lat' dir='ltr'>Cic.</span> <span class='ocrx_word' id='word_1_417' title='bbox 1854 2272 1947 2320; x_wconf 88' lang='lat' dir='ltr'>pro</span> <span class='ocrx_word' id='word_1_418' title='bbox 1983 2259 2181 2314; x_wconf 83' lang='lat' dir='ltr'>Sextio,</span> <span class='ocrx_word' id='word_1_419' title='bbox 2204 2272 2253 2306; x_wconf 88' lang='lat' dir='ltr'>c.</span> <span class='ocrx_word' id='word_1_420' title='bbox 2276 2261 2358 2306; x_wconf 76' lang='lat'>20.</span> <span class='ocrx_word' id='word_1_421' title='bbox 2377 2263 2432 2306; x_wconf 89' lang='lat' dir='ltr'>et</span> <span class='ocrx_word' id='word_1_422' title='bbox 2465 2273 2565 2322; x_wconf 89' lang='lat' dir='ltr'>pro</span> <span class='ocrx_word' id='word_1_423' title='bbox 2595 2259 2768 2308; x_wconf 87' lang='lat' dir='ltr'>Domo</span> 
     </span>
     <span class='ocr_line' id='line_1_77' title="bbox 1711 2333 2766 2391; baseline 0.004 -9"><span class='ocrx_word' id='word_1_424' title='bbox 1711 2348 1822 2391; x_wconf 88' lang='lat' dir='ltr'>sua,</span> <span class='ocrx_word' id='word_1_425' title='bbox 1844 2349 1891 2383; x_wconf 89' lang='lat' dir='ltr'>c.</span> <span class='ocrx_word' id='word_1_426' title='bbox 1916 2338 1993 2383; x_wconf 90' lang='grc'><strong>10.</strong></span> <span class='ocrx_word' id='word_1_427' title='bbox 2013 2338 2110 2383; x_wconf 80' lang='lat' dir='ltr'>&amp;c.</span> <span class='ocrx_word' id='word_1_428' title='bbox 2177 2335 2245 2383; x_wconf 83' lang='lat' dir='ltr'>Et</span> <span class='ocrx_word' id='word_1_429' title='bbox 2275 2335 2348 2383; x_wconf 87' lang='lat' dir='ltr'>sie</span> <span class='ocrx_word' id='word_1_430' title='bbox 2378 2333 2649 2385; x_wconf 84' lang='lat' dir='ltr'>Gesnerus</span> <span class='ocrx_word' id='word_1_431' title='bbox 2680 2349 2766 2385; x_wconf 86' lang='lat' dir='ltr'>no·</span> 
     </span>
     <span class='ocr_line' id='line_1_78' title="bbox 1713 2410 2765 2477; baseline 0.003 -17"><span class='ocrx_word' id='word_1_432' title='bbox 1713 2416 1810 2470; x_wconf 85' lang='lat' dir='ltr'>tat,</span> <span class='ocrx_word' id='word_1_433' title='bbox 1817 2411 2057 2474; x_wconf 88' lang='lat' dir='ltr'>junctum</span> <span class='ocrx_word' id='word_1_434' title='bbox 2073 2410 2167 2461; x_wconf 87' lang='lat' dir='ltr'>boc</span> <span class='ocrx_word' id='word_1_435' title='bbox 2182 2411 2390 2461; x_wconf 83' lang='lat' dir='ltr'>verbum</span> <span class='ocrx_word' id='word_1_436' title='bbox 2404 2411 2602 2474; x_wconf 83' lang='lat' dir='ltr'>dativo,</span> <span class='ocrx_word' id='word_1_437' title='bbox 2616 2414 2633 2440; x_wconf 90' lang='lat'>‘</span> <span class='ocrx_word' id='word_1_438' title='bbox 2644 2413 2765 2477; x_wconf 88' lang='lat' dir='ltr'>pnb·</span> 
     </span>
     <span class='ocr_line' id='line_1_79' title="bbox 1712 2487 2768 2554; baseline 0.003 -18"><span class='ocrx_word' id='word_1_439' title='bbox 1712 2487 1824 2536; x_wconf 88' lang='lat' dir='ltr'>licis</span> <span class='ocrx_word' id='word_1_440' title='bbox 1849 2487 2199 2547; x_wconf 88' lang='lat' dir='ltr'>utilitatibus,&#39;</span> <span class='ocrx_word' id='word_1_441' title='bbox 2218 2488 2344 2536; x_wconf 83' lang='lat' dir='ltr'>sumi</span> <span class='ocrx_word' id='word_1_442' title='bbox 2369 2503 2434 2537; x_wconf 89' lang='lat' dir='ltr'>ea</span> <span class='ocrx_word' id='word_1_443' title='bbox 2450 2490 2768 2554; x_wconf 78' lang='lat' dir='ltr'>metaphora.</span> 
     </span>
     <span class='ocr_line' id='line_1_80' title="bbox 1709 2564 2764 2629; baseline 0.004 -18"><span class='ocrx_word' id='word_1_444' title='bbox 1709 2579 1823 2629; x_wconf 76' lang='lat' dir='ltr'>qnoe</span> <span class='ocrx_word' id='word_1_445' title='bbox 1859 2564 2169 2627; x_wconf 87' lang='lat' dir='ltr'>respondeat</span> <span class='ocrx_word' id='word_1_446' title='bbox 2202 2566 2419 2628; x_wconf 65' lang='lat' dir='ltr'>proprie</span> <span class='ocrx_word' id='word_1_447' title='bbox 2448 2566 2687 2622; x_wconf 85' lang='lat' dir='ltr'>dictioni,</span> <span class='ocrx_word' id='word_1_448' title='bbox 2706 2575 2764 2616; x_wconf 86' lang='lat' dir='ltr'>nt</span> 
     </span>
     <span class='ocr_line' id='line_1_81' title="bbox 1709 2641 2762 2704; baseline 0.004 -15"><span class='ocrx_word' id='word_1_449' title='bbox 1709 2641 1847 2691; x_wconf 86' lang='lat' dir='ltr'>illam</span> <span class='ocrx_word' id='word_1_450' title='bbox 1871 2642 2041 2703; x_wconf 89' lang='lat' dir='ltr'>posuit</span> <span class='ocrx_word' id='word_1_451' title='bbox 2066 2641 2250 2704; x_wconf 86' lang='lat' dir='ltr'>Virgil.</span> <span class='ocrx_word' id='word_1_452' title='bbox 2275 2641 2386 2691; x_wconf 77' lang='lat' dir='ltr'>AEn.</span> <span class='ocrx_word' id='word_1_453' title='bbox 2413 2654 2467 2690; x_wconf 80' lang='lat' dir='ltr'>v.</span> <span class='ocrx_word' id='word_1_454' title='bbox 2486 2646 2600 2692; x_wconf 76' lang='lat'>18⁹.</span> <span class='ocrx_word' id='word_1_455' title='bbox 2653 2643 2762 2693; x_wconf 78' lang='lat' dir='ltr'>Hoc</span> 
     </span>
     <span class='ocr_line' id='line_1_82' title="bbox 1708 2716 2760 2780; baseline 0.006 -15"><span class='ocrx_word' id='word_1_456' title='bbox 1708 2731 1864 2765; x_wconf 88' lang='lat' dir='ltr'>unum</span> <span class='ocrx_word' id='word_1_457' title='bbox 1900 2716 2068 2766; x_wconf 84' lang='lat' dir='ltr'>adhuc</span> <span class='ocrx_word' id='word_1_458' title='bbox 2104 2716 2260 2780; x_wconf 88' lang='lat' dir='ltr'>addo,</span> <span class='ocrx_word' id='word_1_459' title='bbox 2294 2716 2541 2768; x_wconf 77' lang='lat' dir='ltr'>Ovidium</span> <span class='ocrx_word' id='word_1_460' title='bbox 2579 2720 2760 2771; x_wconf 77' lang='lat' dir='ltr'>eodem</span> 
     </span>
     <span class='ocr_line' id='line_1_83' title="bbox 1708 2794 2765 2861; baseline 0.005 -19"><span class='ocrx_word' id='word_1_461' title='bbox 1708 2807 1858 2842; x_wconf 88' lang='lat' dir='ltr'>seusu</span> <span class='ocrx_word' id='word_1_462' title='bbox 1887 2809 2031 2843; x_wconf 90' lang='lat' dir='ltr'>usum</span> <span class='ocrx_word' id='word_1_463' title='bbox 2064 2809 2175 2843; x_wconf 87' lang='lat' dir='ltr'>esse</span> <span class='ocrx_word' id='word_1_464' title='bbox 2196 2794 2353 2844; x_wconf 79' lang='lat' dir='ltr'>verbo</span> <span class='ocrx_word' id='word_1_465' title='bbox 2373 2797 2389 2822; x_wconf 79' lang='lat'>⁸</span> <span class='ocrx_word' id='word_1_466' title='bbox 2414 2795 2765 2861; x_wconf 82' lang='lat' dir='ltr'>consurgere.’</span> 
     </span>
     <span class='ocr_line' id='line_1_84' title="bbox 1706 2870 2763 2934; baseline 0.007 -15"><span class='ocrx_word' id='word_1_467' title='bbox 1706 2870 1864 2920; x_wconf 87' lang='lat' dir='ltr'>Trist.</span> <span class='ocrx_word' id='word_1_468' title='bbox 1889 2883 1965 2919; x_wconf 84' lang='lat' dir='ltr'>rv.</span> <span class='ocrx_word' id='word_1_469' title='bbox 1988 2874 2034 2919; x_wconf 76' lang='grc'><strong>3.</strong></span> <span class='ocrx_word' id='word_1_470' title='bbox 2058 2874 2139 2920; x_wconf 82' lang='lat'>⁷1.</span> <span class='ocrx_word' id='word_1_471' title='bbox 2175 2878 2189 2899; x_wconf 82' lang='lat'><strong><em>⁴</em></strong></span> <span class='ocrx_word' id='word_1_472' title='bbox 2207 2870 2311 2921; x_wconf 86' lang='lat' dir='ltr'>Sed</span> <span class='ocrx_word' id='word_1_473' title='bbox 2336 2873 2499 2934; x_wconf 87' lang='lat' dir='ltr'>magis</span> <span class='ocrx_word' id='word_1_474' title='bbox 2527 2874 2581 2923; x_wconf 90' lang='lat' dir='ltr'>in</span> <span class='ocrx_word' id='word_1_475' title='bbox 2604 2874 2763 2926; x_wconf 79' lang='lat' dir='ltr'>nostri</span> 
     </span>
     <span class='ocr_line' id='line_1_85' title="bbox 1707 2946 2763 3008; baseline 0.007 -13"><span class='ocrx_word' id='word_1_476' title='bbox 1707 2959 1882 2995; x_wconf 86' lang='lat' dir='ltr'>curam</span> <span class='ocrx_word' id='word_1_477' title='bbox 1916 2960 2165 3008; x_wconf 88' lang='lat' dir='ltr'>consurge</span> <span class='ocrx_word' id='word_1_478' title='bbox 2200 2946 2417 3003; x_wconf 83' lang='lat' dir='ltr'>tuendi.&#39;</span> <span class='ocrx_word' id='word_1_479' title='bbox 2445 2950 2481 2998; x_wconf 91' lang='lat' dir='ltr'>i.</span> <span class='ocrx_word' id='word_1_480' title='bbox 2504 2964 2553 2999; x_wconf 84' lang='lat' dir='ltr'>e.</span> <span class='ocrx_word' id='word_1_481' title='bbox 2590 2964 2763 3001; x_wconf 80' lang='lat' dir='ltr'>acrem</span> 
     </span>
     <span class='ocr_line' id='line_1_86' title="bbox 1705 3022 2760 3087; baseline 0.004 -15"><span class='ocrx_word' id='word_1_482' title='bbox 1705 3035 1917 3086; x_wconf 83' lang='lat' dir='ltr'>operam</span> <span class='ocrx_word' id='word_1_483' title='bbox 1951 3022 2212 3087; x_wconf 89' lang='lat' dir='ltr'>impende,</span> <span class='ocrx_word' id='word_1_484' title='bbox 2241 3031 2300 3073; x_wconf 89' lang='lat' dir='ltr'>nt</span> <span class='ocrx_word' id='word_1_485' title='bbox 2333 3038 2415 3074; x_wconf 86' lang='lat' dir='ltr'>me</span> <span class='ocrx_word' id='word_1_486' title='bbox 2449 3028 2668 3078; x_wconf 85' lang='lat' dir='ltr'>tuearis.</span> <span class='ocrx_word' id='word_1_487' title='bbox 2712 3027 2760 3076; x_wconf 84' lang='lat'>1·</span> 
     </span>
     <span class='ocr_line' id='line_1_87' title="bbox 1705 3104 1825 3152; baseline 0.008 -1"><span class='ocrx_word' id='word_1_488' title='bbox 1705 3104 1825 3152; x_wconf 78' lang='lat' dir='ltr'>dem·</span> 
     </span>
    </p>

    <p class='ocr_par' dir='ltr' id='par_1_11' title="bbox 1701 3176 2765 3539">
     <span class='ocr_line' id='line_1_88' title="bbox 1771 3176 2763 3242; baseline 0.012 -20"><span class='ocrx_word' id='word_1_489' title='bbox 1771 3177 2051 3242; x_wconf 73' lang='lat' dir='ltr'>[mv-gere]</span> <span class='ocrx_word' id='word_1_490' title='bbox 2092 3176 2340 3240; x_wconf 76' lang='lat' dir='ltr'>Virgilius</span> <span class='ocrx_word' id='word_1_491' title='bbox 2361 3178 2476 3228; x_wconf 80' lang='lat' dir='ltr'>AEn.</span> <span class='ocrx_word' id='word_1_492' title='bbox 2498 3195 2553 3230; x_wconf 68' lang='grc' dir='ltr'><strong>ν.</strong></span> <span class='ocrx_word' id='word_1_493' title='bbox 2588 3183 2607 3211; x_wconf 79' lang='lat'>⁸</span> <span class='ocrx_word' id='word_1_494' title='bbox 2630 3192 2763 3234; x_wconf 81' lang='lat' dir='ltr'>nnnc</span> 
     </span>
     <span class='ocr_line' id='line_1_89' title="bbox 1705 3255 2765 3318; baseline 0.008 -15"><span class='ocrx_word' id='word_1_495' title='bbox 1705 3269 1840 3305; x_wconf 88' lang='lat' dir='ltr'>nunc</span> <span class='ocrx_word' id='word_1_496' title='bbox 1864 3257 2114 3318; x_wconf 86' lang='lat' dir='ltr'>insurgite</span> <span class='ocrx_word' id='word_1_497' title='bbox 2138 3255 2307 3315; x_wconf 83' lang='lat' dir='ltr'>remis,</span> <span class='ocrx_word' id='word_1_498' title='bbox 2325 3256 2583 3307; x_wconf 85' lang='lat' dir='ltr'>Hectorei</span> <span class='ocrx_word' id='word_1_499' title='bbox 2607 3260 2765 3311; x_wconf 63' lang='lat' dir='ltr'>socii?</span> 
     </span>
     <span class='ocr_line' id='line_1_90' title="bbox 1703 3334 2756 3399; baseline -0.003 -14"><span class='ocrx_word' id='word_1_500' title='bbox 1703 3336 1850 3399; x_wconf 85' lang='lat' dir='ltr'>Mox,</span> <span class='ocrx_word' id='word_1_501' title='bbox 1882 3343 1896 3365; x_wconf 85' lang='lat'><em>‘</em></span> <span class='ocrx_word' id='word_1_502' title='bbox 1916 3335 2214 3399; x_wconf 86' lang='lat' dir='ltr'>Principum</span> <span class='ocrx_word' id='word_1_503' title='bbox 2239 3334 2478 3391; x_wconf 87' lang='lat' dir='ltr'>illorum,’</span> <span class='ocrx_word' id='word_1_504' title='bbox 2504 3340 2608 3387; x_wconf 66' lang='lat' dir='ltr'>dcc.</span> <span class='ocrx_word' id='word_1_505' title='bbox 2671 3340 2756 3389; x_wconf 74' lang='lat' dir='ltr'>Ti.</span> 
     </span>
     <span class='ocr_line' id='line_1_91' title="bbox 1703 3411 2761 3481; baseline 0.005 -20"><span class='ocrx_word' id='word_1_506' title='bbox 1703 3411 1897 3461; x_wconf 79' lang='lat' dir='ltr'>betium</span> <span class='ocrx_word' id='word_1_507' title='bbox 1922 3420 1977 3461; x_wconf 89' lang='lat' dir='ltr'>et</span> <span class='ocrx_word' id='word_1_508' title='bbox 2000 3413 2356 3463; x_wconf 87' lang='lat' dir='ltr'>Domitianum</span> <span class='ocrx_word' id='word_1_509' title='bbox 2392 3411 2616 3473; x_wconf 85' lang='lat' dir='ltr'>indicat,</span> <span class='ocrx_word' id='word_1_510' title='bbox 2650 3416 2761 3481; x_wconf 89' lang='lat' dir='ltr'>opi-</span> 
     </span>
     <span class='ocr_line' id='line_1_92' title="bbox 1701 3490 2016 3539; baseline -0.003 0"><span class='ocrx_word' id='word_1_511' title='bbox 1701 3504 1813 3539; x_wconf 87' lang='lat' dir='ltr'>nor.</span> <span class='ocrx_word' id='word_1_512' title='bbox 1850 3490 2016 3538; x_wconf 74' lang='lat' dir='ltr'>Livia.</span> 
     </span>
    </p>

    <p class='ocr_par' dir='ltr' id='par_1_12' title="bbox 1697 3564 2763 3710">
     <span class='ocr_line' id='line_1_93' title="bbox 1765 3564 2763 3628; baseline 0.005 -11"><span class='ocrx_word' id='word_1_513' title='bbox 1765 3564 2039 3628; x_wconf 67' lang='lat' dir='ltr'>lum-gere]</span> <span class='ocrx_word' id='word_1_514' title='bbox 2086 3565 2282 3615; x_wconf 79' lang='lat' dir='ltr'>Animis</span> <span class='ocrx_word' id='word_1_515' title='bbox 2317 3566 2510 3617; x_wconf 86' lang='lat' dir='ltr'>iterum</span> <span class='ocrx_word' id='word_1_516' title='bbox 2551 3570 2763 3627; x_wconf 80' lang='lat' dir='ltr'>erectis.</span> 
     </span>
     <span class='ocr_line' id='line_1_94' title="bbox 1697 3643 2618 3710; baseline 0.003 -16"><span class='ocrx_word' id='word_1_517' title='bbox 1697 3659 1823 3709; x_wconf 85' lang='lat' dir='ltr'>quos</span> <span class='ocrx_word' id='word_1_518' title='bbox 1847 3643 2067 3692; x_wconf 83' lang='lat' dir='ltr'>servitus</span> <span class='ocrx_word' id='word_1_519' title='bbox 2088 3644 2439 3706; x_wconf 78' lang='lat' dir='ltr'>depresserat.</span> <span class='ocrx_word' id='word_1_520' title='bbox 2474 3645 2618 3710; x_wconf 74' lang='lat' dir='ltr'>Lipa.</span> 
     </span>
    </p>

    <p class='ocr_par' dir='ltr' id='par_1_13' title="bbox 1698 3718 2758 3849">
     <span class='ocr_line' id='line_1_95' title="bbox 1767 3718 2758 3786; baseline 0.005 -17"><span class='ocrx_word' id='word_1_521' title='bbox 1767 3718 1964 3781; x_wconf 73' lang='lat' dir='ltr'>Omnes]</span> <span class='ocrx_word' id='word_1_522' title='bbox 2001 3719 2146 3769; x_wconf 88' lang='lat' dir='ltr'>Nero</span> <span class='ocrx_word' id='word_1_523' title='bbox 2178 3718 2353 3782; x_wconf 83' lang='lat' dir='ltr'>etiam,</span> <span class='ocrx_word' id='word_1_524' title='bbox 2377 3719 2446 3769; x_wconf 84' lang='lat' dir='ltr'>de</span> <span class='ocrx_word' id='word_1_525' title='bbox 2477 3736 2584 3786; x_wconf 88' lang='lat' dir='ltr'>quo</span> <span class='ocrx_word' id='word_1_526' title='bbox 2613 3723 2758 3774; x_wconf 81' lang='lat' dir='ltr'>Taci-</span> 
     </span>
     <span class='ocr_line' id='line_1_96' title="bbox 1698 3795 2504 3849; baseline -0.001 -1"><span class='ocrx_word' id='word_1_527' title='bbox 1698 3806 1781 3849; x_wconf 87' lang='lat' dir='ltr'>tus</span> <span class='ocrx_word' id='word_1_528' title='bbox 1801 3798 1947 3847; x_wconf 89' lang='lat' dir='ltr'>initio</span> <span class='ocrx_word' id='word_1_529' title='bbox 1968 3795 2161 3845; x_wconf 87' lang='lat' dir='ltr'>Annal.</span> <span class='ocrx_word' id='word_1_530' title='bbox 2182 3810 2313 3848; x_wconf 84' lang='lat' dir='ltr'>xm.</span> <span class='ocrx_word' id='word_1_531' title='bbox 2350 3797 2504 3847; x_wconf 69' lang='lat' dir='ltr'>Iden.</span> 
     </span>
    </p>

    <p class='ocr_par' dir='ltr' id='par_1_14' title="bbox 1694 3871 2759 4156">
     <span class='ocr_line' id='line_1_97' title="bbox 1767 3871 2757 3937; baseline 0.003 -13"><span class='ocrx_word' id='word_1_532' title='bbox 1767 3873 1961 3937; x_wconf 78' lang='lat' dir='ltr'>Omnes]</span> <span class='ocrx_word' id='word_1_533' title='bbox 1985 3871 2157 3922; x_wconf 87' lang='lat' dir='ltr'>Etiam</span> <span class='ocrx_word' id='word_1_534' title='bbox 2173 3872 2312 3934; x_wconf 87' lang='lat' dir='ltr'>mali,</span> <span class='ocrx_word' id='word_1_535' title='bbox 2326 3887 2391 3921; x_wconf 81' lang='lat' dir='ltr'>ex</span> <span class='ocrx_word' id='word_1_536' title='bbox 2408 3877 2757 3926; x_wconf 73' lang='lat' dir='ltr'>ostentatione</span> 
     </span>
     <span class='ocr_line' id='line_1_98' title="bbox 1698 3949 2758 4014; baseline 0.003 -14"><span class='ocrx_word' id='word_1_537' title='bbox 1698 3952 1938 4014; x_wconf 82' lang='lat' dir='ltr'>quadam,</span> <span class='ocrx_word' id='word_1_538' title='bbox 1954 3958 2008 3999; x_wconf 90' lang='lat' dir='ltr'>et</span> <span class='ocrx_word' id='word_1_539' title='bbox 2027 3949 2349 3999; x_wconf 87' lang='lat' dir='ltr'>simulatione</span> <span class='ocrx_word' id='word_1_540' title='bbox 2364 3950 2641 4001; x_wconf 84' lang='lat' dir='ltr'>bonitatis.</span> <span class='ocrx_word' id='word_1_541' title='bbox 2674 3953 2758 4003; x_wconf 71' lang='lat' dir='ltr'>Do</span> 
     </span>
     <span class='ocr_line' id='line_1_99' title="bbox 1694 4024 2759 4079; baseline 0.003 -3"><span class='ocrx_word' id='word_1_542' title='bbox 1694 4028 1908 4077; x_wconf 79' lang='lat' dir='ltr'>Tiberio</span> <span class='ocrx_word' id='word_1_543' title='bbox 1938 4027 2107 4077; x_wconf 81' lang='lat' dir='ltr'>Tacit.</span> <span class='ocrx_word' id='word_1_544' title='bbox 2143 4024 2335 4076; x_wconf 82' lang='lat' dir='ltr'>Annal·</span> <span class='ocrx_word' id='word_1_545' title='bbox 2365 4039 2408 4076; x_wconf 85' lang='lat'>1.</span> <span class='ocrx_word' id='word_1_546' title='bbox 2444 4027 2513 4076; x_wconf 90' lang='lat' dir='ltr'>de</span> <span class='ocrx_word' id='word_1_547' title='bbox 2548 4028 2759 4079; x_wconf 77' lang='lat' dir='ltr'>Nerone</span> 
     </span>
     <span class='ocr_line' id='line_1_100' title="bbox 1694 4103 2295 4156; baseline 0.005 -3"><span class='ocrx_word' id='word_1_548' title='bbox 1694 4103 1829 4154; x_wconf 88' lang='lat' dir='ltr'>idem</span> <span class='ocrx_word' id='word_1_549' title='bbox 1853 4106 1889 4154; x_wconf 92' lang='lat' dir='ltr'>l.</span> <span class='ocrx_word' id='word_1_550' title='bbox 1912 4118 2042 4155; x_wconf 84' lang='lat' dir='ltr'>xm.</span> <span class='ocrx_word' id='word_1_551' title='bbox 2075 4104 2295 4156; x_wconf 64' lang='lat' dir='ltr'>Pata-01.</span> 
     </span>
    </p>

    <p class='ocr_par' dir='ltr' id='par_1_15' title="bbox 1757 4182 2757 4247">
     <span class='ocr_line' id='line_1_101' title="bbox 1757 4182 2757 4247; baseline -0.001 -14"><span class='ocrx_word' id='word_1_552' title='bbox 1757 4185 1887 4233; x_wconf 72' lang='lat' dir='ltr'>Ante</span> <span class='ocrx_word' id='word_1_553' title='bbox 1915 4189 1961 4232; x_wconf 77' lang='lat' dir='ltr'>te</span> <span class='ocrx_word' id='word_1_554' title='bbox 1981 4182 2214 4232; x_wconf 68' lang='lat' dir='ltr'>creditam</span> <span class='ocrx_word' id='word_1_555' title='bbox 2234 4182 2329 4247; x_wconf 77' lang='lat' dir='ltr'>est]</span> <span class='ocrx_word' id='word_1_556' title='bbox 2361 4182 2426 4233; x_wconf 83' lang='lat' dir='ltr'>In</span> <span class='ocrx_word' id='word_1_557' title='bbox 2449 4183 2634 4235; x_wconf 79' lang='lat' dir='ltr'>codice</span> <span class='ocrx_word' id='word_1_558' title='bbox 2658 4182 2757 4233; x_wconf 82' lang='lat' dir='ltr'>Ve-</span> 
     </span>
    </p>
   </div>
   <div class='ocr_carea' id='block_1_9' title="bbox 1694 4259 2756 4327">
    <p class='ocr_par' dir='ltr' id='par_1_16' title="bbox 1694 4259 2756 4327">
     <span class='ocr_line' id='line_1_102' title="bbox 1694 4259 2756 4327; baseline 0.008 -17"><span class='ocrx_word' id='word_1_559' title='bbox 1694 4266 1819 4312; x_wconf 85' lang='lat' dir='ltr'>neto</span> <span class='ocrx_word' id='word_1_560' title='bbox 1866 4259 2343 4327; x_wconf 50' lang='lat' dir='ltr'>1.,Snlist›urgensi,</span> <span class='ocrx_word' id='word_1_561' title='bbox 2377 4266 2435 4313; x_wconf 85' lang='lat' dir='ltr'>et</span> <span class='ocrx_word' id='word_1_562' title='bbox 2478 4260 2756 4319; x_wconf 71' lang='lat' dir='ltr'>rat-vino.</span> 
     </span>
    </p>
   </div>
  </div>
 </body>
</html>
