3060 4902
536 334 668 402 688

540 497 695 553 cusis,
718 495 769 545 in
796 493 980 560 quibua
1014 492 1230 557 legimns
1254 509 1338 543 nec
1360 509 1481 543 unus
1501 509 1600 542 om-

537 575 685 624 nium.
710 588 852 635 nunc,
892 572 1002 635 quia
1034 573 1254 635 scriptus,
1293 572 1442 620 heres.
1529 570 1601 621 At

536 649 819 714 pleniorem
893 647 1251 711 verioremque
1323 647 1601 695 lectionem

541 726 741 774 restitui
763 740 791 773 e
810 724 990 773 codice
1009 738 1139 779 meo,
1158 733 1311 787 quam
1334 738 1466 772 ntinc
1481 737 1601 771 con·

535 801 744 849 firmant
763 801 919 849 etiarn
942 798 1532 859 Parisiensis,Venetus,
1547 804 1604 846 et

540 875 984 938 Salisburgensis3
1017 874 1299 923 secundum
1325 889 1476 938 quam
1503 876 1601 922 lec·

542 957 734 1004 tionem
762 952 965 1000 Plinius
991 951 1145 1011 dixit,
1167 951 1376 1012 Trajaui
1404 959 1603 1011 tempo·

539 1030 683 1079 ribus
722 1044 820 1075 non
860 1042 972 1075 esse
1004 1042 1157 1075 unum
1196 1026 1420 1074 omnium
1452 1024 1602 1073 here·

538 1107 677 1160 dem,
701 1106 787 1169 qui
821 1104 1045 1153 omnium
1078 1102 1400 1151 hereditates
1442 1102 1504 1150 ad
1548 1116 1603 1150 se

539 1195 726 1244 rapere
750 1182 960 1234 nitatur,
985 1179 1146 1242 qualia
1181 1178 1402 1225 antehac
1444 1177 1605 1226 fuerit

541 1259 755 1322 quisque
774 1258 1014 1320 princeps
1032 1253 1250 1310 avidior,
1274 1256 1361 1318 qui
1386 1268 1520 1303 nunc
1538 1268 1604 1303 ex

538 1351 601 1385 ea
624 1334 842 1394 ratione,
865 1335 983 1396 quia
1002 1332 1227 1394 scriptus
1252 1338 1605 1394 nuncupatus·

540 1426 637 1476 que
663 1409 826 1458 suerit
848 1412 1023 1469 heren
1056 1423 1191 1457 nunc
1218 1423 1283 1456 ex
1302 1423 1364 1456 eo
1381 1416 1607 1471 praetex·

542 1497 618 1549 tu,
636 1488 756 1552 quia
793 1502 894 1535 non
920 1487 1166 1548 scriptus,
1190 1485 1276 1533 sed
1303 1486 1365 1533 ab
1393 1485 1607 1546 ingratis

537 1567 590 1614 iu
615 1571 926 1614 testamento
951 1562 1106 1612 fuerit
1130 1562 1445 1624 praeteritus,
1472 1561 1607 1622 ejtts·

538 1640 677 1690 modi
707 1647 1091 1699 testamentum,
1116 1646 1356 1701 tanquam
1393 1634 1608 1685 inoffici·

542 1733 685 1767 osum
730 1723 785 1765 et
820 1717 1052 1777 impium,
1087 1728 1254 1776 poenae
1297 1713 1413 1762 loco
1451 1714 1607 1762 resci-

543 1795 700 1857 derit,
725 1793 1180 1853 hereditatemque
1210 1789 1336 1838 fisco
1377 1788 1607 1838 inferen-

538 1871 659 1919 dam
684 1869 946 1919 statuerit.
1013 1869 1145 1918 Quae
1174 1867 1407 1930 pluribus
1446 1882 1604 1930 expo·

538 1946 614 1994 sui
652 1946 703 1993 in
754 1946 967 1992 Excurs.
1006 1956 1159 1991 thv.
1227 1944 1394 1994 Quam
1431 1942 1605 1990 obser·

539 2022 800 2069 vationem
862 2034 1017 2083 quum
1083 2019 1303 2080 primum
1374 2017 1604 2072 ederem,

539 2098 832 2147 Heumann.
885 2096 1067 2143 Poecil.
1117 2101 1242 2143 tom.
1280 2108 1341 2141 ιι.
1377 2096 1427 2141 4.
1470 2094 1603 2141 hanc

1211 350 1427 400 ⁸01*AE
1477 347 1888 398 VAtuoRUM
1945 346 2026 397 IN

1747 493 1891 542 Nunc
1927 492 2042 554 quia
2078 489 2301 552 scriptus,
2343 504 2470 538 nunc
2502 488 2618 552 quia
2653 504 2748 539 ιιοιι

1676 568 1905 632 scriptus]
1956 569 2098 616 Nunc
2136 569 2247 629 quia
2287 569 2493 630 scriptus
2526 568 2663 616 heres
2695 567 2748 616 in

1677 654 1945 704 contextu,
1980 644 2070 692 sed
2119 645 2167 691 in
2215 646 2442 705 margine
2478 645 2750 707 nuuc-quia

1679 723 1904 783 scriptus,
1927 734 2052 768 nuuc
2071 721 2185 783 quia
2209 735 2301 767 nou
2323 721 2551 783 scriptus,
2576 719 2638 769 C.
2660 720 2750 769 La·-

1678 799 1777 847 vin.

1745 876 1850 923 Nec
1873 890 1991 924 unus
2007 874 2233 934 omnium,
2248 887 2370 921 nuuc
2386 873 2496 934 quia
2519 873 2749 938 scriptus,

1678 966 1801 999 nuuc
1818 952 1928 1014 quia
1950 966 2043 999 non
2071 951 2294 1013 scriptur,
2319 948 2478 1011 heres]
2501 949 2608 998 Nee
2628 965 2749 1000 unus

1677 1028 1883 1075 omnium
1918 1042 2061 1088 nunc,
2092 1028 2205 1089 quia
2233 1026 2437 1088 scriptur
2472 1025 2626 1089 lieres,
2659 1025 2750 1076 ob-

1679 1119 1850 1159 scura,
1888 1117 1982 1151 nec
2010 1104 2130 1151 mihi
2162 1111 2321 1152 recta.
2391 1100 2747 1159 Inflecto„nec

1678 1195 1798 1229 unus
1832 1181 2061 1241 omnium,
2093 1194 2331 1242 nunquam
2365 1179 2572 1240 scriptus
2597 1180 2750 1232 heres.

1679 1255 1853 1304 Acute
1888 1265 1943 1304 et
1985 1270 2125 1316 vere,
2155 1264 2242 1303 aut
2281 1252 2449 1303 fallor.
2514 1255 2636 1303 Non
2668 1264 2748 1316 tu,

1679 1332 1868 1396 inquit,
1892 1332 2115 1380 omnium
2140 1332 2289 1381 heres
2316 1345 2453 1379 nunc
2475 1346 2551 1391 ea,
2577 1339 2636 1380 nt
2660 1333 2745 1381 ille

1682 1408 2037 1468 Domitianus,
2078 1408 2163 1470 qui
2201 1405 2332 1455 salso
2364 1408 2516 1455 talem
2557 1421 2613 1455 ae
2656 1421 2746 1470 ge·

1681 1484 1831 1532 rebat
1871 1498 1966 1533 uec
2010 1485 2299 1547 cogitatum
2341 1498 2437 1532 nec
2470 1483 2744 1547 scriptum.

1682 1562 1815 1625 Lips.

1750 1638 1855 1687 Nec
1886 1652 2008 1686 unus
2030 1636 2256 1695 omnium,
2287 1651 2410 1684 nunc
2445 1637 2560 1699 quia
2592 1637 2747 1701 scrip·

1684 1720 1774 1770 tua,
1811 1730 1936 1763 nuuc
1955 1716 2065 1778 quia
2086 1729 2178 1763 non
2211 1715 2431 1776 scriptus,
2457 1714 2614 1776 heres]
2641 1716 2744 1763 Nee

1680 1808 1802 1841 uuus
1823 1795 2029 1840 omnium
2053 1806 2193 1848 nuuc,
2232 1792 2345 1853 quia
2368 1794 2573 1855 scriptur
2595 1792 2744 1844 heres.

1682 1869 1839 1919 Grut.
1923 1870 2228 1919 Divinarum
2273 1868 2471 1917 dudum
2516 1870 2745 1932 omniurn,

1679 1961 1914 2009 nunquam
1949 1947 2157 2009 scriptus
2178 1946 2331 2005 heres,
2362 1944 2498 2009 quod
2535 1960 2654 1994 cum
2689 1956 2745 1995 et

1680 2025 1855 2086 Lipsio
1881 2031 2052 2072 nostro
2078 2037 2273 2085 nupere
2298 2023 2502 2070 venerit
2524 2022 2576 2069 in
2603 2037 2743 2073 men·

1681 2109 1804 2156 tent,
1850 2115 1953 2149 non
1986 2108 2064 2150 est
2102 2114 2246 2159 sane,
2283 2099 2419 2162 quod
2461 2099 2527 2146 de
2558 2113 2624 2148 eo
2663 2115 2744 2148 me

541 2191 710 2224 meum
749 2172 1163 2221 emendntion‘m
1209 2171 1414 2219 vocavit
1447 2167 1605 2228 πάσης
1667 2178 1901 2241 jactem;
1945 2178 2093 2226 laetor
2120 2178 2292 2239 potius
2316 2176 2618 2225 collineasse
2644 2191 2742 2227 nna

541 2249 783 2313 ἀποδοχῆς
841 2249 985 2311 ἄξιον·
1040 2248 1135 2297 nisi
1181 2248 1319 2312 quod
1377 2262 1471 2311 pro
1522 2247 1604 2295 lte-

536 2345 631 2390 τεο,
659 2328 983 2378 retinendum
1008 2325 1077 2375 sit
1107 2326 1240 2374 heres
1271 2340 1338 2374 es.
1408 2325 1603 2372 Verum

539 2420 640 2469 ego
705 2405 873 2454 sciens
941 2401 1271 2466 prudensque
1327 2400 1408 2449 hic
1471 2414 1598 2463 prae·

540 2483 774 2531 termitto
823 2479 1032 2529 verbum
1086 2478 1464 2527 substantivum
1510 2491 1603 2534 ea;

537 2559 656 2623 quia
680 2559 730 2607 id
765 2571 930 2620 neque
964 2559 1233 2617 comparet
1264 2554 1313 2601 in
1337 2553 1603 2602 codicibus

536 2634 664 2682 Mss.
682 2635 731 2681 in
755 2633 935 2696 quibus
955 2645 1076 2679 vera
1098 2631 1254 2678 lectio
1271 2636 1475 2689 exstat;
1515 2642 1604 2677 ne-

538 2725 640 2774 que
675 2725 705 2758 a
724 2709 1040 2771 cuspiniano
1063 2707 1261 2756 editum
1286 2713 1365 2755 est
1388 2721 1403 2767 3
1435 2719 1604 2769 neque

539 2784 671 2835 adeo
727 2784 1077 2833 necessarium
1127 2782 1354 2830 videtur.
1442 2783 1604 2831 Certe

536 2862 673 2911 enim
700 2861 871 2924 potuit
912 2860 1112 2909 Plinius
1151 2860 1370 2922 primum
1402 2859 1453 2908 ἐν
1474 2856 1602 2909 θέσει

537 2938 735 3001 dicere,
761 2952 858 2986 non
886 2951 1042 2985 unum
1070 2951 1180 2985 ease
1206 2937 1430 2984 omnium
1452 2936 1603 2985 here·

536 3015 653 3064 dem
679 3031 694 3076 ;
730 3014 916 3064 deinde
939 3014 990 3062 id
1014 3013 1278 3077 sigillatim
1312 3012 1602 3062 transferre

534 3092 598 3142 ad
638 3100 947 3156 praesentem
991 3091 1269 3139 Caesarem.
1337 3090 1424 3149 Et,
1450 3090 1492 3138 si
1520 3091 1602 3138 vel

535 3170 759 3217 maxime
777 3174 993 3228 statuas,
1014 3167 1240 3214 Plinium
1254 3165 1361 3227 jam
1386 3166 1497 3213 istis
1524 3166 1599 3229 ip·

536 3246 607 3293 sis
652 3244 823 3291 verbis
868 3242 1058 3305 ulloqui
1106 3242 1378 3305 Trajanum
1423 3257 1439 3300 ς
1496 3255 1600 3291 non

534 3334 656 3370 nane
694 3333 907 3368 necesse
943 3316 1099 3373 soret,
1141 3327 1198 3366 ut
1232 3317 1442 3366 verbum
1479 3317 1601 3365 sub-

534 3397 817 3446 stantivum
844 3395 993 3444 simul
1024 3394 1377 3458 exprimatur3
1416 3400 1600 3456 utpote

534 3474 682 3536 cnjus
702 3472 912 3535 ἔλλειψις
933 3472 982 3520 iu
1022 3473 1118 3521 hoc
1153 3470 1478 3533 Panegyrico
1517 3471 1599 3519 vel

532 3551 733 3600 centies
773 3549 1021 3598 occurrit.
1092 3549 1170 3596 Ex
1212 3556 1387 3596 nostra
1424 3545 1599 3596 obser·

531 3627 739 3675 vatione
753 3624 1167 3673 emendationem
1186 3624 1335 3685 hujus
1352 3623 1449 3671 loci
1467 3636 1601 3671 nunc

532 3705 689 3756 etiam
706 3708 1018 3765 receperunt
1037 3702 1130 3751 viri
1151 3701 1455 3764 doctissimi,
1469 3702 1599 3751 Ges·

532 3804 686 3839 nerns
708 3797 762 3839 et
797 3787 1112 3838 Arntzenius
1137 3802 1151 3848 3
1190 3793 1246 3837 et
1276 3787 1361 3835 hic
1392 3785 1598 3850 quidem

532 3864 825 3929 profitetur,
861 3879 916 3913 ae
955 3864 1181 3927 interim,
1218 3861 1341 3911 dnm
1378 3862 1600 3911 meliora

532 3940 803 3997 doceatur,
828 3939 1220 4004 Cuspinianum‚
1242 3946 1297 3989 et
1316 3954 1488 3989 meum
1513 3953 1598 3988 co·

532 4016 720 4075 dicem,
765 4032 881 4066 esse
926 4023 1184 4079 secutum,
1231 4016 1462 4080 quamvis
1501 4030 1598 4065 nec

530 4095 606 4145 nic
635 4095 724 4144 illa
746 4095 845 4144 sibi
864 4094 988 4143 satis
1010 4093 1268 4156 placeant.
1337 4094 1455 4146 Nec
1477 4108 1600 4145 vero

531 4172 690 4221 ullam
737 4170 892 4223 affert
930 4170 1202 4235 rationem,
1234 4184 1329 4220 cur
1368 4170 1597 4223 nondum

529 4246 622 4296 illa
644 4247 743 4298 sibi
765 4249 891 4300 satia
915 4250 1173 4313 placeant·
1199 4248 1350 4299 Idem.

1678 2269 1792 2303 cum
1819 2267 1942 2302 caro
1967 2254 2055 2302 illo
2092 2256 2267 2316 capite
2291 2253 2353 2302 ad
2381 2252 2604 2302 eundem
2630 2267 2741 2306 aco·

1679 2344 1814 2392 pum.
1842 2329 1990 2378 Grut.

1742 2403 1949 2469 Iniquis]
1992 2404 2094 2455 Ubi
2122 2406 2354 2470 propior,
2375 2413 2468 2456 aut
2487 2419 2631 2469 snus,
2654 2406 2741 2457 he-

1677 2499 1760 2534 res
1785 2493 1881 2532 est.
1906 2484 2041 2547 Lips.

1742 2562 1929 2624 Iniquis
1962 2561 2138 2611 tabulis
2158 2559 2428 2623 aduocari-5]
2458 2560 2649 2624 Iniqui:
2668 2566 2742 2611 ta·

1677 2639 1799 2687 bulis
1826 2638 2071 2688 advocatis
2094 2639 2223 2687 edit.
2251 2639 2481 2686 Rhenan.
2514 2636 2605 2687 sed
2648 2638 2742 2686 iai·

1676 2715 1783 2778 quia
1804 2715 1976 2764 tabulis
1998 2714 2244 2763 advocari-5
2261 2713 2330 2762 H.
2349 2713 2606 2777 Stephon.
2641 2713 2740 2763 Fa-

1678 2791 1775 2840 ber.

1743 2868 2003 2931 Nunquam
2025 2868 2231 2931 scriptus
2261 2867 2398 2917 heres
2421 2866 2497 2930 es]
2536 2866 2601 2916 In
2626 2880 2736 2917 otn-

1677 2946 1826 2995 nibus
1847 2945 1958 2994 fere
1984 2946 2255 3008 legebatur
2272 2959 2396 2993 nuuc
2417 2944 2548 3007 quin.
2607 2946 2733 2995 Pla·

1675 3031 1763 3071 cet
1799 3036 2069 3084 nuttquam5
2128 3022 2264 3085 quod
2304 3021 2541 3084 praetulit
2580 3021 2739 3071 etiam

1677 3098 1727 3146 in
1766 3112 1858 3146 sua
1897 3098 2127 3146 editione
2151 3098 2424 3159 Cellariua,
2460 3103 2582 3160 pont
2617 3098 2740 3160 Lip-

1675 3175 1804 3223 sium
1842 3183 1895 3223 et
1919 3175 2222 3223 Gruterum.
2294 3173 2459 3224 Notat
2492 3172 2577 3223 hic
2603 3174 2741 3237 prin·

1674 3251 1847 3314 cipum
1887 3252 2090 3299 illorum
2132 3249 2456 3303 aviditatem,
2481 3249 2588 3313 qui,
2612 3247 2739 3299 defi·

1674 3328 1846 3377 ciente
1864 3327 2099 3391 pecunia,
2115 3327 2428 3375 hereditates
2449 3325 2549 3375 sibi
2569 3325 2738 3390 rapie-

1674 3402 1818 3453 bant.
1884 3404 2022 3452 Vide
2056 3404 2273 3453 Sueton.
2297 3402 2468 3464 Calig.
2492 3415 2540 3450 c.
2579 3405 2663 3453 ³8.
2687 3402 2740 3450 in

1675 3479 1800 3528 Ner.
1820 3493 1865 3527 c.
1888 3482 1971 3528 32.
1995 3479 2046 3527 in
2075 3477 2340 3527 Domit.c.
2362 3481 2444 3525 12.
2467 3477 2686 3528 Palm-ol.

1745 3555 1958 3617 Tabulis]
1979 3556 2321 3604 Testamenti.
2344 3555 2497 3603 Idem.

1743 3631 1935 3679 Tabulis
1953 3630 2219 3694 advocari-r]
2245 3630 2291 3679 1.
2308 3644 2354 3678 e.
2381 3631 2501 3679 Non
2521 3636 2577 3679 tn
2602 3630 2738 3682 fictio

1675 3710 2082 3775 suppositisque,
2128 3724 2295 3775 neque
2338 3710 2527 3774 iniquia
2574 3717 2738 3760 tenta-

1675 3788 1883 3852 mentia,
1906 3803 2000 3851 per
2022 3802 2137 3852 quae
2157 3789 2378 3851 legitimi
2401 3789 2623 3840 herede·
2646 3805 2737 3840 ex·

1674 3864 1972 3926 eludantur,
2006 3864 2264 3914 adhiberis
2298 3872 2354 3914 et
2388 3864 2656 3930 insereris,
2680 3874 2737 3916 nt

1673 3954 1736 3989 ea
1781 3947 1872 3989 tuo
1914 3941 2123 3990 nomine
2179 3948 2372 4005 tuaque
2418 3944 2738 3993 auctoritate

1673 4017 1965 4081 confirmes,
1988 4032 2050 4066 ac
2076 4023 2189 4066 rata
2213 4032 2327 4067 esse
2343 4018 2551 4081 jubeas.
2606 4019 2736 4069 ‘Ta-

1675 4095 1812 4144 bulae
1832 4094 1847 4115 '
1879 4103 1936 4144 et
1977 4100 1991 4121 ‘
2012 4093 2253 4154 tubelle:
2285 4095 2411 4144 alias
2446 4096 2735 4157 generatim

1675 4185 1769 4235 pro
1795 4171 1959 4220 omnia
1981 4171 2184 4233 generis
2206 4171 2479 4234 scripturis
2506 4180 2564 4223 et
2595 4172 2736 4223 eodi-

1675 4249 1819 4299 cibua
1871 4255 2166 4313 ponuntur3
2211 4247 2331 4313 quia
2367 4256 2487 4300 ante
2527 4250 2734 4303 chartus
