3060 4902
561 364 692 431 850

559 540 678 591 neg.
715 519 852 576 1126.
884 524 986 576 ‘Et
1025 525 1244 589 populus
1277 524 1487 590 quidem
1527 525 1634 575 Ro·

555 620 738 655 manus
773 605 1034 655 delectum
1079 605 1375 669 principum
1416 603 1631 654 servat!

556 696 611 733 v.
652 688 698 733 2.
738 677 844 731 ‘Et
890 681 1098 746 quidem
1147 683 1391 731 inusitato
1437 681 1633 731 indicio

557 757 784 809 enituit!
840 772 1079 809 Lxxxvr.
1105 763 1155 808 6.
1177 766 1191 788 ·
1216 759 1286 808 Et
1312 759 1401 808 ille
1421 758 1631 822 quidem

557 869 571 885 .
598 867 612 882 .
639 869 652 882 .
678 832 832 883 officii
870 835 1036 897 gloria
1071 832 1296 885 fruitur.'
1364 835 1535 898 Epist.
1564 848 1629 883 11.

557 914 645 960 20.
665 911 681 937 ‘
703 911 771 958 Et
791 909 1005 959 Aurelia
1026 910 1235 976 quidem
1257 910 1422 958 vivit?
1466 910 1634 973 Epist.

558 998 635 1034 vr.
661 990 740 1035 16.
767 986 932 1036 ‘Tum
967 1002 1022 1035 se
1058 987 1217 1050 quieti
1252 986 1422 1047 dedit,
1443 994 1492 1034 et
1519 986 1631 1049 qni·

556 1055 667 1111 evit
687 1065 955 1113 verissimo
971 1063 1176 1128 quidem
1203 1063 1417 1113 somno.’
1459 1063 1633 1125 Epist.

560 1153 640 1190 tx.
662 1144 745 1190 23.
768 1141 783 1169 ⁴
808 1141 960 1189 Nosti
987 1154 1087 1203 me,
1107 1147 1162 1189 et
1185 1140 1393 1204 quidem
1432 1154 1495 1189 ex
1520 1147 1630 1188 stu·

558 1215 697 1265 diis!
765 1217 879 1266 Nec
905 1214 1019 1273 fuit,
1045 1231 1138 1266 cur
1158 1218 1384 1274 Cottius,
1408 1218 1492 1280 qui
1521 1218 1631 1280 ple·

561 1307 780 1357 rumque
811 1293 860 1340 in
897 1292 993 1343 lioc
1030 1307 1222 1356 genere
1256 1293 1460 1341 insolita
1492 1307 1629 1340 ama·

559 1366 656 1429 vit,
700 1369 960 1431 vulgatam
1014 1368 1289 1418 lectionem
1337 1367 1627 1432 hujusmodi

558 1443 790 1493 locorum
848 1443 1107 1494 solicitat-e
1154 1445 1391 1493 voluerit.
1467 1444 1628 1493 Certe

562 1520 720 1569 etiam
762 1520 948 1570 Cicero
988 1522 1064 1570 sic
1104 1521 1305 1570 divisim
1354 1520 1486 1570 dixit
1529 1523 1545 1551 ⁴
1573 1529 1627 1570 et

557 1594 767 1660 quidem
789 1595 804 1616 '
837 1605 991 1660 atque
1033 1600 1046 1625 ‘
1074 1612 1135 1647 ac
1176 1595 1380 1662 quidem
1402 1597 1447 1658 ;’
1494 1613 1543 1645 v.
1579 1613 1628 1660 g.

558 1673 626 1721 ad
663 1673 815 1721 Brut.
846 1674 1082 1735 Epist-6.
1103 1674 1285 1735 ‘Rogo
1323 1681 1394 1727 te,
1426 1681 1480 1721 et
1514 1673 1627 1736 qui·

560 1747 680 1796 dem
706 1746 858 1795 valde
892 1747 1056 1810 rogo.'
1123 1744 1268 1797 ldem
1307 1749 1538 1811 Philipp.
1567 1762 1628 1798 ιι.

561 1826 643 1871 17.
663 1823 678 1850 ‘
702 1824 817 1873 Duo
842 1824 1000 1872 millia
1022 1824 1263 1888 jugerum
1290 1826 1335 1873 ei
1362 1824 1627 1887 adsignas-

562 1898 622 1956 ti,
647 1898 932 1961 etquidem
960 1898 1243 1950 immunia!
1309 1902 1377 1949 Et
1403 1916 1519 1963 cap.
1544 1906 1627 1950 30.

555 1974 575 2003 ‘
600 1972 670 2023 At
693 1976 830 2023 enim
854 1975 1077 2038 adspicis
1113 1994 1215 2041 me,
1241 1984 1291 2026 et
1318 1977 1545 2039 quidem,
1571 1984 1628 2025 ut

558 2049 769 2105 videris,
811 2049 1028 2099 iratus.’
1090 2053 1175 2101 De
1219 2054 1399 2103 Divin.
1439 2067 1503 2103 ιι.
1543 2057 1627 2101 4-1.

553 2127 569 2154 ⁸
591 2126 650 2174 In
674 2128 752 2175 his
777 2127 925 2190 loeis,
948 2143 1062 2190 quae
1087 2144 1179 2178 nos
1204 2130 1491 2186 incolimus,
1511 2137 1628 2194 post

557 2204 839 2253 solstitium
875 2206 1112 2255 canicula
1149 2208 1405 2269 exoritur,
1437 2214 1491 2257 et
1517 2209 1627 2272 qni·

557 2281 677 2330 dem
720 2283 914 2347 aliquot
953 2284 1173 2332 diebus!
1241 2284 1411 2334 Attio.
1447 2298 1512 2333 ιι.
1548 2289 1628 2333 19.

556 2360 573 2386 ‘
597 2361 821 2410 Tantum
857 2361 1026 2418 doleo,
1054 2377 1114 2412 ac
1147 2361 1362 2412 mirifice
1387 2361 1632 2426 quidem-⁹

556 2437 798 2502 Denique
824 2453 976 2488 nemo
1015 2454 1114 2488 non
1153 2440 1332 2503 sentit,
1358 2440 1406 2488 iu
1432 2438 1527 2487 hoc
1553 2438 1627 2487 lo-

557 2529 621 2563 co
659 2515 920 2575 Pliniano,
957 2530 1049 2578 per
1086 2517 1364 2578 particulas
1399 2530 1625 2567 seorsum

559 2591 805 2653 scriptas,
861 2597 907 2639 et
965 2591 1174 2652 quidem,
1226 2592 1475 2654 majorem
1525 2593 1625 2641 vim

560 2667 785 2729 augendi
828 2675 878 2717 et
923 2667 1292 2730 amplificandi,
1331 2684 1483 2731 quiam
1533 2682 1628 2731 per

559 2744 764 2791 unicam
814 2743 1117 2807 particulam
1164 2744 1376 2807 equidem
1432 2742 1627 2794 afferri.

561 2819 711 2868 Idem.

623 2897 693 2945 Et
726 2889 1145 2962 quidem’primos]
1198 2897 1429 2960 Equidem
1448 2898 1626 2959 primos

557 2973 729 3023 Livin.
754 2974 802 3022 in
825 2981 1004 3036 textn;
1041 2975 1202 3023 sedin
1224 2975 1475 3037 margine,
1493 2973 1625 3024 ‘sor-

557 3058 631 3110 te‚
673 3052 742 3099 Et
779 3051 965 3114 quidem
995 3050 1239 3113 primost’
1289 3060 1451 3102 reete.
1511 3052 1626 3101 Rit-

556 3129 708 3177 tereti.

624 3204 734 3252 Hoc
750 3204 847 3267 est]
877 3203 1022 3253 Talis
1057 3204 1144 3254 illa
1177 3206 1389 3269 electio,
1410 3213 1462 3255 et
1486 3208 1621 3272 qnod

556 3281 763 3344 probati
790 3280 1014 3329 senatui.
1048 3281 1183 3342 Lips.

621 3358 733 3406 Hoc
771 3362 842 3407 esi
880 3357 1059 3422 igitur]
1124 3359 1347 3421 Nempe,
1387 3360 1523 3424 quod
1568 3360 1620 3411 lii

555 3435 659 3484 duo
696 3450 727 3483 a
772 3443 954 3483 senatu
979 3444 1198 3499 ¹praeter
1237 3446 1439 3485 ceteros
1476 3439 1620 3501 digni

547 3509 773 3574 judicati
818 3519 961 3571 sunt,
998 3518 1056 3559 ut
1100 3511 1254 3574 primi
1302 3514 1623 3575 eligerentur

554 3588 879 3651 quinqueviri
919 3587 1137 3650 publicis
1173 3590 1423 3638 sumtibus
1454 3592 1620 3641 minu-

559 3664 726 3713 endis.
761 3664 1005 3713 Schmun.

626 3741 829 3808 Experti
849 3740 1031 3803 sumus]
1067 3742 1144 3789 Ex
1169 3742 1246 3791 his
1270 3742 1463 3792 duabus
1481 3745 1620 3795 voci·

551 3819 650 3869 bus
674 3819 807 3868 male
831 3817 1032 3867 coalitis
1049 3817 1254 3866 exstitit
1274 3819 1512 3869 mendum
1536 3836 1617 3870 ex·

547 3896 853 3959 putissimis,
878 3909 980 3958 quo
1009 3894 1214 3944 codices
1235 3895 1448 3958 Veneti,
1470 3898 1619 3947 Pari·

551 3971 751 4033 siensis,
791 3978 846 4020 et
893 3971 1319 4038 Salisburgensis,
1366 3974 1620 4040 inquinati

554 4055 693 4098 sunt.
727 4049 877 4098 Idm.

621 4126 795 4174 Paullo
816 4123 947 4188 ante]
978 4125 1085 4175 Sub
1120 4127 1430 4177 Domitiano.
1466 4129 1617 4178 Paia-

555 4201 646 4247 rol.
1211 4220 1216 4229 ¹
1584 4246 1591 4252 .

623 4276 824 4339 oderat,
845 4293 961 4342 quos
979 4293 1064 4329 nos
1084 4279 1368 4345 amaremus]
1404 4278 1618 4331 Scilicet

1261 380 1481 430 No'rAE
1533 379 1942 430 vammum
1993 379 2079 429 m

1710 523 2055 587 Domitianus,
2080 524 2171 574 ille
2204 521 2474 574 ‘infensus
2500 522 2780 575 virtutibus

1708 601 2004 665 princeps,’
2044 600 2217 652 Tacit.
2258 601 2310 650 in
2355 599 2542 661 Agric.
2578 613 2697 663 cap.
2728 605 2780 651 4.

1706 678 1816 727 sive
1868 679 1996 728 alins
2039 678 2259 744 quisque
2299 678 2469 732 malus
2517 678 2778 741 princeps.

1705 754 1768 803 ln
1806 764 2031 819 utroque
2065 754 2249 804 codice
2275 755 2506 818 Veneto,
2542 763 2599 805 et
2623 755 2778 805 Guel-

1708 831 2053 894 pberbytano,
2098 844 2371 894 perperam
2409 831 2664 894 seriptum
2697 836 2777 880 est

1705 921 1820 970 quos
1837 922 1927 955 non
1947 922 2228 957 amaremus.
2276 908 2345 955 Et
2373 909 2651 970 sequentia
2669 921 2776 957 ver·

1709 985 1774 1033 ba
1808 984 2051 1034 librarius
2086 983 2283 1034 codicis
2307 983 2777 1049 Guelplierbytani,

1706 1074 1890 1109 novem
1913 1058 2184 1110 vocabulis
2215 1059 2541 1120 negligenter
2562 1069 2777 1123 praeter·

1707 1137 1888 1197 missis,
1914 1136 1990 1185 sic
2016 1143 2263 1199 corrupta
2287 1135 2687 1198 exhibet,Nune
2706 1138 2777 1186 in·

1704 1218 1781 1261 ter
1811 1213 1996 1274 primm
2029 1211 2253 1273 invicem,
2277 1213 2488 1275 quodque
2516 1213 2777 1261 ιιιαείιιιιιιι

1703 1290 1880 1338 amoris
1899 1288 2053 1337 mutui
2073 1290 2265 1349 εἰειιιιιιι
2285 1293 2374 1343 est,
2394 1289 2479 1349 ᾴσ.
2547 1287 2653 1337 Ubi
2675 1302 2773 1336 vox

1702 1367 1883 1428 primus
1907 1379 1971 1413 ex
1998 1365 2161 1428 prima
2179 1363 2380 1427 syllaba
2402 1364 2622 1412 nominis
2642 1363 2774 1427 prin·

1702 1441 1870 1503 eipern,
1895 1448 1949 1489 et
1973 1453 2036 1488 ex
2067 1439 2249 1487 ultima
2282 1438 2486 1501 syllaba
2508 1438 2657 1488 verbi
2677 1453 2775 1489 cre-

1703 1519 1875 1573 dimus,
1901 1515 1967 1565 ab
1993 1515 2170 1578 inepto
2205 1514 2417 1564 librario
2450 1512 2682 1566 conflata
2703 1517 2774 1565 vi-

1709 1592 1881 1642 detur.
1916 1592 2160 1641 Schmun-2.

1773 1670 1906 1724 Quos
1945 1667 2051 1730 iile]
2103 1666 2449 1722 Domitianus,
2494 1682 2615 1719 nam
2656 1669 2773 1718 mali

1707 1745 1971 1809 principes
2012 1758 2221 1805 semper
2256 1752 2493 1793 senatum
2536 1743 2773 1802 oderant.

1704 1830 1764 1871 ut
1797 1824 1812 1850 ‘
1840 1822 1975 1871 recti
2008 1820 2233 1884 bonique
2268 1822 2688 1884 praeceptorem,’
2720 1813 2774 1872 et

1705 1896 1924 1946 fraennm
1941 1905 2032 1946 aut
2047 1897 2248 1945 obicem
2264 1898 2497 1947 consiliis
2516 1897 2773 1963 factisque

1706 1975 1917 2038 pravis:
1968 1973 2194 2023 vicissim
2239 1982 2434 2031 sutem,
2472 1984 2531 2025 et
2564 1985 2772 2026 senates

1706 2052 1879 2101 talem.
1915 2051 2052 2113 Lipe.

1768 2129 2040 2178 Maximum
2082 2129 2281 2193 amoris]
2318 2129 2333 2158 ‘
2359 2130 2641 2181 Vinculum
2677 2140 2776 2194 est,

1707 2206 1841 2256 idem
1878 2206 2052 2256 velle!
2104 2209 2290 2257 Senec.
2333 2205 2400 2255 de
2442 2208 2532 2256 Ira
2569 2221 2657 2259 ιιι.
2697 2212 2775 2259 34.

1702 2282 1916 2331 Sallust.
1942 2282 2101 2333 Catil.
2125 2298 2242 2346 cap».
2264 2286 2347 2332 20.
2387 2283 2537 2332 Bere.

1770 2361 1849 2410 Ne
1862 2361 2051 2424 noceat]
2076 2360 2348 2412 Quomodo
2365 2359 2515 2411 favor
2529 2377 2772 2427 amorque

1701 2448 1910 2490 senatus
1948 2439 2070 2489 viris
2108 2439 2262 2490 bonis
2296 2440 2434 2505 apud
2480 2442 2769 2507 principem

1704 2518 1890 2566 melum
1924 2531 2111 2566 nocere
2136 2519 2390 2581 potuerit,
2420 2517 2579 2569 docet
2602 2518 2770 2570 exem-

1702 2594 1841 2658 plum
1862 2593 2155 2654 Hortensii,
2180 2594 2265 2659 qui
2291 2595 2341 2643 in
2364 2605 2550 2645 senatu
2575 2610 2606 2645 a
2629 2596 2768 2659 prin·

1702 2671 1816 2735 cipe
1855 2671 2068 2720 Tiberio
2105 2672 2351 2735 petierat,
2397 2678 2452 2721 nt
2499 2673 2656 2723 liberi
2690 2674 2767 2723 sni

1702 2750 1767 2798 ab
1784 2750 1957 2813 inopia
1976 2747 2405 2801 defenderentur.
2440 2749 2601 2800 Tunc
2617 2751 2768 2807 enim.

1700 2823 1961 2874 referente
1987 2824 2197 2887 Tacito,
2237 2824 2426 2875 Annal.
2452 2840 2515 2879 ιι.
2539 2831 2624 2876 38.
2655 2833 2672 2856 ·
2694 2828 2765 2877 iu·

1698 2900 1946 2959 clinatio,’
2000 2903 2034 2950 i.
2077 2915 2125 2952 e.
2179 2905 2461 2965 propensio
2504 2913 2560 2953 et
2601 2902 2769 2968 favor,

1698 2979 1715 3007 ⁴
1740 2985 1950 3027 senatus
1989 2978 2382 3027 incitamentum
2417 2979 2631 3029 Tiberio
2655 2979 2769 3045 fuit,

1699 3069 1800 3119 quo
1823 3053 2071 3118 promtius
2088 3051 2488 3104 adversaretur!
2525 3055 2591 3105 In
2615 3071 2769 3121 prox·

1696 3131 1812 3180 imis
1860 3130 2051 3192 verbis,
2108 3127 2227 3177 cod.
2286 3130 2526 3180 Venetus
2569 3137 2623 3185 1.
2674 3148 2768 3198 pro

1694 3209 1907 3269 diligite,
1969 3213 2223 3268 corrupte
2278 3205 2439 3256 babet
2492 3207 2768 3272 diligenter.

1693 3284 1949 3333 Scliwarz.

1762 3352 1874 3410 Non
1891 3363 2196 3424 premendum
2218 3358 2400 3423 odium]
2420 3358 2466 3409 1.
2490 3373 2539 3408 e.
2560 3374 2665 3411 non
2691 3367 2768 3413 te·

1696 3438 1921 3502 gendum
1978 3446 2033 3487 et
2101 3436 2523 3488 dissimulandum
2577 3438 2769 3490 odium.

1696 3515 1782 3564 Sic
1817 3515 2066 3578 Virgilius
2109 3515 2175 3563 de
2218 3514 2403 3574 AEnea,
2438 3513 2550 3563 AEn.
2577 3527 2619 3564 ι.
2654 3519 2768 3565 209.

1696 3595 1712 3622 ⁸
1748 3592 2003 3656 (turrisque
2062 3590 2358 3655 ingentibus
2415 3603 2559 3652 eger
2608 3592 2767 3655 Spem

1697 3668 1844 3717 vultu
1889 3668 2113 3728 simulat,
2158 3666 2350 3731 premit
2393 3666 2554 3715 altum
2608 3669 2767 3719 eorde

1696 3744 1983 3807 dolorem3'
2017 3746 2050 3794 i.
2075 3760 2122 3795 e.
2161 3745 2354 3795 retinet
2386 3738 2631 3796 dolorem*
2650 3748 2769 3797 altis

1695 3823 1934 3872 sensibus
1956 3820 2272 3871 abstrusum.
2305 3819 2480 3869 Tacit.
2507 3820 2701 3872 Annnl.
2725 3838 2783 3887 ι.,

1693 3903 1744 3950 4.
1801 3898 1819 3925 ‘
1852 3899 2026 3948 Multa
2071 3897 2262 3946 indicia
2304 3897 2544 3957 saevitiae‚
2587 3914 2763 3967 quam7

1693 3990 1846 4039 qnam
1893 3980 2212 4038 premantur,
2256 3972 2571 4037 erumpere!
2616 3975 2761 4027 Idem

1696 4052 1882 4103 Annal.
1925 4065 2056 4102 xtu.
2097 4054 2179 4100 10.
2210 4051 2226 4078 ⁸
2251 4049 2560 4114 Agrippina
2595 4053 2637 4101 is
2673 4069 2761 4118 pa·

1693 4143 1804 4189 vor,
1826 4144 1889 4178 es
1911 4127 2263 4179 consternatio
2286 4126 2495 4190 mentis,
2529 4130 2762 4194 quemvis

1694 4205 1841 4254 vultu
1880 4210 2224 4269 premeretur,
2262 4203 2512 4253 emicuit:
2579 4206 2646 4256 In
2676 4223 2758 4257 eo·

1692 4280 1808 4333 dice
1825 4282 2097 4340 Vaticano,
2114 4287 2169 4331 et
2184 4293 2319 4341 meo,
2330 4285 2757 4344 propr-meudun,
