3060 4902
452 381 459 385 ’
532 387 667 454 636

536 557 666 608 tam,
698 563 850 612 quam
889 547 1034 598 ibant
1071 546 1377 612 irrogatum.
1443 545 1600 600 Quod

538 624 862 674 Theodosius
897 633 952 673 et
989 624 1252 673 Honorius
1289 630 1602 682 statuerunt,

538 701 624 750 vel
666 701 1027 756 restituerunt,
1085 700 1201 763 lege
1246 701 1370 756 lata,
1411 699 1602 751 ‘Quis-

540 778 655 841 quis
678 777 867 825 crimen
901 777 1147 840 intendit,
1172 790 1273 825 non
1298 778 1601 839 impunitam

540 852 655 903 fore
672 855 873 903 noverit
890 854 1155 902 licentiam
1177 853 1476 914 mentiendi,
1488 867 1603 902 curn

540 930 913 980 calumniantes
936 928 998 977 ad
1025 930 1302 978 vindictam
1330 938 1515 993 poscat
1538 930 1603 977 si-

541 1006 778 1056 militudo
803 1005 1081 1069 supplicii.’
1149 1007 1316 1069 Origo
1341 1014 1512 1055 autem
1539 1004 1604 1054 ab

542 1083 782 1146 Augusto
820 1083 1042 1145 videtur,
1081 1083 1166 1146 qui
1204 1085 1220 1110 ⁴
1248 1081 1603 1131 diuturnorum

545 1173 748 1209 reorum
787 1161 993 1208 nomina
1027 1159 1275 1219 abolevit,
1309 1158 1606 1207 conditione

546 1238 836 1301 proposita,
871 1245 950 1296 ut,
975 1237 1017 1285 si
1042 1238 1157 1300 quis
1185 1248 1333 1300 quem
1362 1242 1605 1297 repetere

543 1317 723 1375 vellet,
747 1329 842 1377 par
877 1315 1161 1377 pericnlum
1186 1328 1351 1378 poenae
1377 1313 1611 1363 subiret.'

543 1392 757 1440 Sueton.
782 1405 829 1441 c.
855 1395 935 1441 31.
969 1392 1105 1454 Lips.

614 1470 800 1531 Neque,
822 1473 877 1517 ut
898 1468 1063 1532 antea]
1101 1467 1355 1517 Mendose
1388 1481 1480 1530 pro
1511 1465 1607 1525 bis,

548 1545 602 1593 in
626 1546 886 1594 Vaticano
920 1545 1038 1593 cod.
1062 1548 1207 1593 3461.
1234 1552 1285 1592 et
1315 1547 1458 1593 1775.
1482 1543 1607 1590 item

548 1622 601 1670 in
622 1622 1087 1685 Guelplrerbytano
1123 1630 1175 1670 et
1202 1622 1334 1670 libro
1359 1620 1611 1669 vossiano

548 1700 796 1761 scriptum
826 1707 907 1747 est
943 1714 1086 1761 neque
1119 1703 1319 1746 utantur
1352 1698 1436 1753 eis,
1462 1698 1609 1760 quasi

548 1775 660 1823 baec
686 1774 954 1824 referenda
978 1775 1079 1823 sint
1113 1774 1177 1822 ad
1204 1789 1379 1823 vocem
1414 1787 1612 1837 praece·

550 1852 782 1910 dentem,
803 1858 1007 1914 penates.
1076 1851 1213 1914 Ergo
1243 1853 1326 1899 lex
1360 1850 1613 1912 Remmia,

549 1943 668 1991 quae
692 1928 1001 1976 inustionem
1026 1926 1286 1990 stigmatis
1306 1926 1450 1975 malis
1473 1926 1612 1975 dela·

553 2003 753 2052 toribus
776 2004 1088 2060 sanciverant,
1109 2009 1250 2051 antea
1272 2003 1502 2067 quidem,
1519 2001 1611 2052 sed

553 2080 667 2129 sine
721 2078 1024 2129 definitione
1076 2079 1343 2143 temporis,
1404 2079 1569 2143 viguit
1594 2095 1611 2141 3

551 2162 607 2205 at
641 2171 754 2205 aevo
786 2155 993 2220 Trajani
1031 2169 1129 2205 non
1162 2154 1267 2204 fuit
1296 2156 1346 2205 in
1372 2170 1504 2216 usu;
1540 2156 1613 2204 in·

551 2241 751 2281 certum
795 2230 926 2288 fere,
976 2246 1077 2296 quo
1123 2239 1357 2295 tempore
1405 2232 1613 2281 desita:

554 2309 690 2372 quod
736 2308 974 2357 laudatus
1013 2310 1402 2358 Brencmannus
1441 2309 1615 2372 copio-

554 2386 660 2435 sius
684 2385 1078 2435 demonstravit.
1115 2386 1352 2435 Schwarz.

624 2464 927 2523 &sanguem
951 2464 1081 2512 illam
1101 2470 1147 2512 et
1155 2465 1368 2522 ferream
1376 2462 1618 2525 frontem]

556 2539 620 2589 Id
645 2550 746 2601 est,
773 2539 1171 2588 inverecundam
1197 2548 1251 2588 et
1276 2541 1387 2588 sine
1411 2540 1617 2603 rubore,

556 2616 640 2680 qui
673 2631 703 2665 a
740 2616 986 2676 sanguine
1020 2629 1253 2665 caussam
1286 2624 1342 2664 et
1363 2616 1616 2679 originem

555 2694 715 2756 capit.
751 2694 916 2742 Livia.

626 2770 934 2830 Exn-sanguem
954 2769 1085 2818 illam
1102 2775 1150 2818 et
1158 2771 1376 2828 ferream
1383 2770 1619 2836 frontem]

558 2845 684 2895 Sine
732 2846 938 2909 rubore,
977 2846 1128 2909 cujus
1169 2860 1353 2895 caussa
1396 2847 1623 2910 sanguis.

555 2921 697 2987 Lips.

639 2998 968 3063 Exsanguem]
1036 2998 1182 3046 Bene
1238 2996 1619 3060 interpretatur

558 3075 828 3142 Rayanus,
845 3090 1081 3138 nunquam
1099 3075 1460 3136 erubescentem,
1477 3072 1617 3138 quod

557 3161 613 3201 et
645 3154 756 3201 aliis
794 3162 912 3216 post
947 3154 1112 3215 ipsum
1150 3153 1423 3216 probatum
1450 3150 1621 3200 video.

559 3228 779 3276 Putat-ol.

625 3301 857 3363 Peractis]
898 3302 1087 3352 Literis
1127 3303 1371 3367 stigmate
1416 3304 1620 3355 inustis.

558 3380 696 3432 Nam
739 3389 887 3428 vetus
926 3394 1080 3443 poena
1124 3381 1549 3430 calumniatorum
1592 3395 1622 3429 a

557 3456 676 3518 lege
703 3444 1115 3516 Rbemmia'fuit,
1138 3453 1361 3505 frontem
1389 3456 1521 3505 inuri
1550 3457 1620 3506 K.

558 3532 732 3587 litera,
768 3546 886 3596 quae
930 3540 946 3562 ‘
970 3531 1331 3581 Kalumniam’
1363 3533 1464 3597 (ita
1498 3533 1620 3581 olim

560 3606 892 3672 scribebant)
912 3616 1075 3658 notat.
1143 3608 1327 3658 Cicero
1351 3622 1447 3670 pro
1473 3608 1624 3657 Rosc.

563 3685 740 3734 Amor.
762 3694 946 3748 aperte
968 3702 982 3735 ε
1021 3692 1075 3735 et
1096 3686 1402 3750 Papiniano,
1429 3691 1444 3718 ‘
1471 3686 1622 3735 bomo

561 3764 782 3824 integrae
817 3761 1032 3810 frontis·
1075 3763 1358 3826 opponitur
1389 3764 1405 3791 ⁴
1426 3763 1623 3812 calum·

562 3839 664 3887 niae
702 3837 997 3887 damnato.'
1063 3838 1369 3888 Delatornm
1402 3848 1526 3890 nota
1551 3840 1622 3890 1).

561 3914 792 3965 Turneb.
815 3927 942 3964 vtu.
968 3918 1049 3965 22.
1085 3914 1220 3978 Lips.

630 3991 696 4040 Et
724 3995 863 4039 notas
881 4004 995 4038 suas
1012 3988 1224 4052 rideant]
1255 3992 1269 4017 ‘
1291 3991 1500 4041 Puncta
1518 3989 1536 4013 '
1569 3998 1625 4041 et

566 4073 581 4095 ⁶
600 4073 738 4116 notae
758 4065 772 4086 ⁹
794 4074 915 4115 sunt
939 4066 1202 4129 stigmata.
1271 4067 1422 4117 Quod
1445 4070 1485 4117 si
1510 4068 1623 4118 baec

556 4144 777 4205 ‚vulgata
799 4141 972 4196 lectio,
996 4154 1111 4204 quae
1145 4142 1197 4189 in
1222 4142 1458 4191 omnibns
1479 4144 1624 4193 codi-

566 4217 714 4268 cibus
745 4217 974 4280 scriptis,
1007 4214 1260 4280 librisque
1285 4220 1513 4280 excusis,
1549 4221 1626 4268 in-

569 4293 792 4351 venitur,
812 4300 895 4345 est
918 4292 1210 4357 retinenda,
1234 4301 1359 4344 tunc
1376 4297 1560 4361 copula
1579 4302 1626 4347 et

1238 404 1454 454 ⁸001·AE
1501 401 1909 451 VARtoRUM
1962 400 2042 450 tn
2095 411 2101 417 “

1678 560 1793 595 cum
1820 545 2088 609 superiore
2126 544 2386 609 particula
2419 559 2568 608 neque
2607 543 2743 595 foret

1678 623 2060 688 conjungenda,
2082 631 2140 673 ut
2173 622 2293 672 inde
2329 623 2440 672 baec
2479 624 2747 673 sententia

1679 702 1909 750 existat:
1950 701 2133 764 Neque
2168 706 2314 747 notas
2351 713 2471 747 suas
2504 698 2744 759 rideant3

1681 776 1744 825 de
1762 776 2044 839 cujusmodi
2067 775 2510 838 interpretatione
2528 789 2748 839 snspen-

1681 869 1750 902 sae
1777 853 2069 915 negationis
2100 867 2201 901 non
2227 852 2353 900 nibil
2379 851 2445 900 ad
2473 865 2674 901 xxxvi.
2698 854 2746 899 1.

1683 930 1960 980 annotabo.
2010 931 2111 979 Sed
2133 930 2251 979 vide
2289 945 2439 993 quam
2461 930 2742 978 lectionem

1682 1007 1833 1056 nobis
1880 1013 2127 1069 suggerat
2173 1007 2308 1056 liber
2347 1004 2516 1054 Issaei
2551 1005 2749 1054 Vossii.

1683 1082 1786 1133 Hic
1820 1082 1871 1131 in
1896 1082 2115 1146 quodam
2140 1081 2324 1130 codice
2347 1082 2451 1130 Ms.
2475 1087 2750 1144 repererat

1680 1159 1930 1220 scriptum
1956 1165 2002 1207 et
2047 1163 2200 1214 notas,
2222 1173 2339 1220 qums
2366 1158 2557 1206 rideant
2572 1173 2593 1216 ,-
2626 1157 2750 1206 hinc

1683 1250 1748 1284 ex
1785 1236 2011 1298 ingenio,
2044 1241 2102 1284 ut
2141 1238 2345 1299 opinor,
2384 1235 2488 1283 levi
2535 1234 2751 1283 mutati·

1684 1327 1802 1375 one,
1828 1328 1921 1377 pro
1942 1327 2065 1362 casu
2093 1317 2275 1377 quarto
2298 1317 2455 1373 notos,
2489 1325 2748 1375 reponen-

1683 1389 1803 1439 dum
1830 1390 2100 1438 annotavit
2125 1403 2298 1439 casnm
2338 1390 2553 1438 tertium
2585 1388 2749 1446 notis,-

1684 1480 1751 1516 ex
1797 1483 1898 1531 qua
1938 1467 2303 1516 emendatione
2353 1467 2466 1516 haec
2511 1468 2752 1531 exsurgit

1683 1545 1977 1593 sententia:
2016 1545 2224 1608 Neque.
2264 1550 2320 1592 nt
2344 1552 2523 1606 antea,
2563 1557 2749 1593 exsan-

1685 1634 1833 1683 guem
1857 1621 1996 1669 illam
2029 1628 2085 1669 et
2124 1619 2349 1670 ferream
2390 1619 2618 1669 frontem
2659 1634 2750 1670 no-

1686 1697 1966 1761 quidquam
1991 1693 2050 1756 [i.
2066 1710 2110 1747 e.
2126 1695 2342 1758 frustra,
2358 1703 2411 1745 et
2432 1696 2579 1745 irrito
2593 1699 2753 1756 even}

1687 1773 1787 1835 tu‚]
1803 1773 2271 1823 convulnerandam
2296 1774 2566 1836 prebeant
2588 1786 2750 1837 punc·

1688 1850 1756 1899 tis
1780 1860 1834 1900 et
1860 1851 2017 1908 notis,
2053 1866 2181 1915 quas
2208 1850 2428 1900 rideant.
2498 1851 2643 1900 Nihil
2671 1858 2750 1900 ta·

1687 1940 1805 1974 men
1834 1925 2129 1975 novandum
2164 1927 2430 1977 suaserim.
2499 1927 2749 1977 Ceterum

1688 2018 1789 2053 non
1813 2011 1895 2054 est
1916 2005 2119 2064 mirum,
2136 2019 2227 2054 cnr
2248 2005 2497 2067 homines,
2527 2005 2613 2069 qui
2642 2018 2753 2054 om·

1690 2096 1805 2131 nem
1832 2080 2054 2131 frontem
2077 2083 2641 2145 posuerant,stigmata
2658 2097 2753 2132 sua

1690 2160 1863 2208 risisse
1898 2160 2175 2220 dicantur3
2207 2173 2323 2208 curn
2347 2159 2472 2208 nibil
2497 2159 2641 2221 pensi
2665 2158 2756 2208 ha·

1689 2236 1880 2286 berent
1933 2237 2345 2302 qualemcunque
2401 2235 2753 2298 ignominiam,

1692 2315 1812 2363 dum
1848 2314 2000 2363 modo
2040 2315 2253 2363 uberem
2289 2312 2571 2362 delationis
2611 2327 2754 2376 qne·

1692 2398 1826 2441 stum
1845 2389 2080 2440 facerent
2101 2407 2117 2451 3
2151 2405 2211 2439 ac
2235 2404 2349 2439 cum
2370 2389 2603 2455 inprimis
2626 2403 2754 2440 non-

1694 2469 1820 2518 nulli
1865 2478 2029 2518 artem
2069 2468 2408 2517 delendorum
2450 2456 2754 2530 stigmatum

1692 2545 1932 2595 calluisse
1989 2544 2246 2593 dicantur.
2362 2545 2482 2597 Quo
2539 2543 2757 2608 respicit

1694 2621 1922 2669 Martial.
1944 2633 2023 2669 vr.
2047 2623 2129 2668 64.
2162 2619 2454 2683 ‘Stigmata
2475 2635 2573 2669 nec
2605 2619 2757 2670 vafra

1694 2695 1894 2745 delebit
1932 2696 2211 2744 Cinnamus
2248 2694 2400 2745 arte.'
2468 2697 2538 2745 Et
2578 2709 2636 2745 x.
2673 2699 2757 2746 57.

1694 2772 1912 2821 ‘Tristia
1937 2785 2200 2819 servorum
2240 2772 2485 2834 stigmata
2516 2771 2662 2821 delet
2687 2772 2756 2821 E·

1694 2846 1814 2897 ros!
1903 2848 2072 2899 Quam
2118 2856 2280 2896 artem
2327 2847 2487 2896 etiam
2534 2846 2759 2897 tradidit

1697 2926 1872 2975 Diosc.
1900 2939 1938 2973 1.
1962 2928 2074 2973 116.
2099 2932 2152 2973 et
2177 2938 2255 2973 rv-
2278 2928 2361 2973 76.
2396 2924 2637 2975 Schmun.

1759 3000 1855 3050 Sed
1889 2999 2180 3065 exspectent]
2214 3001 2319 3049 Pro
2351 3005 2643 3063 exspectent,
2666 2999 2760 3049 de·

1698 3076 1943 3140 prehendi
1998 3081 2207 3141 spectent
2261 3077 2314 3125 in
2371 3076 2758 3140 exemplaribus

1695 3153 2009 3216 Panegyrici
2030 3153 2275 3214 Pliniani,
2291 3167 2408 3217 qnae
2431 3153 2621 3202 evolvi.
2658 3152 2762 3202 Re-

1696 3231 1827 3280 tinet
1848 3231 2064 3280 eandem
2084 3229 2423 3291 Arntzenins,
2450 3236 2505 3278 et
2520 3229 2761 3293 exponit.

1699 3309 1819 3357 Non
1838 3308 2045 3356 videant
2071 3308 2349 3369 delatores,
2366 3305 2486 3368 sibi,
2511 3312 2566 3355 ut
2588 3312 2765 3367 antea,

1699 3385 1913 3449 proemia
1935 3385 2217 3449 adsignari,
2242 3384 2332 3433 sed
2359 3383 2547 3432 damna
2575 3381 2762 3432 inferri

1699 3467 1755 3509 et
1795 3475 1988 3525 poenas.
2057 3460 2226 3508 Etiam
2260 3459 2526 3509 Gesnerus
2563 3466 2767 3522 censet,

1698 3549 1811 3584 eam
1839 3536 1914 3584 sic
1939 3535 2192 3599 explicari
2228 3549 2414 3597 posse:
2449 3534 2553 3585 Sed
2587 3535 2759 3585 consi-

1698 3611 1885 3662 derent
1903 3620 2025 3661 ante
2043 3608 2237 3660 factum
2258 3628 2273 3661 ε
2295 3610 2455 3660 nihilo
2474 3612 2641 3660 minus
2661 3611 2764 3669 bic,

1699 3688 1824 3738 dato
1867 3697 2057 3738 nostroe
2103 3688 2419 3752 conjecture
2474 3688 2613 3750 loco,
2668 3702 2765 3752 pro

1698 3766 1858 3815 verbo
1880 3763 2099 3828 simplici
2134 3768 2366 3827 spectent,
2398 3764 2602 3828 recepit
2627 3777 2765 3814 eom·

1698 3844 1924 3907 positum
1949 3847 2237 3904 exspectent.
2274 3840 2480 3889 Dudum
2505 3843 2643 3891 enim
2670 3841 2767 3890 mi·

1697 3918 1750 3967 hi
1798 3932 2098 3982 persuasum
2140 3915 2315 3974 habui,
2366 3916 2583 3966 verbnm
2636 3924 2765 3966 ‘ex-

1699 3993 1983 4059 spectare’
2037 3992 2289 4057 majorem
2336 3993 2438 4042 vim
2481 3992 2604 4043 huic
2646 3994 2765 4043 loco

1700 4071 2001 4121 conciliare.
2067 4069 2312 4118 Dicimur
2336 4069 2471 4117 enirn
2511 4073 2527 4096 ⁸
2547 4082 2763 4132 exspec-

1700 4144 1856 4208 tare,'
1889 4160 2006 4195 cum
2040 4160 2122 4208 ea,
2159 4158 2276 4208 qne
2298 4158 2601 4208 speramns;
2640 4151 2772 4208 tum,

1702 4238 1822 4287 quae
1848 4224 2125 4273 metuimus
2148 4221 2340 4270 futura.
2373 4222 2451 4270 Ex
2477 4221 2768 4284 posteriore

1702 4299 1936 4363 notione,
1960 4314 2077 4365 qua
2115 4298 2218 4348 hnc
2256 4298 2508 4363 pertinet,
2549 4297 2768 4350 verbum
