3060 4902
565 362 696 428 670

568 531 653 574 ter
689 537 843 588 supra
883 537 1020 574 xxx.
1051 530 1101 574 4.
1136 525 1291 586 dixit,
1327 528 1343 557 ⁸
1382 537 1628 593 usurpata

564 601 823 662 collium3'
859 609 910 649 et
937 602 1097 664 Epist.
1121 616 1249 652 vnr.
1270 608 1319 654 4.
1353 605 1369 633 ⁸
1398 604 1628 656 Obsessa

564 681 751 730 castris
775 680 1021 729 montium
1047 681 1307 743 abrupta)
1376 685 1629 734 Quinctil.

562 760 720 809 Deci.
744 772 799 809 v.
822 764 873 807 4.
894 767 909 788 ‘
928 760 990 809 Iu
1016 762 1321 809 tristissimae
1344 764 1626 812 necessita·

563 834 630 883 tis
654 836 853 897 positus
879 834 1137 899 abrupto-⁹
1190 838 1369 887 Voluit
1391 838 1488 887 ltoc
1511 840 1627 889 loco

564 910 770 960 Plinius
804 912 999 966 dicere,
1035 912 1120 962 Ob
1157 922 1404 963 mutatam
1442 915 1625 964 civita-

563 995 691 1047 tem,
715 988 766 1036 iu
791 996 1055 1051 posterum
1080 989 1363 1052 disjunctio
1387 991 1624 1054 quaedam

560 1063 1007 1113 necessitudinum
1044 1072 1097 1113 et
1136 1067 1502 1128 cognationum
1537 1082 1623 1116 ue·

559 1140 749 1188 minem
775 1141 849 1188 ita
882 1139 1106 1195 deseret,
1129 1155 1189 1188 ac
1218 1141 1361 1203 quasi
1388 1142 1625 1205 nudabit,

562 1222 643 1275 ut,
667 1215 892 1278 exempli
918 1230 1119 1277 cauisse,
1143 1228 1313 1280 pater,
1338 1233 1367 1265 a
1390 1217 1506 1267 filiis
1541 1234 1621 1269 se-

552 1290 785 1354 junctus,
822 1292 999 1340 similis
1036 1295 1104 1341 sit
1142 1294 1310 1342 arbori
1347 1301 1621 1358 truncatae,

557 1367 642 1414 cui
668 1368 795 1415 rami
822 1368 898 1415 sui
923 1377 1043 1417 sunt
1076 1372 1348 1432 amputati.
1415 1373 1429 1397 ⁴
1454 1373 1620 1419 Trun-

560 1457 651 1491 cus
673 1441 688 1464 ’
723 1443 821 1492 hoc
845 1445 957 1493 loco
982 1460 1081 1493 nou
1117 1457 1193 1493 est
1221 1447 1620 1508 substantivum,

558 1520 685 1567 alias
709 1521 963 1582 particula
989 1522 1236 1582 δγκλιτικὴ
1255 1539 1341 1585 que
1365 1539 1463 1572 nou
1480 1534 1620 1574 stare

558 1604 739 1658 posset
777 1612 890 1646 cum
921 1613 1046 1647 voce
1071 1601 1085 1624 ‘
1108 1600 1485 1662 atuputatunt;’
1527 1601 1619 1649 sed

557 1680 642 1719 est
697 1672 1032 1737 adjectivum,
1089 1690 1179 1736 pro
1230 1685 1245 1706 ‘
1280 1683 1581 1736 truncatus3
1608 1675 1624 1697 ’

555 1748 703 1809 quasi
726 1748 889 1809 dicat,
926 1750 1197 1799 Neminem
1234 1753 1375 1800 velut
1416 1760 1619 1802 trunca·

553 1829 661 1872 tum
689 1833 1119 1890 amputatumque
1152 1826 1406 1876 destituet
1430 1829 1619 1893 abrup-

554 1907 608 1948 ta
649 1900 761 1950 lraec
806 1903 1136 1952 necessitudo
1192 1904 1299 1952 sive
1357 1907 1618 1966 cognatio.

557 1976 677 2027 Hac
709 1980 1052 2028 translatione
1088 1994 1206 2027 usus
1231 1988 1285 2030 et
1312 1981 1426 2031 Ltv.
1457 1995 1620 2031 xxxx.

555 2056 640 2101 29.
674 2060 687 2081 ‘
716 2054 857 2102 Urbs
888 2064 1092 2115 trunca,
1122 2057 1232 2104 sine
1262 2064 1468 2118 senatu,
1505 2058 1618 2106 sine

549 2128 745 2193 plebe!
788 2131 872 2179 Ita
899 2140 1067 2194 pater,
1084 2133 1232 2194 cujus
1257 2132 1348 2181 filii
1374 2147 1472 2182 non
1498 2142 1619 2183 sunt

550 2205 606 2253 in
624 2206 782 2268 ipsius
801 2214 1083 2270 potestate,
1102 2207 1202 2256 dici
1230 2216 1403 2271 potest
1426 2208 1440 2234 ‘
1466 2220 1616 2272 pater

550 2287 764 2331 truncus
791 2285 900 2332 sine
927 2284 1142 2334 liberis.⁹
1174 2285 1418 2334 Schwarz.

625 2358 767 2409 Velut
810 2362 1052 2425 truncum]
1096 2363 1357 2425 Tanquam
1398 2378 1426 2411 a
1467 2371 1615 2425 patre

545 2434 658 2498 jam
683 2436 981 2492 abscissum,
1017 2447 1105 2487 aut
1138 2447 1318 2488 contra
1342 2456 1371 2488 a
1393 2439 1498 2490 filio
1524 2457 1611 2504 pa·

548 2518 700 2559 trem.
765 2512 984 2562 Haereut
1020 2523 1072 2562 et
1107 2524 1318 2564 manent
1353 2517 1501 2572 tales,
1537 2517 1613 2566 iu-

551 2589 927 2648 terpretatione
952 2590 1180 2653 Trajani.
1216 2592 1353 2654 Lips.

602 2661 920 2725 Pignoribus]
942 2666 985 2715 1.
1001 2681 1048 2713 e.
1063 2667 1259 2728 liberis,
1276 2670 1609 2733 conjuge,pa·

546 2739 801 2801 rentibus,
820 2754 934 2803 avo,
952 2741 1248 2804 nepotibus,
1275 2747 1611 2795 sanctissimis

545 2814 1053 2878 necessitudinibus3
1101 2818 1188 2881 qui
1219 2833 1394 2867 omnes
1430 2821 1608 2870 dicun-

546 2891 947 2941 tur-‘carissima
982 2893 1235 2955 pignora.'
1304 2895 1437 2946 Vide
1473 2899 1609 2946 cele-

542 2963 685 3015 bert·-
706 2966 1083 3031 Schultingium
1101 2970 1165 3019 ad
1186 2973 1438 3024 Quinctil.
1459 2977 1607 3027 Deci.

542 3054 583 3089 ι.
606 3045 656 3091 3.
681 3050 735 3090 et
756 3058 911 3105 supra
929 3045 991 3093 ad
1014 3058 1241 3095 xxxvii.
1260 3052 1310 3095 4.
1347 3048 1593 3100 Schwarz.

610 3118 926 3167 Honestior-es
943 3120 1276 3184 perfruentur]
1313 3123 1358 3172 1.
1381 3139 1426 3171 e.
1449 3127 1605 3174 liono-

539 3192 784 3255 tutiores,
820 3209 1006 3258 nempe
1030 3197 1223 3245 honore
1256 3205 1310 3246 et
1334 3200 1455 3261 jure
1478 3203 1603 3251 civi·

539 3267 662 3316 tatis
721 3269 961 3318 Romanae
1020 3274 1175 3321 aucti.
1243 3281 1257 3302 ‘
1291 3276 1561 3328 Honestus
1590 3279 1606 3302 '

539 3344 731 3407 alioqui
765 3348 971 3409 proprie
997 3347 1039 3395 is
1063 3349 1276 3414 dicitur,
1301 3354 1386 3417 qui
1411 3355 1603 3417 probus

538 3426 638 3491 est,
672 3429 727 3470 et
763 3422 954 3473 virtute
982 3426 1264 3489 praeditus3
1303 3439 1602 3492 propterea,

536 3497 674 3559 quod
697 3498 813 3546 talis
833 3513 941 3561 prae
960 3504 1150 3552 ceteris
1171 3505 1363 3554 honore
1382 3507 1599 3569 dignus:

535 3577 768 3622 attamen
807 3583 860 3622 et
897 3590 989 3636 pro
1030 3583 1043 3604 ⁴
1070 3578 1318 3629 honorato
1344 3581 1357 3602 ’
1393 3583 1601 3649 dicitur,

535 3646 645 3694 sive
673 3649 713 3695 is
740 3648 949 3710 virtute,
974 3651 1082 3700 sive
1113 3655 1211 3702 alio
1245 3658 1417 3715 ruodo,
1441 3660 1600 3710 hono·

534 3737 643 3771 rem
669 3724 736 3772 sit
753 3734 1096 3788 consecutus3
1134 3728 1260 3779 item
1285 3747 1376 3794 pro
1394 3735 1599 3786 homine

533 3800 769 3849 lautioris
824 3802 996 3859 sortis,
1053 3810 1110 3853 et
1171 3805 1316 3856 bouis
1374 3809 1598 3862 fortunae

534 3874 868 3936 abundante3
906 3876 1024 3939 quia
1070 3879 1200 3929 tales
1244 3885 1395 3947 vulgo
1441 3887 1597 3937 liono-

532 3959 731 4001 rantur.
800 3952 978 4002 Plaut.
1003 3954 1156 4018 Capt.
1179 3971 1239 4005 ιι.
1265 3963 1314 4006 3.
1336 3964 1418 4009 82.
1453 3963 1469 3989 ‘
1491 3964 1596 4014 Qui

531 4040 616 4077 me
638 4028 832 4078 honore
852 4029 1201 4080 honestiorem
1225 4048 1428 4098 semper
1452 4037 1598 4102 fecit,

530 4112 588 4153 et
609 4103 771 4155 facit!
838 4105 949 4156 Cic.
986 4105 1051 4154 ad
1085 4108 1225 4157 Fam.
1253 4123 1313 4159 ιι.
1337 4117 1415 4160 15.
1451 4116 1467 4142 ⁸
1496 4114 1594 4164 Fa·

529 4194 629 4230 veo
650 4183 863 4233 Curioni
888 4199 903 4245 ;
936 4185 1194 4234 Caesarem
1217 4186 1491 4240 honestum
1514 4206 1594 4240 es·

531 4270 591 4309 se
612 4259 766 4322 cupio
783 4259 819 4320 ς’
851 4262 886 4310 i.
912 4276 956 4312 e.
994 4262 1301 4316 honoratum
1339 4267 1389 4316 in
1423 4267 1595 4333 digui-

1259 381 1478 431 No'rAE
1527 383 1940 436 VARmRUM
1991 386 2076 437 nt

1708 538 1817 581 tate
1847 546 1956 581 sua.
2001 532 2199 584 Brutus
2232 541 2290 585 et
2314 535 2540 595 Cassius,
2563 538 2624 588 in
2659 540 2773 591 Cic.

1706 608 1769 656 ad
1794 610 1975 658 Famil.
2013 622 2093 658 xr.
2119 614 2168 657 8.
2204 616 2219 638 ‘
2243 611 2323 660 Te
2348 614 2589 675 cupimus
2613 616 2667 664 in
2690 630 2766 666 re·

1706 684 1915 747 publica
1936 685 2100 735 libera
2123 701 2364 750 magnum
2400 697 2559 752 atque
2588 692 2773 741 bones·

1706 771 1814 812 tum
1849 763 2000 813 esse.'
2066 765 2284 814 Petron.
2318 781 2440 830 cap.
2461 772 2545 816 41.
2577 769 2593 797 ⁸
2621 769 2768 819 Nihil

1705 840 1922 902 amplius
1944 841 2280 904 interrogavi,
2302 855 2369 891 ne
2403 843 2610 892 viderer
2644 858 2769 893 nun·

1705 931 1855 979 quam
1881 917 2017 966 inter
2048 918 2293 966 honestos
2329 918 2573 969 coenare.'
2639 921 2766 970 Sue·

1705 999 1811 1041 ton.
1837 992 1975 1055 Aug.
1999 1007 2046 1042 c.
2069 996 2151 1042 46.
2187 996 2203 1021 ⁸
2232 994 2309 1044 Ac
2335 996 2542 1056 necubi,
2565 1004 2656 1045 aut
2678 998 2767 1045 ho·

1699 1075 1966 1117 nestorntn
2005 1067 2259 1119 deficeret
2291 1070 2475 1132 copia;
2510 1079 2601 1119 aut
2641 1073 2767 1121 mul·

1702 1143 1938 1192 titudinis
1960 1144 2159 1194 soboles
2175 1143 2210 1205 ς’
2245 1145 2331 1194 ubi
2356 1149 2372 1175 ‘
2396 1146 2600 1195 honesti
2629 1147 2642 1167 ’
2676 1163 2766 1211 op-

1702 1229 1968 1281 ponuntur
1992 1222 2208 1284 plebeia
2233 1221 2574 1272 multitudini.
2594 1224 2746 1275 Idem.

1763 1294 1859 1344 Sed
1891 1297 2199 1360 honestiores]
2236 1297 2379 1361 Vidi,
2413 1298 2500 1362 qui
2538 1314 2764 1362 expone-

1701 1379 1801 1428 ret,
1834 1374 1902 1421 ob
1940 1376 2207 1424 commoda
2242 1375 2610 1424 hereditatum.
2672 1378 2764 1428 Jo-

1697 1446 1891 1497 hanues
1913 1449 2080 1498 Maria
2099 1450 2376 1499 Catanaeus
2391 1451 2454 1498 ad
2472 1450 2765 1501 immunita-

1700 1530 1804 1572 tem
1832 1525 2094 1587 vigesimae
2117 1527 2379 1577 trahebat.
2416 1528 2764 1586 Neuter,mco

1698 1601 1885 1656 animo,
1911 1602 2079 1652 bene:
2117 1618 2235 1653 nam
2268 1603 2578 1654 beneficium
2603 1609 2763 1656 naxi-

1697 1690 1835 1725 mum
1864 1680 2050 1740 sentit,
2084 1679 2329 1729 Romane
2361 1681 2611 1743 civitatis,
2644 1698 2760 1733 cum

1697 1752 1856 1801 iidem
1901 1761 2021 1817 post
2064 1757 2443 1806 correctionem
2477 1759 2690 1822 Trajani
2728 1776 2757 1810 a

1698 1828 1961 1892 vigesimae
1983 1844 2137 1880 ouer-e
2161 1833 2506 1884 solverentur.
2541 1836 2705 1886 Livius.

1766 1906 2105 1969 Honestiorem]
2140 1910 2369 1959 Civitate
2391 1913 2549 1961 aucti.
2582 1915 2721 1977 Πρω.

1762 1983 1838 2031 Ac
1870 1999 1929 2032 ne
1961 1991 2167 2034 remotus
2199 1987 2410 2049 quidem]
2453 1988 2620 2038 Recte
2656 2006 2762 2041 rno-

1694 2058 1808 2108 nuit
1832 2058 2120 2117 Gesnerus,
2143 2069 2198 2111 et
2215 2072 2337 2112 ante
2360 2065 2493 2113 hunc
2521 2066 2758 2117 laudatus

1694 2133 1982 2198 Dammius,
2017 2137 2137 2187 hinc
2168 2153 2356 2188 novum
2389 2150 2549 2204 caput
2576 2145 2760 2208 incipi·

1692 2209 1883 2259 endum
1930 2226 2064 2261 esse.
2132 2215 2581 2267 Quemadmodum
2623 2221 2756 2270 enim

1693 2285 1895 2334 Plinius
1917 2288 2151 2349 proxime
2175 2292 2439 2353 exposuit,
2461 2308 2561 2358 qua
2584 2297 2758 2346 mode-

1693 2363 1892 2411 ratione
1923 2366 2177 2427 Trajanus
2215 2383 2335 2416 usus
2370 2371 2439 2418 sit
2476 2372 2525 2420 in
2551 2373 2759 2439 dispen-

1691 2440 1864 2488 sandis
1886 2441 2128 2504 gradibus
2154 2446 2505 2509 cognationis3
2532 2448 2602 2497 ita
2620 2465 2759 2501 nunc

1688 2528 2077 2579 commemorat,
2101 2535 2251 2584 quem
2284 2524 2489 2572 modum
2515 2526 2655 2575 idem
2681 2536 2755 2578 te·

1689 2595 1860 2643 nuerit
1886 2595 1937 2643 iu
1963 2598 2259 2658 quantitate
2278 2599 2592 2649 hereditatis
2617 2605 2755 2652 vice·

1691 2673 1835 2721 simae
1860 2673 2180 2738 subjicienda
2201 2690 2215 2735 3
2240 2675 2361 2725 dum
2389 2693 2418 2725 a
2439 2680 2644 2729 modica
2668 2681 2756 2729 he·

1690 2748 1912 2800 reditate
1958 2752 2082 2799 nihil
2126 2752 2459 2802 delibandum
2507 2760 2757 2808 statuerit

1688 2824 1881 2874 Caesar.
1951 2826 2194 2875 Ceterum
2222 2827 2335 2877 haec
2376 2830 2537 2878 verba
2556 2832 2608 2879 in
2641 2835 2754 2896 plu·

1687 2900 1830 2949 rimis
1868 2900 2135 2951 codicibus
2170 2905 2300 2952 Mss-
2335 2906 2600 2969 inquinata
2631 2917 2755 2959 sunt

1685 2976 1872 3024 mendo
1898 2992 1913 3037 ς
1949 2977 2068 3026 dum
2095 2979 2144 3026 in
2170 2980 2232 3028 iis
2252 2981 2478 3031 remotius
2499 2984 2750 3047 scriptum

1684 3059 1781 3098 est.
1826 3051 1915 3101 Sic
1943 3058 1999 3100 et
2021 3052 2073 3100 in
2096 3057 2453 3118 sequentibus,
2474 3072 2568 3121 pro
2595 3061 2752 3110 verbo

1681 3133 1896 3188 cogetur,
1921 3129 1972 3178 iu
1999 3130 2181 3179 codice
2207 3132 2470 3188 Vaticano
2503 3138 2652 3186 3461.
2675 3152 2751 3185 co·

1680 3208 1898 3263 geretur,
1948 3206 1999 3256 in
2041 3208 2507 3273 Guelpherbytano
2546 3229 2755 3276 cogms,

1681 3279 1731 3328 iu
1757 3294 1874 3330 meo
1890 3288 2141 3345 cogentur,
2158 3284 2343 3336 vitiose
2363 3295 2444 3337 est
2459 3300 2749 3340 exaratum.

1679 3354 1919 3408 Schwarz.

1741 3432 1785 3479 Δ
1812 3433 2048 3497 qualibet]
2083 3435 2264 3486 Altera
2297 3439 2587 3490 moderatio
2621 3443 2746 3492 Tra-
2782 3454 2788 3459 ’

1669 3506 1806 3570 jani,
1840 3510 1930 3572 qui
1967 3524 2068 3558 non
2103 3511 2153 3560 in
2188 3513 2435 3576 gradibus
2457 3520 2620 3567 solum
2645 3523 2757 3571 dis·.

1679 3586 1933 3649 pensavit,
1959 3587 2050 3635 sed
2075 3588 2125 3636 in
2147 3592 2303 3640 modo
2327 3592 2654 3646 hereditatis.
2689 3597 2743 3646 Si

1678 3676 1741 3711 ea
1777 3663 1998 3728 modica,
2032 3672 2087 3715 et
2116 3667 2254 3717 intra
2280 3670 2438 3720 talem
2477 3687 2747 3733 summam,

1678 3737 1804 3799 (non
1828 3747 1907 3788 est
1931 3754 2178 3805 expressa
2200 3745 2429 3811 uspiam)
2462 3749 2585 3798 nihil
2620 3750 2743 3801 deli·

1675 3813 1847 3863 batur.
1881 3816 2015 3879 [λιιι.

1748 3891 2028 3942 Vicesimum
2063 3893 2244 3954 inferre
2281 3899 2502 3963 cogetur]
2557 3901 2744 3964 tregua·-

1674 3979 1800 4014 ηιαηι
1824 3974 1879 4017 ιιι
1910 3969 2049 4030 prim
2071 3970 2254 4030 inferre
2272 3982 2467 4035 cogetur
2488 3975 2559 4025 (3.
2581 3976 2747 4030 lam.

1739 4042 1874 4092 cn.
1913 4056 1999 4093 ιι..
2033 4045 2247 4110 Ser-viee]
2280 4049 2342 4098 Id
2379 4058 2481 4107 est.
2514 4066 2742 4116 expone·

1672 4125 1777 4180 tur,
1835 4121 1943 4169 sive
1998 4122 2351 4185 impendetur,
2401 4127 2742 4180 attribuetur.

1673 4194 1985 4257 Calpurnius
2009 4197 2071 4245 ad
2103 4199 2399 4249 Nemesion.
2432 4202 2546 4251 Ecl.
2567 4216 2634 4253 tr.
2659 4209 2740 4254 70.

1672 4271 1688 4298 ‘
1717 4279 1881 4323 totum
1907 4272 2003 4324 tibi
2018 4276 2213 4326 serviet
2231 4276 2486 4329 bornum-¹
2523 4280 2738 4332 Petron.
