<?xml version="1.0" encoding="UTF-8"?>
<!DOCTYPE html PUBLIC "-//W3C//DTD XHTML 1.0 Transitional//EN"
    "http://www.w3.org/TR/xhtml1/DTD/xhtml1-transitional.dtd">
<html xmlns="http://www.w3.org/1999/xhtml" xml:lang="en" lang="en">
 <head>
  <title>
</title>
<meta http-equiv="Content-Type" content="text/html;charset=utf-8" />
  <meta name='ocr-system' content='tesseract 3.04.00' />
  <meta name='ocr-capabilities' content='ocr_page ocr_carea ocr_par ocr_line ocrx_word'/>
</head>
<body>
  <div class='ocr_page' id='page_1' title='image "./panegyriciveter02unkngoog_0395.png"; bbox 0 0 3060 4902; ppageno 0'>
   <div class='ocr_carea' id='block_1_1' title="bbox 718 369 1790 425">
    <p class='ocr_par' dir='ltr' id='par_1_1' title="bbox 718 369 1790 425">
     <span class='ocr_line' id='line_1_1' title="bbox 718 369 1790 425; baseline -0.005 -3"><span class='ocrx_word' id='word_1_1' title='bbox 718 377 782 425; x_wconf 84' lang='grc' dir='ltr'>Ο.</span> <span class='ocrx_word' id='word_1_2' title='bbox 832 373 1076 422; x_wconf 74' lang='lat' dir='ltr'>Pmmt</span> <span class='ocrx_word' id='word_1_3' title='bbox 1127 370 1460 419; x_wconf 74' lang='lat' dir='ltr'>SECUNm</span> <span class='ocrx_word' id='word_1_4' title='bbox 1512 369 1790 418; x_wconf 71' lang='lat' dir='ltr'>PANEG.</span> 
     </span>
    </p>
   </div>
   <div class='ocr_carea' id='block_1_2' title="bbox 280 513 1358 4346">
    <p class='ocr_par' dir='ltr' id='par_1_2' title="bbox 299 513 1351 968">
     <span class='ocr_line' id='line_1_2' title="bbox 362 513 1350 579; baseline -0.009 -10"><span class='ocrx_word' id='word_1_5' title='bbox 362 514 707 579; x_wconf 72' lang='lat' dir='ltr'>Necessitates]</span> <span class='ocrx_word' id='word_1_6' title='bbox 743 513 1028 566; x_wconf 72' lang='lat' dir='ltr'>Nem-itas.</span> <span class='ocrx_word' id='word_1_7' title='bbox 1091 514 1224 566; x_wconf 76' lang='lat' dir='ltr'>Quoe</span> <span class='ocrx_word' id='word_1_8' title='bbox 1260 525 1350 561; x_wconf 84' lang='lat' dir='ltr'>na-</span> 
     </span>
     <span class='ocr_line' id='line_1_3' title="bbox 304 590 1350 656; baseline -0.008 -11"><span class='ocrx_word' id='word_1_9' title='bbox 304 597 504 646; x_wconf 84' lang='lat' dir='ltr'>cessitas</span> <span class='ocrx_word' id='word_1_10' title='bbox 526 596 646 645; x_wconf 83' lang='lat' dir='ltr'>olim</span> <span class='ocrx_word' id='word_1_11' title='bbox 671 601 804 651; x_wconf 80' lang='lat' dir='ltr'>erat,</span> <span class='ocrx_word' id='word_1_12' title='bbox 831 601 887 643; x_wconf 88' lang='lat' dir='ltr'>et</span> <span class='ocrx_word' id='word_1_13' title='bbox 908 590 1131 656; x_wconf 85' lang='lat' dir='ltr'>jubebat</span> <span class='ocrx_word' id='word_1_14' title='bbox 1164 603 1350 640; x_wconf 86' lang='lat' dir='ltr'>consu·</span> 
     </span>
     <span class='ocr_line' id='line_1_4' title="bbox 301 669 1351 736; baseline -0.007 -14"><span class='ocrx_word' id='word_1_15' title='bbox 301 675 369 722; x_wconf 86' lang='lat' dir='ltr'>les</span> <span class='ocrx_word' id='word_1_16' title='bbox 411 687 552 736; x_wconf 74' lang='lat' dir='ltr'>saepe</span> <span class='ocrx_word' id='word_1_17' title='bbox 586 670 795 721; x_wconf 86' lang='lat' dir='ltr'>eosdem</span> <span class='ocrx_word' id='word_1_18' title='bbox 830 669 1017 725; x_wconf 86' lang='lat' dir='ltr'>creari,</span> <span class='ocrx_word' id='word_1_19' title='bbox 1054 682 1225 717; x_wconf 90' lang='lat' dir='ltr'>rerum</span> <span class='ocrx_word' id='word_1_20' title='bbox 1260 681 1351 716; x_wconf 79' lang='lat' dir='ltr'>ex·</span> 
     </span>
     <span class='ocr_line' id='line_1_5' title="bbox 300 745 1351 813; baseline -0.006 -16"><span class='ocrx_word' id='word_1_21' title='bbox 300 758 493 813; x_wconf 60' lang='lat' dir='ltr'>perron</span> <span class='ocrx_word' id='word_1_22' title='bbox 551 756 604 799; x_wconf 82' lang='lat' dir='ltr'>at</span> <span class='ocrx_word' id='word_1_23' title='bbox 650 763 786 797; x_wconf 90' lang='lat' dir='ltr'>nunc</span> <span class='ocrx_word' id='word_1_24' title='bbox 820 762 883 797; x_wconf 79' lang='lat' dir='ltr'>ea</span> <span class='ocrx_word' id='word_1_25' title='bbox 923 747 1063 795; x_wconf 81' lang='lat' dir='ltr'>nulla</span> <span class='ocrx_word' id='word_1_26' title='bbox 1100 752 1202 806; x_wconf 84' lang='lat' dir='ltr'>est,</span> <span class='ocrx_word' id='word_1_27' title='bbox 1240 745 1351 793; x_wconf 84' lang='lat' dir='ltr'>sola</span> 
     </span>
     <span class='ocr_line' id='line_1_6' title="bbox 300 822 1350 890; baseline -0.006 -15"><span class='ocrx_word' id='word_1_28' title='bbox 300 827 579 890; x_wconf 76' lang='lat' dir='ltr'>benignitas</span> <span class='ocrx_word' id='word_1_29' title='bbox 618 834 707 875; x_wconf 86' lang='lat' dir='ltr'>tna</span> <span class='ocrx_word' id='word_1_30' title='bbox 739 826 837 875; x_wconf 83' lang='lat' dir='ltr'>boc</span> <span class='ocrx_word' id='word_1_31' title='bbox 875 822 1004 873; x_wconf 86' lang='lat' dir='ltr'>facit</span> <span class='ocrx_word' id='word_1_32' title='bbox 1037 831 1093 874; x_wconf 85' lang='lat' dir='ltr'>et</span> <span class='ocrx_word' id='word_1_33' title='bbox 1126 822 1350 872; x_wconf 82' lang='lat' dir='ltr'>inducit·</span> 
     </span>
     <span class='ocr_line' id='line_1_7' title="bbox 299 903 423 968; baseline 0 -16"><span class='ocrx_word' id='word_1_34' title='bbox 299 903 423 968; x_wconf 67' lang='grc' dir='ltr'>Εὖγε.</span> 
     </span>
    </p>

    <p class='ocr_par' dir='ltr' id='par_1_3' title="bbox 297 978 1352 1493">
     <span class='ocr_line' id='line_1_8' title="bbox 354 978 1350 1042; baseline -0.002 -12"><span class='ocrx_word' id='word_1_35' title='bbox 354 979 642 1040; x_wconf 72' lang='lat' dir='ltr'>AEmaleiar]</span> <span class='ocrx_word' id='word_1_36' title='bbox 666 979 941 1029; x_wconf 84' lang='lat' dir='ltr'>Imitetur:</span> <span class='ocrx_word' id='word_1_37' title='bbox 977 992 1097 1040; x_wconf 88' lang='lat' dir='ltr'>non,</span> <span class='ocrx_word' id='word_1_38' title='bbox 1118 978 1252 1042; x_wconf 86' lang='lat' dir='ltr'>quod</span> <span class='ocrx_word' id='word_1_39' title='bbox 1274 978 1350 1028; x_wconf 90' lang='lat' dir='ltr'>illi</span> 
     </span>
     <span class='ocr_line' id='line_1_9' title="bbox 297 1059 1351 1126; baseline -0.001 -17"><span class='ocrx_word' id='word_1_40' title='bbox 297 1062 442 1126; x_wconf 84' lang='lat' dir='ltr'>prisci</span> <span class='ocrx_word' id='word_1_41' title='bbox 468 1062 733 1126; x_wconf 85' lang='lat' dir='ltr'>potuerint</span> <span class='ocrx_word' id='word_1_42' title='bbox 769 1061 923 1120; x_wconf 89' lang='lat' dir='ltr'>scire,</span> <span class='ocrx_word' id='word_1_43' title='bbox 946 1059 1068 1124; x_wconf 87' lang='lat' dir='ltr'>quid</span> <span class='ocrx_word' id='word_1_44' title='bbox 1097 1059 1351 1121; x_wconf 84' lang='lat' dir='ltr'>Trajanus</span> 
     </span>
     <span class='ocr_line' id='line_1_10' title="bbox 298 1135 1348 1200; baseline -0.004 -13"><span class='ocrx_word' id='word_1_45' title='bbox 298 1138 544 1200; x_wconf 79' lang='lat' dir='ltr'>facturus,</span> <span class='ocrx_word' id='word_1_46' title='bbox 573 1139 739 1187; x_wconf 85' lang='lat' dir='ltr'>minus</span> <span class='ocrx_word' id='word_1_47' title='bbox 775 1137 1000 1197; x_wconf 80' lang='lat' dir='ltr'>imitari3</span> <span class='ocrx_word' id='word_1_48' title='bbox 1035 1135 1127 1185; x_wconf 90' lang='lat' dir='ltr'>sed</span> <span class='ocrx_word' id='word_1_49' title='bbox 1152 1135 1348 1185; x_wconf 84' lang='lat' dir='ltr'>dictum</span> 
     </span>
     <span class='ocr_line' id='line_1_11' title="bbox 299 1212 1350 1278; baseline 0.001 -16"><span class='ocrx_word' id='word_1_50' title='bbox 299 1217 465 1276; x_wconf 80' lang='lat' dir='ltr'>voluit,</span> <span class='ocrx_word' id='word_1_51' title='bbox 499 1216 653 1267; x_wconf 81' lang='lat' dir='ltr'>Quod</span> <span class='ocrx_word' id='word_1_52' title='bbox 710 1224 795 1264; x_wconf 88' lang='lat' dir='ltr'>tua</span> <span class='ocrx_word' id='word_1_53' title='bbox 840 1215 1134 1278; x_wconf 83' lang='lat' dir='ltr'>benignitas</span> <span class='ocrx_word' id='word_1_54' title='bbox 1169 1212 1350 1272; x_wconf 85' lang='lat' dir='ltr'>faciat,</span> 
     </span>
     <span class='ocr_line' id='line_1_12' title="bbox 297 1291 1351 1353; baseline 0.001 -15"><span class='ocrx_word' id='word_1_55' title='bbox 297 1291 384 1341; x_wconf 73' lang='lat' dir='ltr'>hoc</span> <span class='ocrx_word' id='word_1_56' title='bbox 417 1292 551 1341; x_wconf 85' lang='lat' dir='ltr'>idem</span> <span class='ocrx_word' id='word_1_57' title='bbox 587 1291 726 1353; x_wconf 86' lang='lat' dir='ltr'>apud</span> <span class='ocrx_word' id='word_1_58' title='bbox 765 1291 889 1340; x_wconf 86' lang='lat' dir='ltr'>alios</span> <span class='ocrx_word' id='word_1_59' title='bbox 929 1292 1212 1339; x_wconf 74' lang='lat' dir='ltr'>necessitas</span> <span class='ocrx_word' id='word_1_60' title='bbox 1247 1304 1351 1339; x_wconf 89' lang='lat' dir='ltr'>non</span> 
     </span>
     <span class='ocr_line' id='line_1_13' title="bbox 298 1367 1352 1432; baseline 0 -18"><span class='ocrx_word' id='word_1_61' title='bbox 298 1376 391 1415; x_wconf 76' lang='lat' dir='ltr'>tam</span> <span class='ocrx_word' id='word_1_62' title='bbox 434 1369 683 1424; x_wconf 82' lang='lat' dir='ltr'>imitatur,</span> <span class='ocrx_word' id='word_1_63' title='bbox 732 1381 885 1432; x_wconf 88' lang='lat' dir='ltr'>qnam</span> <span class='ocrx_word' id='word_1_64' title='bbox 927 1367 1073 1431; x_wconf 89' lang='lat' dir='ltr'>paria</span> <span class='ocrx_word' id='word_1_65' title='bbox 1118 1373 1352 1431; x_wconf 84' lang='lat' dir='ltr'>usurpat.</span> 
     </span>
     <span class='ocr_line' id='line_1_14' title="bbox 301 1443 441 1493; baseline 0 -1"><span class='ocrx_word' id='word_1_66' title='bbox 301 1443 441 1493; x_wconf 71' lang='lat' dir='ltr'>Iden.</span> 
     </span>
    </p>

    <p class='ocr_par' dir='ltr' id='par_1_4' title="bbox 291 1519 1354 2951">
     <span class='ocr_line' id='line_1_15' title="bbox 372 1519 1350 1585; baseline 0.003 -17"><span class='ocrx_word' id='word_1_67' title='bbox 372 1521 540 1585; x_wconf 76' lang='lat' dir='ltr'>Modo]</span> <span class='ocrx_word' id='word_1_68' title='bbox 577 1520 872 1570; x_wconf 73' lang='lat' dir='ltr'><strong>Beroaldus</strong></span> <span class='ocrx_word' id='word_1_69' title='bbox 904 1519 1150 1570; x_wconf 83' lang='lat' dir='ltr'>mendose</span> <span class='ocrx_word' id='word_1_70' title='bbox 1182 1519 1350 1572; x_wconf 77' lang='lat' dir='ltr'>edidit</span> 
     </span>
     <span class='ocr_line' id='line_1_16' title="bbox 299 1596 1349 1661; baseline -0.003 -13"><span class='ocrx_word' id='word_1_71' title='bbox 299 1600 415 1648; x_wconf 74' lang='lat' dir='ltr'>Non.</span> <span class='ocrx_word' id='word_1_72' title='bbox 449 1597 722 1647; x_wconf 82' lang='lat' dir='ltr'>Particnla</span> <span class='ocrx_word' id='word_1_73' title='bbox 745 1599 880 1647; x_wconf 74' lang='lat' dir='ltr'>modo</span> <span class='ocrx_word' id='word_1_74' title='bbox 906 1611 1007 1645; x_wconf 89' lang='lat' dir='ltr'>non</span> <span class='ocrx_word' id='word_1_75' title='bbox 1037 1598 1192 1651; x_wconf 78' lang='lat' dir='ltr'>valet,</span> <span class='ocrx_word' id='word_1_76' title='bbox 1211 1596 1349 1661; x_wconf 89' lang='lat' dir='ltr'>quod</span> 
     </span>
     <span class='ocr_line' id='line_1_17' title="bbox 294 1673 1350 1739; baseline -0.002 -15"><span class='ocrx_word' id='word_1_77' title='bbox 294 1678 307 1703; x_wconf 79' lang='lat'><em>⁶</em></span> <span class='ocrx_word' id='word_1_78' title='bbox 325 1676 487 1731; x_wconf 72' lang='lat' dir='ltr'>nunt-,⁹</span> <span class='ocrx_word' id='word_1_79' title='bbox 509 1678 622 1725; x_wconf 75' lang='lat' dir='ltr'>sive</span> <span class='ocrx_word' id='word_1_80' title='bbox 645 1685 659 1707; x_wconf 77' lang='lat'>⁸</span> <span class='ocrx_word' id='word_1_81' title='bbox 676 1677 726 1724; x_wconf 93' lang='lat' dir='ltr'>in</span> <span class='ocrx_word' id='word_1_82' title='bbox 745 1673 1034 1739; x_wconf 53' lang='lat' dir='ltr'>praeseutiss</span> <span class='ocrx_word' id='word_1_83' title='bbox 1057 1675 1148 1723; x_wconf 90' lang='lat' dir='ltr'>sed</span> <span class='ocrx_word' id='word_1_84' title='bbox 1170 1677 1184 1702; x_wconf 92' lang='lat'>‘</span> <span class='ocrx_word' id='word_1_85' title='bbox 1204 1675 1350 1737; x_wconf 86' lang='lat' dir='ltr'>paul-</span> 
     </span>
     <span class='ocr_line' id='line_1_18' title="bbox 296 1751 1351 1803; baseline 0 -2"><span class='ocrx_word' id='word_1_86' title='bbox 296 1753 342 1801; x_wconf 84' lang='lat' dir='ltr'>lo</span> <span class='ocrx_word' id='word_1_87' title='bbox 362 1753 513 1803; x_wconf 61' lang='lat' dir='ltr'>ante!</span> <span class='ocrx_word' id='word_1_88' title='bbox 565 1754 681 1803; x_wconf 87' lang='lat' dir='ltr'>Cic.</span> <span class='ocrx_word' id='word_1_89' title='bbox 707 1754 862 1801; x_wconf 85' lang='lat' dir='ltr'>Verr.</span> <span class='ocrx_word' id='word_1_90' title='bbox 890 1765 968 1801; x_wconf 83' lang='lat' dir='ltr'>tx.</span> <span class='ocrx_word' id='word_1_91' title='bbox 992 1756 1042 1802; x_wconf 72' lang='grc'>3.</span> <span class='ocrx_word' id='word_1_92' title='bbox 1062 1756 1075 1781; x_wconf 83' lang='lat'>⁸</span> <span class='ocrx_word' id='word_1_93' title='bbox 1098 1751 1237 1803; x_wconf 79' lang='lat' dir='ltr'>Quid</span> <span class='ocrx_word' id='word_1_94' title='bbox 1272 1752 1351 1801; x_wconf 89' lang='lat' dir='ltr'>di-</span> 
     </span>
     <span class='ocr_line' id='line_1_19' title="bbox 295 1828 1351 1894; baseline -0.001 -16"><span class='ocrx_word' id='word_1_95' title='bbox 295 1843 373 1887; x_wconf 87' lang='lat' dir='ltr'>co,</span> <span class='ocrx_word' id='word_1_96' title='bbox 403 1831 611 1894; x_wconf 83' lang='lat' dir='ltr'>nuper?</span> <span class='ocrx_word' id='word_1_97' title='bbox 678 1830 845 1879; x_wconf 85' lang='lat' dir='ltr'>Immo</span> <span class='ocrx_word' id='word_1_98' title='bbox 888 1843 1035 1888; x_wconf 85' lang='lat' dir='ltr'>vero,</span> <span class='ocrx_word' id='word_1_99' title='bbox 1071 1828 1244 1890; x_wconf 87' lang='lat' dir='ltr'>modo,</span> <span class='ocrx_word' id='word_1_100' title='bbox 1289 1843 1351 1878; x_wconf 90' lang='lat' dir='ltr'>ac</span> 
     </span>
     <span class='ocr_line' id='line_1_20' title="bbox 297 1905 1352 1969; baseline 0.001 -16"><span class='ocrx_word' id='word_1_101' title='bbox 297 1905 438 1967; x_wconf 78' lang='lat' dir='ltr'>plane</span> <span class='ocrx_word' id='word_1_102' title='bbox 484 1907 661 1969; x_wconf 87' lang='lat' dir='ltr'>paullo</span> <span class='ocrx_word' id='word_1_103' title='bbox 706 1914 828 1954; x_wconf 87' lang='lat' dir='ltr'>ante</span> <span class='ocrx_word' id='word_1_104' title='bbox 874 1905 1130 1955; x_wconf 77' lang='lat' dir='ltr'>vidimus-⁹</span> <span class='ocrx_word' id='word_1_105' title='bbox 1211 1906 1352 1956; x_wconf 85' lang='lat' dir='ltr'>Alibi</span> 
     </span>
     <span class='ocr_line' id='line_1_21' title="bbox 296 1981 1352 2045; baseline 0.002 -17"><span class='ocrx_word' id='word_1_106' title='bbox 296 1996 409 2031; x_wconf 80' lang='lat' dir='ltr'>vero</span> <span class='ocrx_word' id='word_1_107' title='bbox 434 1983 544 2032; x_wconf 85' lang='lat' dir='ltr'>Cic.</span> <span class='ocrx_word' id='word_1_108' title='bbox 575 1996 670 2045; x_wconf 86' lang='lat' dir='ltr'>pro</span> <span class='ocrx_word' id='word_1_109' title='bbox 695 1983 937 2045; x_wconf 87' lang='lat' dir='ltr'>Murena,</span> <span class='ocrx_word' id='word_1_110' title='bbox 960 1996 1007 2031; x_wconf 90' lang='lat' dir='ltr'>c.</span> <span class='ocrx_word' id='word_1_111' title='bbox 1027 1986 1110 2029; x_wconf 80' lang='grc'>41.</span> <span class='ocrx_word' id='word_1_112' title='bbox 1129 1982 1144 2010; x_wconf 86' lang='lat'>‘</span> <span class='ocrx_word' id='word_1_113' title='bbox 1163 1981 1352 2043; x_wconf 88' lang='lat' dir='ltr'>modo,’</span> 
     </span>
     <span class='ocr_line' id='line_1_22' title="bbox 294 2060 1352 2122; baseline -0.001 -13"><span class='ocrx_word' id='word_1_114' title='bbox 294 2069 342 2109; x_wconf 81' lang='lat' dir='ltr'>et</span> <span class='ocrx_word' id='word_1_115' title='bbox 356 2061 370 2087; x_wconf 92' lang='lat'>‘</span> <span class='ocrx_word' id='word_1_116' title='bbox 390 2060 562 2117; x_wconf 86' lang='lat' dir='ltr'>nnnc,&#39;</span> <span class='ocrx_word' id='word_1_117' title='bbox 575 2060 671 2109; x_wconf 88' lang='lat' dir='ltr'>sibi</span> <span class='ocrx_word' id='word_1_118' title='bbox 692 2060 914 2108; x_wconf 86' lang='lat' dir='ltr'>invicem</span> <span class='ocrx_word' id='word_1_119' title='bbox 934 2060 1183 2122; x_wconf 83' lang='lat' dir='ltr'>opponit:</span> <span class='ocrx_word' id='word_1_120' title='bbox 1207 2061 1352 2109; x_wconf 85' lang='lat' dir='ltr'>‘Ma-</span> 
     </span>
     <span class='ocr_line' id='line_1_23' title="bbox 296 2136 1354 2198; baseline 0.002 -15"><span class='ocrx_word' id='word_1_121' title='bbox 296 2143 373 2183; x_wconf 82' lang='lat' dir='ltr'>ter</span> <span class='ocrx_word' id='word_1_122' title='bbox 392 2139 600 2198; x_wconf 84' lang='lat' dir='ltr'>misera,</span> <span class='ocrx_word' id='word_1_123' title='bbox 624 2136 779 2185; x_wconf 90' lang='lat' dir='ltr'>modo</span> <span class='ocrx_word' id='word_1_124' title='bbox 812 2137 1076 2185; x_wconf 87' lang='lat' dir='ltr'>consulem</span> <span class='ocrx_word' id='word_1_125' title='bbox 1118 2137 1354 2185; x_wconf 82' lang='lat' dir='ltr'>osculata</span> 
     </span>
     <span class='ocr_line' id='line_1_24' title="bbox 295 2211 1353 2270; baseline 0.002 -10"><span class='ocrx_word' id='word_1_126' title='bbox 295 2211 442 2262; x_wconf 73' lang='lat' dir='ltr'>filium</span> <span class='ocrx_word' id='word_1_127' title='bbox 464 2230 633 2270; x_wconf 87' lang='lat' dir='ltr'>snum,</span> <span class='ocrx_word' id='word_1_128' title='bbox 657 2229 795 2263; x_wconf 88' lang='lat' dir='ltr'>nuuc</span> <span class='ocrx_word' id='word_1_129' title='bbox 836 2216 1117 2269; x_wconf 82' lang='lat' dir='ltr'>cruciatur,</span> <span class='ocrx_word' id='word_1_130' title='bbox 1140 2222 1193 2263; x_wconf 88' lang='lat' dir='ltr'>et</span> <span class='ocrx_word' id='word_1_131' title='bbox 1232 2215 1353 2263; x_wconf 89' lang='lat' dir='ltr'>soli-</span> 
     </span>
     <span class='ocr_line' id='line_1_25' title="bbox 293 2289 1352 2351; baseline 0.003 -14"><span class='ocrx_word' id='word_1_132' title='bbox 293 2289 388 2337; x_wconf 85' lang='lat' dir='ltr'>cita</span> <span class='ocrx_word' id='word_1_133' title='bbox 409 2289 522 2339; x_wconf 62' lang='lat' dir='ltr'>est!</span> <span class='ocrx_word' id='word_1_134' title='bbox 593 2291 812 2340; x_wconf 83' lang='lat' dir='ltr'><strong>Interim</strong></span> <span class='ocrx_word' id='word_1_135' title='bbox 839 2291 1066 2351; x_wconf 89' lang='lat' dir='ltr'>Plinius,</span> <span class='ocrx_word' id='word_1_136' title='bbox 1103 2296 1217 2339; x_wconf 85' lang='lat' dir='ltr'>arte</span> <span class='ocrx_word' id='word_1_137' title='bbox 1238 2305 1352 2340; x_wconf 87' lang='lat' dir='ltr'>ora·</span> 
     </span>
     <span class='ocr_line' id='line_1_26' title="bbox 295 2365 1352 2429; baseline 0.004 -17"><span class='ocrx_word' id='word_1_138' title='bbox 295 2365 419 2413; x_wconf 87' lang='lat' dir='ltr'>toria</span> <span class='ocrx_word' id='word_1_139' title='bbox 443 2381 586 2421; x_wconf 83' lang='lat' dir='ltr'>usus,</span> <span class='ocrx_word' id='word_1_140' title='bbox 608 2366 753 2429; x_wconf 88' lang='lat' dir='ltr'>qnasi</span> <span class='ocrx_word' id='word_1_141' title='bbox 793 2365 859 2415; x_wconf 90' lang='lat' dir='ltr'>de</span> <span class='ocrx_word' id='word_1_142' title='bbox 894 2380 949 2414; x_wconf 86' lang='lat' dir='ltr'>re</span> <span class='ocrx_word' id='word_1_143' title='bbox 989 2367 1233 2429; x_wconf 80' lang='lat' dir='ltr'>praeseuti</span> <span class='ocrx_word' id='word_1_144' title='bbox 1270 2367 1352 2416; x_wconf 83' lang='lat' dir='ltr'>hic</span> 
     </span>
     <span class='ocr_line' id='line_1_27' title="bbox 292 2439 1353 2506; baseline 0.003 -17"><span class='ocrx_word' id='word_1_145' title='bbox 292 2439 535 2506; x_wconf 77' lang='lat' dir='ltr'>loquitur,</span> <span class='ocrx_word' id='word_1_146' title='bbox 561 2443 696 2490; x_wconf 69' lang='lat' dir='ltr'>nodo</span> <span class='ocrx_word' id='word_1_147' title='bbox 714 2446 983 2505; x_wconf 61' lang='lat' dir='ltr'>protestor</span> <span class='ocrx_word' id='word_1_148' title='bbox 1005 2448 1256 2503; x_wconf 72' lang='lat' dir='ltr'>exuerant,</span> <span class='ocrx_word' id='word_1_149' title='bbox 1278 2458 1353 2493; x_wconf 85' lang='lat' dir='ltr'>re·</span> 
     </span>
     <span class='ocr_line' id='line_1_28' title="bbox 292 2519 1354 2580; baseline 0 -13"><span class='ocrx_word' id='word_1_150' title='bbox 292 2526 504 2577; x_wconf 59' lang='lat' dir='ltr'>manu</span> <span class='ocrx_word' id='word_1_151' title='bbox 541 2519 628 2567; x_wconf 89' lang='lat' dir='ltr'>ubi</span> <span class='ocrx_word' id='word_1_152' title='bbox 667 2520 739 2568; x_wconf 90' lang='lat' dir='ltr'>rei</span> <span class='ocrx_word' id='word_1_153' title='bbox 777 2526 939 2580; x_wconf 84' lang='lat' dir='ltr'>gestae</span> <span class='ocrx_word' id='word_1_154' title='bbox 983 2519 1354 2569; x_wconf 80' lang='lat' dir='ltr'>convenienter</span> 
     </span>
     <span class='ocr_line' id='line_1_29' title="bbox 294 2594 1353 2657; baseline 0 -14"><span class='ocrx_word' id='word_1_155' title='bbox 294 2608 383 2657; x_wconf 88' lang='lat' dir='ltr'>pro</span> <span class='ocrx_word' id='word_1_156' title='bbox 404 2600 665 2656; x_wconf 74' lang='lat' dir='ltr'>resumant,</span> <span class='ocrx_word' id='word_1_157' title='bbox 688 2595 861 2643; x_wconf 85' lang='lat' dir='ltr'>dicere</span> <span class='ocrx_word' id='word_1_158' title='bbox 887 2594 1156 2644; x_wconf 74' lang='lat' dir='ltr'>debuisset</span> <span class='ocrx_word' id='word_1_159' title='bbox 1174 2609 1353 2643; x_wconf 79' lang='lat' dir='ltr'>resum-</span> 
     </span>
     <span class='ocr_line' id='line_1_30' title="bbox 291 2670 1351 2737; baseline -0.001 -16"><span class='ocrx_word' id='word_1_160' title='bbox 291 2679 474 2729; x_wconf 70' lang='grc' dir='ltr'>σενσιις</span> <span class='ocrx_word' id='word_1_161' title='bbox 531 2674 655 2737; x_wconf 81' lang='lat' dir='ltr'>quia</span> <span class='ocrx_word' id='word_1_162' title='bbox 690 2672 741 2720; x_wconf 86' lang='lat' dir='ltr'>hi</span> <span class='ocrx_word' id='word_1_163' title='bbox 779 2674 1037 2731; x_wconf 88' lang='lat' dir='ltr'>consules,</span> <span class='ocrx_word' id='word_1_164' title='bbox 1058 2670 1124 2720; x_wconf 91' lang='lat' dir='ltr'>de</span> <span class='ocrx_word' id='word_1_165' title='bbox 1165 2672 1351 2735; x_wconf 88' lang='lat' dir='ltr'>quibus</span> 
     </span>
     <span class='ocr_line' id='line_1_31' title="bbox 293 2749 1354 2813; baseline 0 -16"><span class='ocrx_word' id='word_1_166' title='bbox 293 2763 451 2799; x_wconf 84' lang='lat' dir='ltr'>sermo</span> <span class='ocrx_word' id='word_1_167' title='bbox 477 2761 583 2808; x_wconf 80' lang='lat' dir='ltr'>est,</span> <span class='ocrx_word' id='word_1_168' title='bbox 595 2750 705 2813; x_wconf 81' lang='lat' dir='ltr'>jam</span> <span class='ocrx_word' id='word_1_169' title='bbox 731 2756 850 2798; x_wconf 81' lang='lat' dir='ltr'>ante</span> <span class='ocrx_word' id='word_1_170' title='bbox 870 2763 971 2798; x_wconf 90' lang='lat' dir='ltr'>non</span> <span class='ocrx_word' id='word_1_171' title='bbox 993 2749 1156 2797; x_wconf 90' lang='lat' dir='ltr'>solum</span> <span class='ocrx_word' id='word_1_172' title='bbox 1173 2763 1354 2797; x_wconf 75' lang='lat' dir='ltr'>resum-</span> 
     </span>
     <span class='ocr_line' id='line_1_32' title="bbox 293 2826 1353 2887; baseline 0 -13"><span class='ocrx_word' id='word_1_173' title='bbox 293 2833 466 2887; x_wconf 73' lang='lat' dir='ltr'>saeroeat,</span> <span class='ocrx_word' id='word_1_174' title='bbox 488 2826 584 2877; x_wconf 88' lang='lat' dir='ltr'>sed</span> <span class='ocrx_word' id='word_1_175' title='bbox 608 2827 765 2874; x_wconf 87' lang='lat' dir='ltr'>etiam</span> <span class='ocrx_word' id='word_1_176' title='bbox 789 2831 1038 2883; x_wconf 70' lang='lat' dir='ltr'>exuerant,</span> <span class='ocrx_word' id='word_1_177' title='bbox 1064 2831 1353 2887; x_wconf 59' lang='lat' dir='ltr'>praetextas</span> 
     </span>
     <span class='ocr_line' id='line_1_33' title="bbox 293 2902 871 2951; baseline 0.002 -2"><span class='ocrx_word' id='word_1_178' title='bbox 293 2905 604 2951; x_wconf 80' lang='lat' dir='ltr'>consulares.</span> <span class='ocrx_word' id='word_1_179' title='bbox 626 2902 871 2950; x_wconf 62' lang='lat' dir='ltr'>Setinum.</span> 
     </span>
    </p>

    <p class='ocr_par' dir='ltr' id='par_1_5' title="bbox 288 2975 1357 3486">
     <span class='ocr_line' id='line_1_34' title="bbox 355 2975 1352 3041; baseline -0.002 -13"><span class='ocrx_word' id='word_1_180' title='bbox 355 2978 621 3041; x_wconf 64' lang='lat' dir='ltr'>Res-occat]</span> <span class='ocrx_word' id='word_1_181' title='bbox 664 2977 781 3026; x_wconf 85' lang='lat' dir='ltr'>Hoc</span> <span class='ocrx_word' id='word_1_182' title='bbox 823 2975 1059 3037; x_wconf 78' lang='lat' dir='ltr'>verbum,</span> <span class='ocrx_word' id='word_1_183' title='bbox 1093 2990 1197 3025; x_wconf 85' lang='lat' dir='ltr'>una</span> <span class='ocrx_word' id='word_1_184' title='bbox 1235 2992 1352 3026; x_wconf 89' lang='lat' dir='ltr'>cum</span> 
     </span>
     <span class='ocr_line' id='line_1_35' title="bbox 290 3053 1354 3120; baseline 0 -17"><span class='ocrx_word' id='word_1_185' title='bbox 290 3055 514 3119; x_wconf 82' lang='lat' dir='ltr'>quinque</span> <span class='ocrx_word' id='word_1_186' title='bbox 543 3055 797 3120; x_wconf 77' lang='lat' dir='ltr'>proximis</span> <span class='ocrx_word' id='word_1_187' title='bbox 835 3053 1187 3117; x_wconf 70' lang='lat' dir='ltr'>sequentibus,</span> <span class='ocrx_word' id='word_1_188' title='bbox 1216 3053 1354 3103; x_wconf 86' lang='lat' dir='ltr'>desi·</span> 
     </span>
     <span class='ocr_line' id='line_1_36' title="bbox 298 3131 1357 3196; baseline 0 -16"><span class='ocrx_word' id='word_1_189' title='bbox 298 3132 507 3182; x_wconf 78' lang='lat' dir='ltr'>deratnr</span> <span class='ocrx_word' id='word_1_190' title='bbox 554 3135 607 3181; x_wconf 86' lang='lat' dir='ltr'>in</span> <span class='ocrx_word' id='word_1_191' title='bbox 652 3132 831 3182; x_wconf 89' lang='lat' dir='ltr'>codice</span> <span class='ocrx_word' id='word_1_192' title='bbox 870 3131 1357 3196; x_wconf 79' lang='lat' dir='ltr'>Guelpherbytano.</span> 
     </span>
     <span class='ocr_line' id='line_1_37' title="bbox 292 3208 1355 3273; baseline 0.001 -16"><span class='ocrx_word' id='word_1_193' title='bbox 292 3208 488 3272; x_wconf 83' lang='lat' dir='ltr'>Nempe</span> <span class='ocrx_word' id='word_1_194' title='bbox 505 3209 981 3273; x_wconf 79' lang='lat' dir='ltr'>proptersyllabam</span> <span class='ocrx_word' id='word_1_195' title='bbox 1003 3214 1132 3268; x_wconf 78' lang='lat' dir='ltr'>rant,</span> <span class='ocrx_word' id='word_1_196' title='bbox 1145 3223 1209 3257; x_wconf 85' lang='lat' dir='ltr'>ex</span> <span class='ocrx_word' id='word_1_197' title='bbox 1228 3210 1355 3259; x_wconf 91' lang='lat' dir='ltr'>duo·</span> 
     </span>
     <span class='ocr_line' id='line_1_38' title="bbox 290 3282 1355 3347; baseline 0.002 -15"><span class='ocrx_word' id='word_1_198' title='bbox 290 3282 384 3332; x_wconf 82' lang='lat' dir='ltr'>bus</span> <span class='ocrx_word' id='word_1_199' title='bbox 427 3286 621 3339; x_wconf 83' lang='lat' dir='ltr'>verbis,</span> <span class='ocrx_word' id='word_1_200' title='bbox 655 3285 900 3345; x_wconf 73' lang='lat' dir='ltr'>jusserant</span> <span class='ocrx_word' id='word_1_201' title='bbox 941 3293 997 3334; x_wconf 87' lang='lat' dir='ltr'>et</span> <span class='ocrx_word' id='word_1_202' title='bbox 1045 3291 1355 3347; x_wconf 78' lang='lat' dir='ltr'>recesserant,</span> 
     </span>
     <span class='ocr_line' id='line_1_39' title="bbox 288 3359 1357 3426; baseline 0.006 -17"><span class='ocrx_word' id='word_1_203' title='bbox 288 3359 503 3410; x_wconf 70' lang='lat' dir='ltr'>tortasse</span> <span class='ocrx_word' id='word_1_204' title='bbox 523 3362 661 3410; x_wconf 87' lang='lat' dir='ltr'>oculi</span> <span class='ocrx_word' id='word_1_205' title='bbox 683 3363 874 3411; x_wconf 82' lang='lat' dir='ltr'>librarii</span> <span class='ocrx_word' id='word_1_206' title='bbox 897 3363 1055 3412; x_wconf 80' lang='lat' dir='ltr'>verba</span> <span class='ocrx_word' id='word_1_207' title='bbox 1070 3362 1357 3426; x_wconf 80' lang='lat' dir='ltr'>interjecta</span> 
     </span>
     <span class='ocr_line' id='line_1_40' title="bbox 294 3436 855 3486; baseline 0.005 -3"><span class='ocrx_word' id='word_1_208' title='bbox 294 3438 679 3486; x_wconf 79' lang='lat' dir='ltr'>transiluernnt.</span> <span class='ocrx_word' id='word_1_209' title='bbox 704 3436 855 3486; x_wconf 75' lang='lat' dir='ltr'>Idem·</span> 
     </span>
    </p>

    <p class='ocr_par' dir='ltr' id='par_1_6' title="bbox 280 3514 1358 4346">
     <span class='ocr_line' id='line_1_41' title="bbox 351 3514 1357 3580; baseline 0.004 -18"><span class='ocrx_word' id='word_1_210' title='bbox 351 3514 638 3563; x_wconf 68' lang='lat' dir='ltr'>Hominisne</span> <span class='ocrx_word' id='word_1_211' title='bbox 678 3516 809 3564; x_wconf 73' lang='lat' dir='ltr'>istud</span> <span class='ocrx_word' id='word_1_212' title='bbox 853 3514 1120 3580; x_wconf 73' lang='lat' dir='ltr'>ingenium]</span> <span class='ocrx_word' id='word_1_213' title='bbox 1161 3516 1357 3566; x_wconf 81' lang='lat' dir='ltr'>Rursus</span> 
     </span>
     <span class='ocr_line' id='line_1_42' title="bbox 289 3590 1357 3657; baseline 0.004 -19"><span class='ocrx_word' id='word_1_214' title='bbox 289 3590 474 3640; x_wconf 79' lang='lat' dir='ltr'>nimius</span> <span class='ocrx_word' id='word_1_215' title='bbox 515 3602 597 3640; x_wconf 87' lang='lat' dir='ltr'>est</span> <span class='ocrx_word' id='word_1_216' title='bbox 625 3591 827 3640; x_wconf 76' lang='lat' dir='ltr'>Plinius</span> <span class='ocrx_word' id='word_1_217' title='bbox 850 3592 899 3640; x_wconf 93' lang='lat' dir='ltr'>iu</span> <span class='ocrx_word' id='word_1_218' title='bbox 922 3594 1017 3642; x_wconf 84' lang='lat' dir='ltr'>hac</span> <span class='ocrx_word' id='word_1_219' title='bbox 1043 3608 1097 3642; x_wconf 88' lang='lat' dir='ltr'>re</span> <span class='ocrx_word' id='word_1_220' title='bbox 1130 3608 1357 3657; x_wconf 82' lang='lat' dir='ltr'>exagge-</span> 
     </span>
     <span class='ocr_line' id='line_1_43' title="bbox 287 3667 1357 3735; baseline 0.005 -21"><span class='ocrx_word' id='word_1_221' title='bbox 287 3667 483 3728; x_wconf 78' lang='lat' dir='ltr'>randa3</span> <span class='ocrx_word' id='word_1_222' title='bbox 533 3668 682 3735; x_wconf 79' lang='lat' dir='ltr'>qnasi</span> <span class='ocrx_word' id='word_1_223' title='bbox 719 3683 850 3730; x_wconf 84' lang='lat' dir='ltr'>opus</span> <span class='ocrx_word' id='word_1_224' title='bbox 889 3669 1124 3718; x_wconf 88' lang='lat' dir='ltr'>omnibus</span> <span class='ocrx_word' id='word_1_225' title='bbox 1164 3670 1357 3720; x_wconf 84' lang='lat' dir='ltr'>viribus</span> 
     </span>
     <span class='ocr_line' id='line_1_44' title="bbox 286 3744 1357 3809; baseline 0.003 -16"><span class='ocrx_word' id='word_1_226' title='bbox 286 3744 522 3794; x_wconf 77' lang='lat' dir='ltr'>humanis</span> <span class='ocrx_word' id='word_1_227' title='bbox 544 3745 708 3808; x_wconf 79' lang='lat' dir='ltr'>majus</span> <span class='ocrx_word' id='word_1_228' title='bbox 743 3744 921 3805; x_wconf 64' lang='lat' dir='ltr'>tuerit,</span> <span class='ocrx_word' id='word_1_229' title='bbox 945 3745 1011 3794; x_wconf 90' lang='lat' dir='ltr'>ab</span> <span class='ocrx_word' id='word_1_230' title='bbox 1040 3746 1357 3809; x_wconf 77' lang='lat' dir='ltr'>imperatore</span> 
     </span>
     <span class='ocr_line' id='line_1_45' title="bbox 284 3818 1355 3872; baseline 0.003 -4"><span class='ocrx_word' id='word_1_231' title='bbox 284 3818 414 3868; x_wconf 89' lang='lat' dir='ltr'>binis</span> <span class='ocrx_word' id='word_1_232' title='bbox 436 3821 566 3870; x_wconf 81' lang='lat' dir='ltr'>viris</span> <span class='ocrx_word' id='word_1_233' title='bbox 604 3820 735 3870; x_wconf 86' lang='lat' dir='ltr'>bene</span> <span class='ocrx_word' id='word_1_234' title='bbox 769 3821 970 3870; x_wconf 80' lang='lat' dir='ltr'>meritis</span> <span class='ocrx_word' id='word_1_235' title='bbox 1009 3821 1355 3872; x_wconf 81' lang='lat' dir='ltr'>suffecticium</span> 
     </span>
     <span class='ocr_line' id='line_1_46' title="bbox 283 3898 1356 3959; baseline 0.001 -13"><span class='ocrx_word' id='word_1_236' title='bbox 283 3898 636 3956; x_wconf 81' lang='lat' dir='ltr'>consulatum,</span> <span class='ocrx_word' id='word_1_237' title='bbox 660 3905 775 3959; x_wconf 85' lang='lat' dir='ltr'>post</span> <span class='ocrx_word' id='word_1_238' title='bbox 797 3900 1018 3947; x_wconf 85' lang='lat' dir='ltr'>alterum</span> <span class='ocrx_word' id='word_1_239' title='bbox 1043 3912 1251 3955; x_wconf 82' lang='lat' dir='ltr'>annum.</span> <span class='ocrx_word' id='word_1_240' title='bbox 1267 3898 1356 3948; x_wconf 88' lang='lat' dir='ltr'>de-</span> 
     </span>
     <span class='ocr_line' id='line_1_47' title="bbox 283 3975 1356 4037; baseline 0.003 -15"><span class='ocrx_word' id='word_1_241' title='bbox 283 3987 388 4024; x_wconf 78' lang='lat' dir='ltr'>uno</span> <span class='ocrx_word' id='word_1_242' title='bbox 415 3976 468 4023; x_wconf 85' lang='lat' dir='ltr'>in</span> <span class='ocrx_word' id='word_1_243' title='bbox 496 3988 691 4037; x_wconf 82' lang='lat' dir='ltr'>pancos</span> <span class='ocrx_word' id='word_1_244' title='bbox 718 3988 923 4023; x_wconf 82' lang='lat' dir='ltr'>meuses</span> <span class='ocrx_word' id='word_1_245' title='bbox 947 3975 1188 4025; x_wconf 83' lang='lat' dir='ltr'>concedi.</span> <span class='ocrx_word' id='word_1_246' title='bbox 1226 3977 1356 4025; x_wconf 88' lang='lat' dir='ltr'>Pro-</span> 
     </span>
     <span class='ocr_line' id='line_1_48' title="bbox 285 4051 1358 4115; baseline 0 -15"><span class='ocrx_word' id='word_1_247' title='bbox 285 4064 351 4113; x_wconf 82' lang='lat' dir='ltr'>pe</span> <span class='ocrx_word' id='word_1_248' title='bbox 393 4052 571 4112; x_wconf 84' lang='lat' dir='ltr'>abest,</span> <span class='ocrx_word' id='word_1_249' title='bbox 605 4052 727 4115; x_wconf 87' lang='lat' dir='ltr'>quin</span> <span class='ocrx_word' id='word_1_250' title='bbox 763 4051 1078 4101; x_wconf 75' lang='lat' dir='ltr'>subscribam</span> <span class='ocrx_word' id='word_1_251' title='bbox 1124 4053 1358 4102; x_wconf 83' lang='lat' dir='ltr'>Christo-</span> 
     </span>
     <span class='ocr_line' id='line_1_49' title="bbox 284 4128 1355 4190; baseline 0.003 -15"><span class='ocrx_word' id='word_1_252' title='bbox 284 4128 449 4190; x_wconf 73' lang='lat' dir='ltr'>pboro</span> <span class='ocrx_word' id='word_1_253' title='bbox 487 4129 708 4186; x_wconf 81' lang='lat' dir='ltr'>Bebrio,</span> <span class='ocrx_word' id='word_1_254' title='bbox 745 4128 1001 4182; x_wconf 78' lang='lat' dir='ltr'>censenti,</span> <span class='ocrx_word' id='word_1_255' title='bbox 1031 4128 1258 4177; x_wconf 82' lang='lat' dir='ltr'>Plinium</span> <span class='ocrx_word' id='word_1_256' title='bbox 1284 4129 1355 4178; x_wconf 88' lang='lat' dir='ltr'>vi·</span> 
     </span>
     <span class='ocr_line' id='line_1_50' title="bbox 282 4203 1356 4267; baseline 0.003 -15"><span class='ocrx_word' id='word_1_257' title='bbox 282 4203 391 4254; x_wconf 63' lang='lat' dir='ltr'>deri</span> <span class='ocrx_word' id='word_1_258' title='bbox 417 4206 472 4254; x_wconf 88' lang='lat' dir='ltr'>in</span> <span class='ocrx_word' id='word_1_259' title='bbox 512 4204 594 4253; x_wconf 86' lang='lat' dir='ltr'>his</span> <span class='ocrx_word' id='word_1_260' title='bbox 634 4205 851 4267; x_wconf 88' lang='lat' dir='ltr'>argutiis</span> <span class='ocrx_word' id='word_1_261' title='bbox 887 4219 1035 4267; x_wconf 79' lang='lat' dir='ltr'>paene</span> <span class='ocrx_word' id='word_1_262' title='bbox 1068 4205 1356 4256; x_wconf 84' lang='lat' dir='ltr'>deseruisse</span> 
     </span>
     <span class='ocr_line' id='line_1_51' title="bbox 280 4283 1107 4346; baseline -0.001 -14"><span class='ocrx_word' id='word_1_263' title='bbox 280 4284 606 4346; x_wconf 63' lang='lat' dir='ltr'>gravitatem</span> <span class='ocrx_word' id='word_1_264' title='bbox 634 4283 933 4333; x_wconf 77' lang='lat' dir='ltr'>Romanam.</span> <span class='ocrx_word' id='word_1_265' title='bbox 960 4283 1107 4332; x_wconf 78' lang='lat' dir='ltr'>Idem.</span> 
     </span>
    </p>
   </div>
   <div class='ocr_carea' id='block_1_3' title="bbox 1418 353 2499 4339">
    <p class='ocr_par' dir='ltr' id='par_1_7' title="bbox 1491 353 2490 652">
     <span class='ocr_line' id='line_1_52' title="bbox 1870 353 2488 417; baseline 0.002 -2"><span class='ocrx_word' id='word_1_266' title='bbox 1870 370 1916 416; x_wconf 77' lang='lat' dir='ltr'>r.</span> <span class='ocrx_word' id='word_1_267' title='bbox 1960 354 2069 417; x_wconf 80' lang='lat'>61.</span> <span class='ocrx_word' id='word_1_268' title='bbox 2358 353 2488 416; x_wconf 72' lang='lat'>847</span> 
     </span>
     <span class='ocr_line' id='line_1_53' title="bbox 1492 509 2486 576; baseline 0 -16"><span class='ocrx_word' id='word_1_269' title='bbox 1492 511 1804 576; x_wconf 71' lang='lat' dir='ltr'>Hominisue]</span> <span class='ocrx_word' id='word_1_270' title='bbox 1831 511 1909 559; x_wconf 78' lang='lat' dir='ltr'>An</span> <span class='ocrx_word' id='word_1_271' title='bbox 1933 509 2153 573; x_wconf 83' lang='lat' dir='ltr'>alicujus</span> <span class='ocrx_word' id='word_1_272' title='bbox 2181 509 2324 559; x_wconf 82' lang='lat' dir='ltr'>Dei?</span> <span class='ocrx_word' id='word_1_273' title='bbox 2350 510 2486 573; x_wconf 59' lang='grc' dir='ltr'>[οὖρα.</span> 
     </span>
     <span class='ocr_line' id='line_1_54' title="bbox 1491 587 2490 652; baseline 0 -15"><span class='ocrx_word' id='word_1_274' title='bbox 1491 589 1847 649; x_wconf 72' lang='lat' dir='ltr'>Redintegrare</span> <span class='ocrx_word' id='word_1_275' title='bbox 1888 588 2134 652; x_wconf 67' lang='lat' dir='ltr'>letitiam]</span> <span class='ocrx_word' id='word_1_276' title='bbox 2168 587 2490 648; x_wconf 74' lang='lat' dir='ltr'>Reintegrare</span> 
     </span>
    </p>

    <p class='ocr_par' dir='ltr' id='par_1_8' title="bbox 1423 665 2015 715">
     <span class='ocr_line' id='line_1_55' title="bbox 1423 665 2015 715; baseline -0.002 -1"><span class='ocrx_word' id='word_1_277' title='bbox 1423 666 1646 714; x_wconf 67' lang='lat' dir='ltr'>letitiam</span> <span class='ocrx_word' id='word_1_278' title='bbox 1668 666 1734 714; x_wconf 81' lang='lat' dir='ltr'>V.</span> <span class='ocrx_word' id='word_1_279' title='bbox 1753 666 1814 715; x_wconf 87' lang='lat' dir='ltr'>C.</span> <span class='ocrx_word' id='word_1_280' title='bbox 1841 665 2015 714; x_wconf 71' lang='lat' dir='ltr'>Livin-</span> 
     </span>
    </p>

    <p class='ocr_par' dir='ltr' id='par_1_9' title="bbox 1424 740 2491 958">
     <span class='ocr_line' id='line_1_56' title="bbox 1494 740 2491 805; baseline -0.002 -15"><span class='ocrx_word' id='word_1_281' title='bbox 1494 742 1939 805; x_wconf 77' lang='lat' dir='ltr'>Gratulationibus]</span> <span class='ocrx_word' id='word_1_282' title='bbox 1960 741 2311 790; x_wconf 75' lang='lat' dir='ltr'>Gratulationis</span> <span class='ocrx_word' id='word_1_283' title='bbox 2324 740 2491 790; x_wconf 72' lang='lat' dir='ltr'>Lirin.</span> 
     </span>
     <span class='ocr_line' id='line_1_57' title="bbox 1424 818 2486 881; baseline -0.002 -13"><span class='ocrx_word' id='word_1_284' title='bbox 1424 819 1478 868; x_wconf 87' lang='lat' dir='ltr'>in</span> <span class='ocrx_word' id='word_1_285' title='bbox 1524 827 1708 881; x_wconf 77' lang='lat' dir='ltr'>textu3</span> <span class='ocrx_word' id='word_1_286' title='bbox 1761 818 1852 867; x_wconf 87' lang='lat' dir='ltr'>sed</span> <span class='ocrx_word' id='word_1_287' title='bbox 1898 819 1950 867; x_wconf 89' lang='lat' dir='ltr'>in</span> <span class='ocrx_word' id='word_1_288' title='bbox 1986 819 2239 881; x_wconf 83' lang='lat' dir='ltr'>margine,</span> <span class='ocrx_word' id='word_1_289' title='bbox 2271 821 2285 847; x_wconf 86' lang='lat'>‘</span> <span class='ocrx_word' id='word_1_290' title='bbox 2309 820 2486 875; x_wconf 85' lang='lat' dir='ltr'>Forte,</span> 
     </span>
     <span class='ocr_line' id='line_1_58' title="bbox 1430 894 2487 958; baseline -0.002 -14"><span class='ocrx_word' id='word_1_291' title='bbox 1430 895 1849 945; x_wconf 74' lang='lat' dir='ltr'>Gratulalionibus</span> <span class='ocrx_word' id='word_1_292' title='bbox 1865 894 1893 954; x_wconf 75' lang='grc' dir='ltr'>ς’</span> <span class='ocrx_word' id='word_1_293' title='bbox 1917 894 2052 958; x_wconf 82' lang='lat' dir='ltr'>quod</span> <span class='ocrx_word' id='word_1_294' title='bbox 2073 902 2124 942; x_wconf 87' lang='lat' dir='ltr'>et</span> <span class='ocrx_word' id='word_1_295' title='bbox 2147 894 2333 956; x_wconf 81' lang='lat' dir='ltr'>probat</span> <span class='ocrx_word' id='word_1_296' title='bbox 2356 895 2487 944; x_wconf 87' lang='lat' dir='ltr'>Ritt.</span> 
     </span>
    </p>

    <p class='ocr_par' dir='ltr' id='par_1_10' title="bbox 1418 972 2494 2326">
     <span class='ocr_line' id='line_1_59' title="bbox 1494 972 2487 1035; baseline 0 -14"><span class='ocrx_word' id='word_1_297' title='bbox 1494 972 1916 1021; x_wconf 74' lang='lat' dir='ltr'>Gratulationibus</span> <span class='ocrx_word' id='word_1_298' title='bbox 1957 973 2097 1035; x_wconf 79' lang='lat' dir='ltr'>dare]</span> <span class='ocrx_word' id='word_1_299' title='bbox 2145 972 2318 1034; x_wconf 80' lang='lat' dir='ltr'>Vulgo</span> <span class='ocrx_word' id='word_1_300' title='bbox 2360 972 2487 1021; x_wconf 86' lang='lat' dir='ltr'>alias</span> 
     </span>
     <span class='ocr_line' id='line_1_60' title="bbox 1425 1046 2486 1111; baseline -0.002 -14"><span class='ocrx_word' id='word_1_301' title='bbox 1425 1048 1700 1111; x_wconf 85' lang='lat' dir='ltr'>legebatur</span> <span class='ocrx_word' id='word_1_302' title='bbox 1731 1046 2107 1109; x_wconf 52' lang='lat' dir='ltr'>gratulationi„</span> <span class='ocrx_word' id='word_1_303' title='bbox 2142 1061 2243 1095; x_wconf 88' lang='lat' dir='ltr'>non</span> <span class='ocrx_word' id='word_1_304' title='bbox 2282 1046 2486 1110; x_wconf 75' lang='lat' dir='ltr'>quidem</span> 
     </span>
     <span class='ocr_line' id='line_1_61' title="bbox 1427 1123 2487 1188; baseline 0.001 -16"><span class='ocrx_word' id='word_1_305' title='bbox 1427 1139 1636 1188; x_wconf 89' lang='lat' dir='ltr'>prorsus</span> <span class='ocrx_word' id='word_1_306' title='bbox 1682 1128 1848 1174; x_wconf 80' lang='lat' dir='ltr'>male:</span> <span class='ocrx_word' id='word_1_307' title='bbox 1896 1123 1986 1172; x_wconf 89' lang='lat' dir='ltr'>sed</span> <span class='ocrx_word' id='word_1_308' title='bbox 2021 1124 2201 1172; x_wconf 84' lang='lat' dir='ltr'>melius</span> <span class='ocrx_word' id='word_1_309' title='bbox 2234 1125 2487 1187; x_wconf 84' lang='lat' dir='ltr'>scriptum</span> 
     </span>
     <span class='ocr_line' id='line_1_62' title="bbox 1425 1199 2489 1262; baseline -0.001 -12"><span class='ocrx_word' id='word_1_310' title='bbox 1425 1208 1504 1250; x_wconf 82' lang='lat' dir='ltr'>est</span> <span class='ocrx_word' id='word_1_311' title='bbox 1525 1201 1935 1262; x_wconf 68' lang='lat' dir='ltr'>gratubttiovu&#39;bus</span> <span class='ocrx_word' id='word_1_312' title='bbox 1972 1201 2024 1249; x_wconf 88' lang='lat' dir='ltr'>in</span> <span class='ocrx_word' id='word_1_313' title='bbox 2061 1199 2325 1249; x_wconf 85' lang='lat' dir='ltr'>codicibus</span> <span class='ocrx_word' id='word_1_314' title='bbox 2361 1201 2489 1249; x_wconf 87' lang='lat' dir='ltr'>Mss.</span> 
     </span>
     <span class='ocr_line' id='line_1_63' title="bbox 1426 1277 2489 1340; baseline -0.002 -14"><span class='ocrx_word' id='word_1_315' title='bbox 1426 1278 1724 1339; x_wconf 81' lang='lat' dir='ltr'>Vaticanis,</span> <span class='ocrx_word' id='word_1_316' title='bbox 1747 1277 2049 1333; x_wconf 74' lang='lat' dir='ltr'>parisiensi,</span> <span class='ocrx_word' id='word_1_317' title='bbox 2076 1282 2295 1340; x_wconf 87' lang='lat' dir='ltr'>utroque</span> <span class='ocrx_word' id='word_1_318' title='bbox 2319 1277 2489 1324; x_wconf 86' lang='lat' dir='ltr'>Vene-</span> 
     </span>
     <span class='ocr_line' id='line_1_64' title="bbox 1425 1352 2493 1415; baseline -0.001 -13"><span class='ocrx_word' id='word_1_319' title='bbox 1425 1360 1497 1409; x_wconf 87' lang='lat' dir='ltr'>to,</span> <span class='ocrx_word' id='word_1_320' title='bbox 1514 1352 1910 1415; x_wconf 86' lang='lat' dir='ltr'>Salisburgeusi‚</span> <span class='ocrx_word' id='word_1_321' title='bbox 1932 1353 2412 1415; x_wconf 71' lang='lat' dir='ltr'>Guelpberbytano,</span> <span class='ocrx_word' id='word_1_322' title='bbox 2435 1357 2493 1401; x_wconf 80' lang='lat' dir='ltr'>et</span> 
     </span>
     <span class='ocr_line' id='line_1_65' title="bbox 1426 1428 2490 1490; baseline -0.002 -11"><span class='ocrx_word' id='word_1_323' title='bbox 1426 1443 1559 1479; x_wconf 86' lang='lat' dir='ltr'>meo.</span> <span class='ocrx_word' id='word_1_324' title='bbox 1624 1429 1742 1479; x_wconf 82' lang='lat' dir='ltr'>Jam</span> <span class='ocrx_word' id='word_1_325' title='bbox 1773 1429 2026 1477; x_wconf 81' lang='lat' dir='ltr'>Livineius</span> <span class='ocrx_word' id='word_1_326' title='bbox 2047 1430 2097 1476; x_wconf 91' lang='lat' dir='ltr'>in</span> <span class='ocrx_word' id='word_1_327' title='bbox 2122 1429 2355 1490; x_wconf 86' lang='lat' dir='ltr'>margine</span> <span class='ocrx_word' id='word_1_328' title='bbox 2378 1428 2490 1477; x_wconf 83' lang='lat' dir='ltr'>edi·</span> 
     </span>
     <span class='ocr_line' id='line_1_66' title="bbox 1427 1503 2490 1568; baseline -0.004 -13"><span class='ocrx_word' id='word_1_329' title='bbox 1427 1506 1584 1555; x_wconf 85' lang='lat' dir='ltr'>tionis</span> <span class='ocrx_word' id='word_1_330' title='bbox 1608 1520 1716 1554; x_wconf 84' lang='lat' dir='ltr'>suae</span> <span class='ocrx_word' id='word_1_331' title='bbox 1736 1506 2052 1568; x_wconf 72' lang='lat' dir='ltr'>conjecerat,</span> <span class='ocrx_word' id='word_1_332' title='bbox 2068 1504 2142 1552; x_wconf 88' lang='lat' dir='ltr'>ita</span> <span class='ocrx_word' id='word_1_333' title='bbox 2159 1503 2293 1552; x_wconf 88' lang='lat' dir='ltr'>forte</span> <span class='ocrx_word' id='word_1_334' title='bbox 2314 1505 2490 1567; x_wconf 87' lang='lat' dir='ltr'>legen-</span> 
     </span>
     <span class='ocr_line' id='line_1_67' title="bbox 1425 1582 2491 1646; baseline -0.003 -15"><span class='ocrx_word' id='word_1_335' title='bbox 1425 1582 1548 1632; x_wconf 89' lang='lat' dir='ltr'>dum</span> <span class='ocrx_word' id='word_1_336' title='bbox 1573 1596 1726 1643; x_wconf 80' lang='lat' dir='ltr'>esse3</span> <span class='ocrx_word' id='word_1_337' title='bbox 1757 1591 1913 1646; x_wconf 84' lang='lat' dir='ltr'>atque</span> <span class='ocrx_word' id='word_1_338' title='bbox 1950 1583 2082 1631; x_wconf 85' lang='lat' dir='ltr'>hanc</span> <span class='ocrx_word' id='word_1_339' title='bbox 2107 1583 2268 1645; x_wconf 86' lang='lat' dir='ltr'>ipsam</span> <span class='ocrx_word' id='word_1_340' title='bbox 2313 1582 2491 1629; x_wconf 80' lang='lat' dir='ltr'>lectio·</span> 
     </span>
     <span class='ocr_line' id='line_1_68' title="bbox 1426 1659 2491 1723; baseline 0 -15"><span class='ocrx_word' id='word_1_341' title='bbox 1426 1674 1542 1709; x_wconf 82' lang='lat' dir='ltr'>nem</span> <span class='ocrx_word' id='word_1_342' title='bbox 1559 1660 1673 1723; x_wconf 86' lang='lat' dir='ltr'>jam</span> <span class='ocrx_word' id='word_1_343' title='bbox 1695 1660 1954 1723; x_wconf 77' lang='lat' dir='ltr'>evulgavit</span> <span class='ocrx_word' id='word_1_344' title='bbox 1980 1659 2242 1722; x_wconf 82' lang='lat' dir='ltr'>Gryphius</span> <span class='ocrx_word' id='word_1_345' title='bbox 2267 1674 2313 1706; x_wconf 91' lang='lat' dir='ltr'>a.</span> <span class='ocrx_word' id='word_1_346' title='bbox 2346 1662 2491 1709; x_wconf 77' lang='lat'>1531.</span> 
     </span>
     <span class='ocr_line' id='line_1_69' title="bbox 1424 1736 2491 1800; baseline -0.001 -16"><span class='ocrx_word' id='word_1_347' title='bbox 1424 1736 1724 1792; x_wconf 77' lang='lat' dir='ltr'>sichardus,</span> <span class='ocrx_word' id='word_1_348' title='bbox 1761 1745 1818 1786; x_wconf 89' lang='lat' dir='ltr'>et</span> <span class='ocrx_word' id='word_1_349' title='bbox 1855 1737 2134 1797; x_wconf 77' lang='lat' dir='ltr'>Quartius3</span> <span class='ocrx_word' id='word_1_350' title='bbox 2168 1736 2491 1800; x_wconf 83' lang='lat' dir='ltr'>eandemque</span> 
     </span>
     <span class='ocr_line' id='line_1_70' title="bbox 1428 1813 2491 1879; baseline -0.002 -16"><span class='ocrx_word' id='word_1_351' title='bbox 1428 1815 1479 1863; x_wconf 90' lang='lat' dir='ltr'>iu</span> <span class='ocrx_word' id='word_1_352' title='bbox 1505 1815 1736 1879; x_wconf 82' lang='lat' dir='ltr'>margine</span> <span class='ocrx_word' id='word_1_353' title='bbox 1754 1822 2068 1863; x_wconf 80' lang='lat' dir='ltr'>annotarunt</span> <span class='ocrx_word' id='word_1_354' title='bbox 2089 1813 2156 1861; x_wconf 79' lang='lat' dir='ltr'>H.</span> <span class='ocrx_word' id='word_1_355' title='bbox 2172 1813 2491 1877; x_wconf 79' lang='lat' dir='ltr'>Stephanus,</span> 
     </span>
     <span class='ocr_line' id='line_1_71' title="bbox 1427 1890 2493 1952; baseline -0.001 -12"><span class='ocrx_word' id='word_1_356' title='bbox 1427 1891 1635 1947; x_wconf 83' lang='lat' dir='ltr'>Minois,</span> <span class='ocrx_word' id='word_1_357' title='bbox 1672 1898 1726 1939; x_wconf 88' lang='lat' dir='ltr'>et</span> <span class='ocrx_word' id='word_1_358' title='bbox 1760 1890 1992 1939; x_wconf 77' lang='lat' dir='ltr'>Rivinus.</span> <span class='ocrx_word' id='word_1_359' title='bbox 2059 1891 2341 1946; x_wconf 77' lang='lat' dir='ltr'>Praeterea,</span> <span class='ocrx_word' id='word_1_360' title='bbox 2374 1897 2493 1952; x_wconf 81' lang='lat' dir='ltr'>post</span> 
     </span>
     <span class='ocr_line' id='line_1_72' title="bbox 1428 1966 2491 2030; baseline -0.001 -14"><span class='ocrx_word' id='word_1_361' title='bbox 1428 1982 1608 2018; x_wconf 84' lang='lat' dir='ltr'>vocem</span> <span class='ocrx_word' id='word_1_362' title='bbox 1628 1969 1822 2024; x_wconf 72' lang='lat' dir='ltr'>nullam,</span> <span class='ocrx_word' id='word_1_363' title='bbox 1848 1967 2101 2030; x_wconf 84' lang='lat' dir='ltr'>particula</span> <span class='ocrx_word' id='word_1_364' title='bbox 2125 1966 2371 2027; x_wconf 73' lang='grc' dir='ltr'>ἐγκλιτικὴ</span> <span class='ocrx_word' id='word_1_365' title='bbox 2387 1982 2491 2029; x_wconf 79' lang='lat' dir='ltr'>que,</span> 
     </span>
     <span class='ocr_line' id='line_1_73' title="bbox 1429 2045 2494 2108; baseline -0.003 -13"><span class='ocrx_word' id='word_1_366' title='bbox 1429 2047 1480 2095; x_wconf 90' lang='lat' dir='ltr'>in</span> <span class='ocrx_word' id='word_1_367' title='bbox 1508 2046 1689 2095; x_wconf 89' lang='lat' dir='ltr'>codice</span> <span class='ocrx_word' id='word_1_368' title='bbox 1720 2047 1977 2095; x_wconf 84' lang='lat' dir='ltr'>Vaticano</span> <span class='ocrx_word' id='word_1_369' title='bbox 2014 2049 2162 2094; x_wconf 73' lang='grc'><strong>3461.</strong></span> <span class='ocrx_word' id='word_1_370' title='bbox 2201 2045 2494 2108; x_wconf 83' lang='lat' dir='ltr'>Guelpber·</span> 
     </span>
     <span class='ocr_line' id='line_1_74' title="bbox 1433 2119 2490 2185; baseline -0.003 -15"><span class='ocrx_word' id='word_1_371' title='bbox 1433 2121 1652 2185; x_wconf 70' lang='lat' dir='ltr'>hymno,</span> <span class='ocrx_word' id='word_1_372' title='bbox 1675 2129 1731 2170; x_wconf 89' lang='lat' dir='ltr'>et</span> <span class='ocrx_word' id='word_1_373' title='bbox 1767 2136 1902 2182; x_wconf 87' lang='lat' dir='ltr'>meo,</span> <span class='ocrx_word' id='word_1_374' title='bbox 1925 2123 2106 2170; x_wconf 79' lang='lat' dir='ltr'>omissa</span> <span class='ocrx_word' id='word_1_375' title='bbox 2131 2129 2247 2181; x_wconf 72' lang='lat' dir='ltr'>est3</span> <span class='ocrx_word' id='word_1_376' title='bbox 2292 2121 2332 2167; x_wconf 85' lang='lat' dir='ltr'>si</span> <span class='ocrx_word' id='word_1_377' title='bbox 2367 2119 2490 2183; x_wconf 88' lang='lat' dir='ltr'>quid</span> 
     </span>
     <span class='ocr_line' id='line_1_75' title="bbox 1418 2198 2494 2262; baseline -0.003 -14"><span class='ocrx_word' id='word_1_378' title='bbox 1418 2198 1662 2262; x_wconf 81' lang='lat' dir='ltr'>judicare</span> <span class='ocrx_word' id='word_1_379' title='bbox 1718 2212 1944 2262; x_wconf 87' lang='lat' dir='ltr'>possum,</span> <span class='ocrx_word' id='word_1_380' title='bbox 1999 2198 2123 2246; x_wconf 77' lang='lat' dir='ltr'>satis</span> <span class='ocrx_word' id='word_1_381' title='bbox 2180 2206 2494 2260; x_wconf 83' lang='lat' dir='ltr'>opportune.</span> 
     </span>
     <span class='ocr_line' id='line_1_76' title="bbox 1434 2277 1679 2326; baseline -0.012 0"><span class='ocrx_word' id='word_1_382' title='bbox 1434 2277 1679 2326; x_wconf 69' lang='lat' dir='ltr'>Schmun-z.</span> 
     </span>
    </p>

    <p class='ocr_par' dir='ltr' id='par_1_11' title="bbox 1428 2346 2495 2940">
     <span class='ocr_line' id='line_1_77' title="bbox 1497 2346 2492 2416; baseline -0.003 -17"><span class='ocrx_word' id='word_1_383' title='bbox 1497 2353 1617 2401; x_wconf 80' lang='lat' dir='ltr'>Nisi</span> <span class='ocrx_word' id='word_1_384' title='bbox 1640 2348 2025 2416; x_wconf 67' lang='lat' dir='ltr'>dumfiniunwr]</span> <span class='ocrx_word' id='word_1_385' title='bbox 2052 2350 2220 2398; x_wconf 84' lang='lat' dir='ltr'>Etiam</span> <span class='ocrx_word' id='word_1_386' title='bbox 2245 2349 2329 2397; x_wconf 86' lang='lat' dir='ltr'>hic</span> <span class='ocrx_word' id='word_1_387' title='bbox 2353 2346 2492 2410; x_wconf 76' lang='grc' dir='ltr'>αὐξή-</span> 
     </span>
     <span class='ocr_line' id='line_1_78' title="bbox 1428 2428 2495 2491; baseline -0.004 -11"><span class='ocrx_word' id='word_1_388' title='bbox 1428 2447 1501 2480; x_wconf 74' lang='grc' dir='ltr'>σει</span> <span class='ocrx_word' id='word_1_389' title='bbox 1541 2432 1708 2481; x_wconf 79' lang='lat' dir='ltr'>utitur</span> <span class='ocrx_word' id='word_1_390' title='bbox 1750 2431 1965 2480; x_wconf 76' lang='lat' dir='ltr'>Plinius.</span> <span class='ocrx_word' id='word_1_391' title='bbox 2031 2428 2302 2478; x_wconf 87' lang='lat' dir='ltr'>Minimum</span> <span class='ocrx_word' id='word_1_392' title='bbox 2338 2430 2495 2491; x_wconf 84' lang='lat' dir='ltr'>enim,</span> 
     </span>
     <span class='ocr_line' id='line_1_79' title="bbox 1430 2506 2494 2571; baseline -0.004 -14"><span class='ocrx_word' id='word_1_393' title='bbox 1430 2516 1549 2571; x_wconf 84' lang='lat' dir='ltr'>post</span> <span class='ocrx_word' id='word_1_394' title='bbox 1594 2510 1813 2558; x_wconf 87' lang='lat' dir='ltr'>alterum</span> <span class='ocrx_word' id='word_1_395' title='bbox 1858 2507 2201 2568; x_wconf 85' lang='lat' dir='ltr'>consulatum,</span> <span class='ocrx_word' id='word_1_396' title='bbox 2241 2520 2392 2569; x_wconf 76' lang='lat' dir='ltr'>quem</span> <span class='ocrx_word' id='word_1_397' title='bbox 2441 2506 2494 2554; x_wconf 78' lang='grc' dir='ltr'>Ιιί</span> 
     </span>
     <span class='ocr_line' id='line_1_80' title="bbox 1428 2583 2493 2647; baseline -0.004 -14"><span class='ocrx_word' id='word_1_398' title='bbox 1428 2587 1668 2634; x_wconf 82' lang='lat' dir='ltr'>consules</span> <span class='ocrx_word' id='word_1_399' title='bbox 1705 2594 2018 2647; x_wconf 74' lang='lat' dir='ltr'>acceperant</span> <span class='ocrx_word' id='word_1_400' title='bbox 2045 2600 2075 2632; x_wconf 86' lang='lat' dir='ltr'>a</span> <span class='ocrx_word' id='word_1_401' title='bbox 2104 2584 2299 2644; x_wconf 83' lang='lat' dir='ltr'>Nerva,</span> <span class='ocrx_word' id='word_1_402' title='bbox 2334 2583 2493 2631; x_wconf 88' lang='lat' dir='ltr'>inter-</span> 
     </span>
     <span class='ocr_line' id='line_1_81' title="bbox 1429 2661 2492 2719; baseline -0.003 -9"><span class='ocrx_word' id='word_1_403' title='bbox 1429 2669 1659 2711; x_wconf 79' lang='lat' dir='ltr'>cesserat</span> <span class='ocrx_word' id='word_1_404' title='bbox 1686 2663 1831 2711; x_wconf 89' lang='lat' dir='ltr'>unius</span> <span class='ocrx_word' id='word_1_405' title='bbox 1858 2663 1977 2710; x_wconf 89' lang='lat' dir='ltr'>anni</span> <span class='ocrx_word' id='word_1_406' title='bbox 2004 2661 2351 2719; x_wconf 85' lang='lat' dir='ltr'>intervallum,</span> <span class='ocrx_word' id='word_1_407' title='bbox 2375 2673 2492 2708; x_wconf 90' lang='lat' dir='ltr'>cum</span> 
     </span>
     <span class='ocr_line' id='line_1_82' title="bbox 1429 2736 2494 2801; baseline -0.002 -15"><span class='ocrx_word' id='word_1_408' title='bbox 1429 2748 1754 2787; x_wconf 79' lang='lat' dir='ltr'>resumerent</span> <span class='ocrx_word' id='word_1_409' title='bbox 1799 2745 2106 2801; x_wconf 64' lang='lat' dir='ltr'>praetextam</span> <span class='ocrx_word' id='word_1_410' title='bbox 2151 2736 2494 2785; x_wconf 84' lang='lat' dir='ltr'>consularem.</span> 
     </span>
     <span class='ocr_line' id='line_1_83' title="bbox 1432 2813 2494 2876; baseline -0.003 -12"><span class='ocrx_word' id='word_1_411' title='bbox 1432 2813 1579 2864; x_wconf 81' lang='lat' dir='ltr'>Adeo</span> <span class='ocrx_word' id='word_1_412' title='bbox 1602 2824 1747 2864; x_wconf 88' lang='lat' dir='ltr'>recte</span> <span class='ocrx_word' id='word_1_413' title='bbox 1780 2813 1978 2863; x_wconf 68' lang='lat' dir='ltr'>notuit</span> <span class='ocrx_word' id='word_1_414' title='bbox 2004 2813 2224 2876; x_wconf 82' lang='lat' dir='ltr'>Lipsius,</span> <span class='ocrx_word' id='word_1_415' title='bbox 2250 2814 2361 2862; x_wconf 77' lang='lat' dir='ltr'>haec</span> <span class='ocrx_word' id='word_1_416' title='bbox 2382 2826 2494 2861; x_wconf 88' lang='lat' dir='ltr'>ora·</span> 
     </span>
     <span class='ocr_line' id='line_1_84' title="bbox 1433 2892 1879 2940; baseline 0 0"><span class='ocrx_word' id='word_1_417' title='bbox 1433 2892 1565 2940; x_wconf 77' lang='lat' dir='ltr'>toric</span> <span class='ocrx_word' id='word_1_418' title='bbox 1586 2892 1707 2940; x_wconf 84' lang='lat' dir='ltr'>dici.</span> <span class='ocrx_word' id='word_1_419' title='bbox 1732 2893 1879 2940; x_wconf 80' lang='lat' dir='ltr'>Idem.</span> 
     </span>
    </p>

    <p class='ocr_par' dir='ltr' id='par_1_12' title="bbox 1429 2965 2494 3261">
     <span class='ocr_line' id='line_1_85' title="bbox 1496 2965 2492 3030; baseline -0.004 -14"><span class='ocrx_word' id='word_1_420' title='bbox 1496 2968 1907 3030; x_wconf 72' lang='lat' dir='ltr'>Dumfiaiuntar]</span> <span class='ocrx_word' id='word_1_421' title='bbox 1926 2965 2084 3016; x_wconf 84' lang='lat' dir='ltr'>Haud</span> <span class='ocrx_word' id='word_1_422' title='bbox 2111 2978 2231 3013; x_wconf 84' lang='lat' dir='ltr'>vere</span> <span class='ocrx_word' id='word_1_423' title='bbox 2253 2965 2456 3013; x_wconf 89' lang='lat' dir='ltr'>omnino</span> <span class='ocrx_word' id='word_1_424' title='bbox 2480 2980 2492 3012; x_wconf 87' lang='lat'>=</span> 
     </span>
     <span class='ocr_line' id='line_1_86' title="bbox 1429 3039 2493 3104; baseline -0.004 -11"><span class='ocrx_word' id='word_1_425' title='bbox 1429 3059 1528 3093; x_wconf 91' lang='lat' dir='ltr'>non</span> <span class='ocrx_word' id='word_1_426' title='bbox 1555 3059 1735 3104; x_wconf 90' lang='lat' dir='ltr'>annus,</span> <span class='ocrx_word' id='word_1_427' title='bbox 1764 3052 1818 3093; x_wconf 92' lang='lat' dir='ltr'>et</span> <span class='ocrx_word' id='word_1_428' title='bbox 1850 3045 2002 3103; x_wconf 89' lang='lat' dir='ltr'>ultra,</span> <span class='ocrx_word' id='word_1_429' title='bbox 2025 3039 2278 3091; x_wconf 82' lang='lat' dir='ltr'>interfuit.</span> <span class='ocrx_word' id='word_1_430' title='bbox 2347 3041 2493 3089; x_wconf 86' lang='lat' dir='ltr'>Onu·</span> 
     </span>
     <span class='ocr_line' id='line_1_87' title="bbox 1431 3117 2494 3171; baseline -0.002 -2"><span class='ocrx_word' id='word_1_431' title='bbox 1431 3119 1584 3169; x_wconf 80' lang='lat' dir='ltr'>frium</span> <span class='ocrx_word' id='word_1_432' title='bbox 1610 3121 1747 3170; x_wconf 79' lang='lat' dir='ltr'>vide.</span> <span class='ocrx_word' id='word_1_433' title='bbox 1799 3120 1902 3171; x_wconf 86' lang='lat' dir='ltr'>Sed</span> <span class='ocrx_word' id='word_1_434' title='bbox 1929 3119 2153 3168; x_wconf 85' lang='lat' dir='ltr'>oratorie</span> <span class='ocrx_word' id='word_1_435' title='bbox 2179 3119 2289 3166; x_wconf 78' lang='lat' dir='ltr'>ltaec</span> <span class='ocrx_word' id='word_1_436' title='bbox 2313 3117 2494 3167; x_wconf 83' lang='lat' dir='ltr'>dicuu-</span> 
     </span>
     <span class='ocr_line' id='line_1_88' title="bbox 1433 3198 1692 3261; baseline -0.008 -14"><span class='ocrx_word' id='word_1_437' title='bbox 1433 3206 1535 3248; x_wconf 89' lang='lat' dir='ltr'>tur.</span> <span class='ocrx_word' id='word_1_438' title='bbox 1557 3198 1692 3261; x_wconf 80' lang='lat' dir='ltr'>Lips.</span> 
     </span>
    </p>

    <p class='ocr_par' dir='ltr' id='par_1_13' title="bbox 1429 3273 2499 4339">
     <span class='ocr_line' id='line_1_89' title="bbox 1501 3273 2496 3336; baseline -0.005 -12"><span class='ocrx_word' id='word_1_439' title='bbox 1501 3277 1718 3324; x_wconf 76' lang='lat' dir='ltr'>Fortuna</span> <span class='ocrx_word' id='word_1_440' title='bbox 1740 3273 1968 3336; x_wconf 77' lang='lat' dir='ltr'>lassetur]</span> <span class='ocrx_word' id='word_1_441' title='bbox 1992 3273 2037 3322; x_wconf 88' lang='lat'>1.</span> <span class='ocrx_word' id='word_1_442' title='bbox 2063 3288 2108 3322; x_wconf 92' lang='lat' dir='ltr'>e.</span> <span class='ocrx_word' id='word_1_443' title='bbox 2142 3287 2235 3321; x_wconf 85' lang='lat' dir='ltr'>nec</span> <span class='ocrx_word' id='word_1_444' title='bbox 2255 3284 2496 3336; x_wconf 88' lang='lat' dir='ltr'>unquam,</span> 
     </span>
     <span class='ocr_line' id='line_1_90' title="bbox 1431 3349 2496 3416; baseline -0.003 -14"><span class='ocrx_word' id='word_1_445' title='bbox 1431 3354 1482 3402; x_wconf 89' lang='lat' dir='ltr'>iu</span> <span class='ocrx_word' id='word_1_446' title='bbox 1507 3355 1606 3403; x_wconf 83' lang='lat' dir='ltr'>hoc</span> <span class='ocrx_word' id='word_1_447' title='bbox 1632 3367 1825 3416; x_wconf 83' lang='lat' dir='ltr'>genere</span> <span class='ocrx_word' id='word_1_448' title='bbox 1850 3351 2034 3415; x_wconf 81' lang='lat' dir='ltr'>gratiae</span> <span class='ocrx_word' id='word_1_449' title='bbox 2059 3358 2108 3400; x_wconf 84' lang='lat' dir='ltr'>et</span> <span class='ocrx_word' id='word_1_450' title='bbox 2128 3349 2387 3406; x_wconf 85' lang='lat' dir='ltr'>beneficii,</span> <span class='ocrx_word' id='word_1_451' title='bbox 2407 3358 2496 3399; x_wconf 82' lang='lat' dir='ltr'>aut</span> 
     </span>
     <span class='ocr_line' id='line_1_91' title="bbox 1434 3426 2497 3486; baseline -0.004 -5"><span class='ocrx_word' id='word_1_452' title='bbox 1434 3432 1671 3481; x_wconf 83' lang='lat' dir='ltr'>voluntas</span> <span class='ocrx_word' id='word_1_453' title='bbox 1712 3438 1820 3486; x_wconf 85' lang='lat' dir='ltr'>tua,</span> <span class='ocrx_word' id='word_1_454' title='bbox 1859 3438 1949 3479; x_wconf 85' lang='lat' dir='ltr'>aut</span> <span class='ocrx_word' id='word_1_455' title='bbox 1990 3428 2207 3478; x_wconf 81' lang='lat' dir='ltr'>facultas</span> <span class='ocrx_word' id='word_1_456' title='bbox 2244 3426 2497 3477; x_wconf 82' lang='lat' dir='ltr'>felicitas·</span> 
     </span>
     <span class='ocr_line' id='line_1_92' title="bbox 1431 3505 2497 3573; baseline -0.004 -16"><span class='ocrx_word' id='word_1_457' title='bbox 1431 3523 1551 3573; x_wconf 88' lang='lat' dir='ltr'>que,</span> <span class='ocrx_word' id='word_1_458' title='bbox 1576 3506 1856 3558; x_wconf 82' lang='lat' dir='ltr'>defetiscat</span> <span class='ocrx_word' id='word_1_459' title='bbox 1879 3514 1931 3556; x_wconf 89' lang='lat' dir='ltr'>et</span> <span class='ocrx_word' id='word_1_460' title='bbox 1947 3516 2133 3557; x_wconf 82' lang='lat' dir='ltr'>cesset.</span> <span class='ocrx_word' id='word_1_461' title='bbox 2202 3509 2216 3534; x_wconf 91' lang='lat'>‘</span> <span class='ocrx_word' id='word_1_462' title='bbox 2235 3506 2304 3554; x_wconf 80' lang='lat' dir='ltr'>Ut</span> <span class='ocrx_word' id='word_1_463' title='bbox 2324 3505 2497 3562; x_wconf 86' lang='lat' dir='ltr'>enim‚’</span> 
     </span>
     <span class='ocr_line' id='line_1_93' title="bbox 1432 3580 2497 3650; baseline -0.003 -17"><span class='ocrx_word' id='word_1_464' title='bbox 1432 3585 1570 3650; x_wconf 88' lang='lat' dir='ltr'>quod</span> <span class='ocrx_word' id='word_1_465' title='bbox 1599 3586 1769 3649; x_wconf 87' lang='lat' dir='ltr'>paullo</span> <span class='ocrx_word' id='word_1_466' title='bbox 1793 3584 2028 3646; x_wconf 84' lang='lat' dir='ltr'>superins</span> <span class='ocrx_word' id='word_1_467' title='bbox 2052 3583 2275 3643; x_wconf 76' lang='lat' dir='ltr'>dixerat,</span> <span class='ocrx_word' id='word_1_468' title='bbox 2297 3586 2311 3610; x_wconf 87' lang='lat'>‘</span> <span class='ocrx_word' id='word_1_469' title='bbox 2331 3580 2497 3631; x_wconf 84' lang='lat' dir='ltr'>felici·</span> 
     </span>
     <span class='ocr_line' id='line_1_94' title="bbox 1434 3659 2497 3725; baseline -0.003 -14"><span class='ocrx_word' id='word_1_470' title='bbox 1434 3663 1559 3712; x_wconf 85' lang='lat' dir='ltr'>tatis</span> <span class='ocrx_word' id='word_1_471' title='bbox 1596 3670 1698 3717; x_wconf 85' lang='lat' dir='ltr'>est,</span> <span class='ocrx_word' id='word_1_472' title='bbox 1733 3667 1978 3725; x_wconf 86' lang='lat' dir='ltr'>quantum</span> <span class='ocrx_word' id='word_1_473' title='bbox 2015 3662 2161 3716; x_wconf 81' lang='lat' dir='ltr'>velis,</span> <span class='ocrx_word' id='word_1_474' title='bbox 2198 3674 2385 3723; x_wconf 81' lang='lat' dir='ltr'>posse3</span> <span class='ocrx_word' id='word_1_475' title='bbox 2422 3659 2497 3708; x_wconf 86' lang='lat' dir='ltr'>sic</span> 
     </span>
     <span class='ocr_line' id='line_1_95' title="bbox 1429 3735 2498 3805; baseline -0.005 -15"><span class='ocrx_word' id='word_1_476' title='bbox 1429 3740 1816 3805; x_wconf 78' lang='lat' dir='ltr'>magnitudinis,</span> <span class='ocrx_word' id='word_1_477' title='bbox 1843 3738 1995 3794; x_wconf 83' lang='lat' dir='ltr'>velle,</span> <span class='ocrx_word' id='word_1_478' title='bbox 2020 3746 2267 3802; x_wconf 81' lang='lat' dir='ltr'>qnantum</span> <span class='ocrx_word' id='word_1_479' title='bbox 2296 3735 2498 3800; x_wconf 87' lang='lat' dir='ltr'>possis.’</span> 
     </span>
     <span class='ocr_line' id='line_1_96' title="bbox 1435 3817 2497 3883; baseline -0.009 -16"><span class='ocrx_word' id='word_1_480' title='bbox 1435 3819 1496 3867; x_wconf 90' lang='lat' dir='ltr'>In</span> <span class='ocrx_word' id='word_1_481' title='bbox 1520 3832 1634 3867; x_wconf 89' lang='lat' dir='ltr'>meo</span> <span class='ocrx_word' id='word_1_482' title='bbox 1655 3817 1838 3867; x_wconf 92' lang='lat' dir='ltr'>codice</span> <span class='ocrx_word' id='word_1_483' title='bbox 1863 3830 1957 3878; x_wconf 86' lang='lat' dir='ltr'>pro</span> <span class='ocrx_word' id='word_1_484' title='bbox 1981 3818 2200 3869; x_wconf 78' lang='lat' dir='ltr'>lassetur,</span> <span class='ocrx_word' id='word_1_485' title='bbox 2225 3820 2497 3883; x_wconf 68' lang='lat' dir='ltr'>exaratum</span> 
     </span>
     <span class='ocr_line' id='line_1_97' title="bbox 1429 3887 2499 3948; baseline -0.008 -5"><span class='ocrx_word' id='word_1_486' title='bbox 1429 3901 1512 3943; x_wconf 88' lang='lat' dir='ltr'>est</span> <span class='ocrx_word' id='word_1_487' title='bbox 1545 3897 1751 3943; x_wconf 76' lang='lat' dir='ltr'>taxetur.</span> <span class='ocrx_word' id='word_1_488' title='bbox 1820 3894 2002 3948; x_wconf 88' lang='lat' dir='ltr'>Putes,</span> <span class='ocrx_word' id='word_1_489' title='bbox 2035 3892 2131 3940; x_wconf 80' lang='lat' dir='ltr'>hoc</span> <span class='ocrx_word' id='word_1_490' title='bbox 2167 3888 2377 3937; x_wconf 83' lang='lat' dir='ltr'>verbum</span> <span class='ocrx_word' id='word_1_491' title='bbox 2412 3887 2499 3935; x_wconf 83' lang='lat' dir='ltr'>hic</span> 
     </span>
     <span class='ocr_line' id='line_1_98' title="bbox 1431 3962 2498 4036; baseline -0.009 -14"><span class='ocrx_word' id='word_1_492' title='bbox 1431 3987 1583 4036; x_wconf 89' lang='lat' dir='ltr'>posse</span> <span class='ocrx_word' id='word_1_493' title='bbox 1608 3974 1776 4022; x_wconf 84' lang='lat' dir='ltr'>locum</span> <span class='ocrx_word' id='word_1_494' title='bbox 1815 3971 2027 4029; x_wconf 72' lang='lat' dir='ltr'>habere,</span> <span class='ocrx_word' id='word_1_495' title='bbox 2051 3970 2092 4016; x_wconf 88' lang='lat' dir='ltr'>si</span> <span class='ocrx_word' id='word_1_496' title='bbox 2131 3973 2145 3994; x_wconf 83' lang='lat'><em>‘</em></span> <span class='ocrx_word' id='word_1_497' title='bbox 2168 3962 2369 4019; x_wconf 84' lang='lat' dir='ltr'>laxari,’</span> <span class='ocrx_word' id='word_1_498' title='bbox 2404 3977 2498 4025; x_wconf 90' lang='lat' dir='ltr'>pro</span> 
     </span>
     <span class='ocr_line' id='line_1_99' title="bbox 1433 4040 2499 4109; baseline -0.008 -11"><span class='ocrx_word' id='word_1_499' title='bbox 1433 4049 1648 4103; x_wconf 81' lang='lat' dir='ltr'>remitti,</span> <span class='ocrx_word' id='word_1_500' title='bbox 1666 4057 1719 4097; x_wconf 91' lang='lat' dir='ltr'>et</span> <span class='ocrx_word' id='word_1_501' title='bbox 1745 4048 2114 4109; x_wconf 83' lang='lat' dir='ltr'>languidiorem</span> <span class='ocrx_word' id='word_1_502' title='bbox 2132 4043 2263 4101; x_wconf 82' lang='lat' dir='ltr'>fieri,</span> <span class='ocrx_word' id='word_1_503' title='bbox 2281 4040 2499 4090; x_wconf 88' lang='lat' dir='ltr'>dicatur.</span> 
     </span>
     <span class='ocr_line' id='line_1_100' title="bbox 1433 4117 2498 4178; baseline -0.01 0"><span class='ocrx_word' id='word_1_504' title='bbox 1433 4128 1551 4178; x_wconf 80' lang='lat' dir='ltr'>Quo</span> <span class='ocrx_word' id='word_1_505' title='bbox 1575 4140 1726 4176; x_wconf 86' lang='lat' dir='ltr'>sensu</span> <span class='ocrx_word' id='word_1_506' title='bbox 1749 4126 1763 4151; x_wconf 90' lang='lat'>‘</span> <span class='ocrx_word' id='word_1_507' title='bbox 1787 4125 2050 4172; x_wconf 72' lang='lat' dir='ltr'>temeritas</span> <span class='ocrx_word' id='word_1_508' title='bbox 2078 4126 2249 4171; x_wconf 85' lang='lat' dir='ltr'>laxata</span> <span class='ocrx_word' id='word_1_509' title='bbox 2270 4119 2281 4139; x_wconf 88' lang='lat'><em>&#39;</em></span> <span class='ocrx_word' id='word_1_510' title='bbox 2305 4117 2498 4167; x_wconf 89' lang='lat' dir='ltr'>dicitur</span> 
     </span>
     <span class='ocr_line' id='line_1_101' title="bbox 1433 4196 2498 4263; baseline -0.008 -11"><span class='ocrx_word' id='word_1_511' title='bbox 1433 4202 1685 4252; x_wconf 85' lang='lat' dir='ltr'>Petronio</span> <span class='ocrx_word' id='word_1_512' title='bbox 1718 4215 1835 4263; x_wconf 86' lang='lat' dir='ltr'>cap.</span> <span class='ocrx_word' id='word_1_513' title='bbox 1856 4205 1937 4249; x_wconf 81' lang='grc'>82.</span> <span class='ocrx_word' id='word_1_514' title='bbox 1961 4206 2015 4247; x_wconf 88' lang='lat' dir='ltr'>et</span> <span class='ocrx_word' id='word_1_515' title='bbox 2050 4212 2162 4261; x_wconf 76' lang='lat' dir='ltr'>cap.</span> <span class='ocrx_word' id='word_1_516' title='bbox 2188 4200 2298 4245; x_wconf 86' lang='grc'><strong>108.</strong></span> <span class='ocrx_word' id='word_1_517' title='bbox 2342 4201 2356 4222; x_wconf 78' lang='lat'>⁸</span> <span class='ocrx_word' id='word_1_518' title='bbox 2380 4196 2498 4244; x_wconf 84' lang='lat' dir='ltr'>Nec</span> 
     </span>
     <span class='ocr_line' id='line_1_102' title="bbox 1434 4271 2498 4339; baseline -0.012 -9"><span class='ocrx_word' id='word_1_519' title='bbox 1434 4289 1607 4330; x_wconf 83' lang='lat' dir='ltr'>tamen</span> <span class='ocrx_word' id='word_1_520' title='bbox 1645 4277 1945 4339; x_wconf 86' lang='lat' dir='ltr'>cujusquam</span> <span class='ocrx_word' id='word_1_521' title='bbox 1977 4276 2052 4325; x_wconf 86' lang='lat' dir='ltr'>ira</span> <span class='ocrx_word' id='word_1_522' title='bbox 2080 4276 2287 4324; x_wconf 76' lang='lat' dir='ltr'>laxatur</span> <span class='ocrx_word' id='word_1_523' title='bbox 2307 4292 2320 4333; x_wconf 90' lang='lat'>;</span> <span class='ocrx_word' id='word_1_524' title='bbox 2342 4271 2353 4291; x_wconf 78' lang='lat'><strong><em>⁹</em></strong></span> <span class='ocrx_word' id='word_1_525' title='bbox 2391 4272 2423 4320; x_wconf 91' lang='lat' dir='ltr'>i.</span> <span class='ocrx_word' id='word_1_526' title='bbox 2452 4287 2498 4320; x_wconf 84' lang='lat' dir='ltr'>e.</span> 
     </span>
    </p>
   </div>
  </div>
 </body>
</html>
