3060 4902
563 331 695 400 862

567 496 690 561 pist.
713 508 844 545 vm.
866 500 915 547 3.
939 493 1147 545 nomine
1170 495 1307 555 regis
1326 496 1537 558 scripsit
1560 495 1625 546 ad

562 582 802 621 senatum
837 572 1151 621 Romanum:
1186 572 1202 599 ‘
1228 573 1383 632 Ecce,
1410 572 1627 636 Trajani

564 649 723 697 vestri
746 650 944 698 clarum
975 648 1180 698 surculis
1203 661 1504 712 reparemus
1540 664 1627 697 ex·

563 725 811 787 emplum.
842 725 995 776 Jttrat
1013 724 1179 787 vobis,
1202 738 1297 787 per
1316 723 1626 789 quemjura-

561 800 667 862 tis3
700 814 797 849 nec
821 807 997 864 potest
1012 799 1078 849 ab
1094 800 1185 849 illo
1201 800 1470 863 quisquam
1495 799 1627 863 falli,

561 890 666 942 quo
690 876 929 926 invocato
951 890 1053 926 non
1086 876 1213 926 licet
1246 876 1454 940 impune
1483 891 1627 927 men-

563 952 690 1004 tiri.'
721 954 876 1003 Idem.

627 1030 694 1080 Se
733 1031 888 1080 omnis
927 1030 1066 1079 turba
1104 1029 1439 1095 commoverat]
1485 1029 1534 1079 Ι.
1575 1044 1626 1080 e.

561 1117 961 1171 comparaverat
982 1121 1038 1156 se
1060 1106 1124 1155 ad
1151 1105 1522 1156 discedendum
1558 1122 1625 1156 ex

560 1186 808 1244 comitiis,
836 1192 1018 1248 utpote
1052 1184 1285 1248 opinata,
1320 1183 1448 1232 nihii
1475 1184 1623 1233 coeri·

561 1262 847 1312 moniarum
888 1277 919 1311 a
958 1262 1195 1325 principe
1228 1262 1441 1311 consule
1487 1274 1626 1325 prae·

561 1339 863 1389 standarum
907 1340 1126 1402 amplius
1169 1339 1420 1402 reliquum
1475 1351 1626 1400 esse;

562 1429 682 1465 cum
707 1424 881 1464 tamen
904 1422 960 1464 tu
982 1417 1119 1465 ultro
1135 1414 1410 1464 accederes
1431 1415 1496 1462 ad
1522 1412 1622 1461 sel-

562 1492 666 1541 lam
702 1491 954 1552 curulem,
989 1496 1048 1539 ut
1072 1490 1298 1552 jurares.
1362 1489 1449 1538 Sic
1479 1488 1621 1538 Plin.

561 1567 734 1631 Epist.
756 1580 841 1617 nt.
871 1572 920 1616 7.
953 1581 1069 1615 cnm
1103 1571 1302 1627 narrat,
1335 1564 1516 1614 Silium
1544 1578 1624 1613 re-

562 1644 760 1693 stitisse
784 1644 834 1692 in
857 1656 1083 1696 secessu,
1107 1655 1205 1690 nec
1226 1656 1282 1690 se
1307 1640 1525 1690 movisse
1548 1640 1621 1690 iu·

559 1720 650 1781 de,
673 1729 731 1770 ut
764 1734 896 1770 novo
922 1718 1143 1782 principi
1177 1719 1392 1768 Romam
1429 1718 1621 1769 adven·

557 1797 697 1846 tanti
732 1793 885 1845 officii
923 1807 1109 1844 caussa
1142 1795 1464 1844 occurrerit:
1509 1795 1523 1822 ‘
1552 1796 1621 1844 Se

559 1873 612 1921 in
650 1871 932 1935 Campania
969 1871 1155 1930 tenuit,
1192 1884 1253 1919 ac
1291 1885 1356 1918 ne
1392 1869 1621 1920 adventu

558 1947 768 2012 quidem
807 1948 924 1996 novi
958 1947 1204 2009 principis
1241 1946 1360 1995 inde
1395 1961 1625 1996 commo·

557 2035 644 2075 tus
666 2024 785 2075 est!
853 2026 996 2074 Ante
1018 2026 1288 2089 sequentia
1314 2025 1493 2081 verba,
1514 2027 1619 2075 adi·

553 2102 762 2162 gendum
791 2108 840 2151 te
881 2101 1078 2164 proebes,
1118 2108 1271 2164 putes
1310 2102 1620 2165 particulam

557 2181 605 2227 et
636 2178 946 2241 ponendam,
980 2183 1072 2226 ant
1110 2176 1319 2226 verbum
1349 2176 1530 2239 prebes
1567 2178 1618 2226 in

553 2253 770 2315 prebens
788 2250 1227 2302 commutandum.
1299 2252 1422 2317 Ipse
1446 2258 1619 2303 tamen

557 2330 686 2378 nihil
712 2337 874 2379 muto.
912 2329 1064 2377 Idem.

630 2405 981 2469 Commoveat]
1006 2404 1244 2464 Abitura,
1270 2411 1322 2454 te
1339 2403 1624 2455 declarato.

556 2483 867 2620 mamm]
902 2557 1003 2609 Qui
1039 2556 1353 2621 praesidebat
1375 2558 1620 2609 comitiis.

557 2633 865 2773 Meg-mua]
887 2709 987 2761 Qui
1002 2710 1168 2760 adhuc
1186 2720 1410 2775 gesserat
1427 2710 1620 2773 fasces,

552 2787 727 2851 etjam
751 2787 973 2837 comitiis
998 2788 1333 2851 praesidebat,
1356 2789 1619 2839 renuntia·

554 2870 739 2928 ratque
774 2878 937 2913 novos
977 2867 1234 2926 consules,
1271 2874 1326 2914 et
1354 2867 1619 2930 jusjuran-

552 2943 676 2992 dttm
699 2955 728 2989 a
752 2942 1056 2991 renuntiatis
1079 2942 1373 2991 consulibus
1391 2943 1617 3005 postula·

550 3018 664 3079 bat,
701 3034 769 3068 ex
803 3019 970 3082 prisca
1008 3019 1403 3075 consuetudine,
1441 3019 1523 3069 cui
1558 3034 1616 3068 se

552 3095 819 3159 principes
864 3094 1033 3145 adbuc
1078 3095 1451 3145 subduxerant.
1507 3096 1615 3145 Cel·

550 3172 923 3306 lars-ldigmdum
957 3252 1004 3297 te
1031 3245 1236 3309 proebes]
1267 3245 1458 3297 Statim
1493 3252 1616 3309 post

551 3330 819 3385 susceptas
856 3323 1217 3387 imperatorias
1237 3322 1440 3397 'infulas
1466 3323 1614 3386 jura·

1260 348 1481 398 No‘rAE
1530 347 1939 400 VARUORUM
1989 350 2071 400 IN

1705 497 1842 548 ravit
1875 507 2080 548 sextum
2114 498 2297 548 consul
2330 495 2540 547 factus)
2608 496 2716 547 Dio
2731 497 2775 547 1.

1708 587 1919 625 xxxin.
1955 575 1970 602 ‘
1998 574 2193 623 Eodem
2216 581 2542 624 sacramento
2569 582 2623 622 et
2645 575 2775 624 alio·

1705 664 1816 699 rum
1854 652 2249 714 magistratuum
2287 650 2556 701 candidati
2590 665 2646 701 se
2680 651 2782 701 ob-

1703 726 2053 790 stringebatm
2076 727 2304 791 alioquin
2337 727 2643 788 magistratu
2665 739 2774 775 non

1703 803 1901 866 plures,
1923 817 2075 868 quam
2097 804 2327 867 quinque
2358 803 2469 851 dies
2493 801 2639 866 fungi
2676 817 2774 866 po—

1706 879 1915 930 terant)
1950 880 2066 929 Liv.
2087 880 2172 929 lib.
2202 892 2370 929 xxxr.
2432 878 2523 929 Sic
2544 880 2595 927 in
2619 881 2637 908 ‘
2659 881 2777 927 cin·

1704 955 1811 1018 guli
1837 953 2202 1019 depositione‚’
2229 956 2325 1004 lioc
2348 961 2448 1010 est.
2473 960 2489 981 ⁴
2515 968 2633 1004 cnm
2657 953 2776 1003 abi·

1703 1038 1822 1083 rent
1835 1034 2160 1096 magistratu,
2166 1031 2415 1096 jurabant
2429 1031 2481 1080 iu
2496 1030 2778 1095 concione,

1701 1123 1759 1158 se
1793 1110 1919 1159 nihil
1955 1113 2140 1159 contra
2173 1111 2317 1173 leges
2359 1106 2585 1157 fecisse-¹
2651 1107 2775 1157 Cic.

1703 1184 1754 1234 in
1781 1185 1964 1234 Pison.
2031 1186 2135 1235 Dio
2155 1185 2248 1234 lib.
2266 1197 2428 1234 urm.
2461 1184 2617 1234 Bern-

1766 1260 1830 1309 Ιιι
1865 1259 2029 1323 verbu]
2073 1261 2316 1311 Solennis
2353 1260 2599 1310 videlicet
2619 1260 2773 1324 jura-

1700 1337 1881 1386 menti.
1952 1338 2248 1388 Cassiodor.
2281 1337 2451 1402 Epist.
2480 1350 2604 1386 vm.
2623 1341 2675 1386 2.
2697 1336 2772 1387 de

1700 1413 1797 1463 hoc
1819 1413 1983 1477 facto,
2006 1414 2092 1464 ubi
2130 1415 2320 1477 populo
2345 1414 2577 1463 Romano
2599 1412 2767 1462 Athe-

1699 1488 1889 1538 larieus
1931 1504 2024 1539 rex
2067 1490 2279 1541 scribit:
2323 1491 2340 1518 ‘
2366 1490 2506 1539 Ecce
2543 1488 2770 1551 Trajani

1700 1566 1880 1628 vestri,
1931 1566 2127 1615 clarum
2182 1565 2404 1619 saeculis.
2460 1577 2767 1629 reparamus

1698 1643 2017 1705 exemplum.
2079 1641 2236 1692 Jurst
2273 1642 2437 1697 vobis.
2475 1655 2570 1705 per
2608 1654 2766 1704 quesn

1689 1717 1907 1781 juratis3
1946 1732 2045 1768 nec
2073 1724 2252 1783 potest
2281 1716 2349 1766 ab
2383 1718 2472 1766 illo
2496 1715 2766 1782 qnisquam

1698 1793 1829 1859 falli,
1852 1810 1954 1860 quo
1987 1795 2228 1846 invocato
2260 1794 2518 1845 nonlicet
2548 1794 2766 1858 impune

1698 1871 1941 1921 mentiri.¹
1975 1872 2110 1935 Lips.

1763 1947 1927 2011 Alios]
1962 1948 2010 1998 A
2037 1963 2098 1998 se·
2112 1947 2279 1998 factos
2300 1948 2557 1998 consules.
2621 1946 2765 1997 Nam

1698 2032 1848 2075 vetus
1879 2026 1976 2075 ltoc
1998 2026 2351 2088 juramentum
2385 2024 2673 2081 consulare,
2706 2032 2769 2074 et

1699 2101 1892 2165 duplex
1917 2110 2066 2153 erata
2105 2117 2259 2152 unum
2296 2101 2446 2150 initio
2489 2102 2765 2164 magistra-

1701 2186 1802 2241 tns,
1824 2178 1891 2228 de
1914 2195 2016 2243 quo
2038 2180 2143 2242 hic,
2174 2193 2289 2228 cum
2317 2177 2570 2242 jurabant
2596 2191 2655 2227 se
2685 2179 2764 2227 le—

1696 2271 1788 2319 ges
1807 2264 2104 2306 servaturos
2117 2272 2132 2317 ς
2155 2257 2395 2319 alterum,
2407 2270 2521 2305 curn
2535 2254 2765 2320 abirent,

1688 2331 2046 2396 jurabantque
2068 2346 2324 2382 servasse.
2391 2333 2476 2381 De
2502 2330 2611 2388 illo.
2631 2345 2760 2393 pau-

1694 2410 1836 2459 ciora
1859 2410 2157 2459 testimonia
2178 2415 2330 2470 sunt3
2365 2407 2456 2457 sed
2491 2407 2590 2457 hoc
2630 2404 2766 2458 bivii

1694 2485 1895 2549 insigne
1916 2483 2005 2533 lib.
2025 2498 2195 2534 xxxi.
2217 2485 2233 2512 ‘
2261 2484 2322 2534 C.
2347 2485 2590 2533 Valerius
2608 2484 2761 2535 Flac·

1694 2574 1807 2622 cus,
1837 2560 1960 2622 quia
1992 2557 2180 2608 flamen
2218 2559 2381 2608 Dialis
2416 2566 2553 2616 erat,
2576 2558 2761 2621 jurare

1695 2634 1748 2684 in
1774 2638 1916 2698 leges
1951 2650 2054 2685 non
2093 2641 2319 2699 poterat.
2385 2635 2761 2696 Magistratus:

1694 2718 1867 2760 autem
1895 2712 2010 2773 plus
2034 2712 2259 2777 quinque
2282 2711 2413 2774 dies,
2450 2710 2548 2760 nisi
2578 2711 2667 2775 qui
2704 2712 2760 2761 in

1693 2787 1836 2850 leges
1868 2787 2119 2852 jurasset,
2157 2802 2258 2837 non
2305 2786 2498 2837 licebat
2532 2786 2760 2850 gerere.⁹

1694 2862 1845 2912 Idem.
2740 2904 2749 2911 .

1758 2941 2092 2992 Necessarium
2118 2940 2304 3006 fuerit]
2353 2941 2439 2991 Sic
2476 2941 2671 3006 legitur
2700 2940 2757 2991 iu

1692 3017 1874 3068 codice
1917 3019 2125 3068 Veneto
2168 3023 2219 3067 2.
2257 3018 2661 3082 Salisburgensi,
2701 3024 2760 3068 et

1692 3108 1840 3156 meo;
1879 3096 2005 3145 item
2041 3096 2093 3144 in
2141 3094 2407 3159 impressis
2451 3093 2760 3148 Boxhornii,

1692 3173 2059 3232 Kirchmaieri,
2082 3174 2312 3230 Cellarii.
2344 3174 2591 3237 Hearnei,
2620 3173 2762 3224 Ges·
2820 3230 2829 3237 „

1686 3251 1814 3301 neri.
1851 3251 1913 3300 ln
1928 3251 2198 3301 Vaticanis
2215 3251 2756 3314 profuerimeriptum

1689 3333 1772 3376 est
1788 3327 2002 3386 sueram
2038 3328 2088 3375 in
2119 3327 2423 3388 Parisiensi,
2460 3328 2667 3376 Veneto
2709 3331 2762 3380 2.

549 3398 644 3448 bat
668 3400 911 3463 princeps
937 3402 1127 3463 populo
1163 3415 1223 3449 ac
1257 3402 1478 3450 senatui.
1547 3400 1611 3450 In
1689 3402 2171 3467 Guelpberbytano,
2191 3411 2246 3454 et
2280 3402 2514 3468 pluribus
2551 3404 2761 3453 excusis

548 3474 771 3538 imperio
804 3477 1042 3525 orientali
1090 3477 1356 3540 logotheta
1393 3478 1614 3539 suscipit
1672 3479 1799 3538 seit.
1855 3479 2009 3529 Prior
2031 3480 2288 3543 scriptura
2312 3481 2563 3544 anologie
2585 3494 2758 3542 gram·

549 3565 582 3599 a
606 3563 738 3598 novo
762 3550 1078 3613 imperatore
1093 3553 1465 3615 jnrsmentum.
1522 3553 1611 3601 Vi·
1689 3556 1893 3605 msticae
1917 3562 1999 3604 est
2021 3555 2448 3615 convenientium
2482 3556 2761 3606 varietatis

548 3624 736 3671 deutur
759 3624 961 3672 Mem-s.
989 3627 1160 3675 Gloss.
1194 3627 1539 3677 Graecobarb.
1560 3630 1610 3678 in
1688 3638 1860 3680 autem
1883 3631 2028 3693 origo
2052 3630 2203 3681 facile
2227 3637 2397 3695 patet.
2442 3631 2507 3681 In
2530 3645 2757 3696 sequen·

546 3694 816 3758 Λογοθέτης
838 3712 891 3761 p.
908 3702 1022 3747 799.
1070 3700 1132 3749 In
1159 3701 1389 3749 Romano
1414 3704 1612 3766 consul,
1691 3704 1847 3762 tibus,
1882 3706 2049 3756 codex
2074 3706 2403 3769 parisiensis,
2437 3715 2491 3756 et
2515 3708 2755 3757 Venetus

547 3776 636 3841 qui
678 3789 848 3824 annno
884 3777 1188 3838 magistratu
1233 3775 1461 3835 functus.
1505 3780 1610 3843 pri·
1689 3787 1736 3831 1.
1760 3781 1991 3833 referunt
2012 3783 2104 3832 has
2128 3783 2563 3846 'oceasum-trus
2580 3789 2647 3845 te,
2671 3799 2754 3836 or·

544 3867 684 3903 mum
738 3852 1081 3901 renunciabat
1136 3867 1296 3903 novos
1352 3858 1609 3907 consules.
1685 3857 1809 3907 dine
1832 3859 2057 3917 inverso,
2078 3859 2401 3918 resectus-stus.
2433 3862 2703 3912 Schwart-

547 3931 659 3980 Cic.
692 3943 790 3992 pro
820 3928 1043 3976 Mnraen.
1067 3929 1254 3978 deinde
1280 3931 1408 3981 sella
1439 3934 1609 3982 curuli

543 4007 699 4063 sedit,
723 4006 899 4068 adegit
930 4006 1272 4069 jurejurando
1306 4008 1609 4060 candidatos

545 4085 863 4134 consulatus.
915 4082 1034 4132 Hoc
1059 4084 1347 4145 prebente,
1371 4087 1444 4134 illi
1460 4085 1606 4148 jura·

546 4159 673 4210 bant
697 4161 745 4208 in
770 4160 933 4223 leges.
999 4160 1197 4210 Noster
1220 4160 1357 4211 infra
1386 4175 1607 4212 txxvn.

544 4239 595 4286 2.
631 4237 717 4288 Sic
742 4236 1009 4301 Angustus
1033 4252 1100 4288 ex
1129 4239 1293 4291 veteri
1319 4253 1461 4291 more
1484 4242 1500 4268 ⁴
1514 4240 1604 4304 jn·

1752 3937 1855 3987 Nec
1875 3938 1989 3987 duas
2007 3936 2152 4000 sutis]
2176 3938 2386 3988 Voculis
2398 3954 2486 3988 nec
2503 3941 2617 3989 duur
2633 3954 2755 4006 par·

1684 4013 1895 4063 ticulum
1919 4013 2198 4075 δ-γκληικὴν
2217 4029 2307 4077 que
2328 4014 2590 4078 adjiciunt.
2610 4017 2754 4067 codi-

1682 4102 1771 4138 ces
1796 4089 2131 4150 parisiensis,
2153 4096 2211 4138 et
2231 4096 2453 4154 uterque
2478 4092 2754 4155 Venetus3

1681 4165 1915 4229 itemque
1976 4166 2029 4215 in
2084 4166 2349 4229 impressis
2405 4166 2757 4230 Puteolanus,

1680 4240 1990 4300 Beroaldus,
2015 4241 2365 4298 philomarus,
2385 4241 2670 4309 Gruterus,
2696 4255 2750 4296 et
