3060 4902
477 359 608 427 782

542 515 944 583 excessumque]
982 518 1275 570 Altitudine
1294 535 1450 582 supet·
1467 521 1540 585 ip·

476 609 533 647 sa
557 598 772 659 templa.
843 597 980 645 Nam
1002 596 1104 645 hoc
1128 605 1227 652 est,
1261 596 1398 659 quod
1435 596 1450 623 ‘
1470 596 1545 644 in-

471 678 656 737 gentes
678 671 692 694 '
740 673 1027 736 praemisit:
1076 681 1131 723 et
1175 675 1227 722 in
1276 674 1546 728 Suetonio,

468 750 487 778 ⁸
504 762 653 797 arcus
678 755 851 798 tantos
875 764 936 797 ac
960 757 1035 798 tot
1059 750 1253 799 struxit
1271 745 1314 798 τ’
1352 756 1544 811 tantos,

467 822 537 872 ¹ad
560 823 990 887 magnitudinem.
1056 824 1391 873 Describitur
1415 838 1546 872 uuus

473 900 595 950 talis
619 899 874 962 Martiali,
900 912 1028 948 vm.
1048 905 1130 949 65.
1165 900 1301 962 Lips.

543 973 921 1038 Excusat-osque
970 977 1247 1037 templorum
1284 974 1546 1037 fastigium

474 1049 662 1112 titulos]
701 1051 949 1101 Quamvis
973 1050 1235 1111 fastigium
1258 1050 1544 1112 generatim

472 1126 732 1191 significet
765 1126 1145 1185 summitatem3
1181 1126 1444 1185 sigillatim
1469 1133 1546 1174 ta-

475 1218 591 1253 men
629 1218 741 1253 eam
769 1204 1091 1266 potissimum
1122 1203 1430 1264 templorum
1455 1216 1546 1250 uo·

478 1288 556 1329 tat
581 1288 804 1343 partem,
842 1293 957 1342 quae
996 1279 1047 1326 iu
1087 1280 1251 1325 aciem
1283 1277 1543 1337 desinens,

477 1362 744 1419 tympano,
767 1369 974 1409 corona,
1000 1363 1051 1401 et
1076 1352 1400 1408 acroateriis,
1424 1366 1545 1400 con·

476 1431 670 1482 stabat.
739 1431 939 1480 Dehinc
962 1432 1116 1479 etiam
1155 1428 1335 1477 domus
1371 1429 1545 1477 Caesa-

476 1522 607 1565 rum,
647 1515 703 1558 et
725 1521 1019 1572 procerum,
1041 1520 1156 1555 cum
1180 1505 1391 1568 fastigio
1418 1504 1545 1553 aedi·

475 1582 647 1633 ficatae
701 1589 837 1632 sunt.
907 1583 1110 1632 Primus
1153 1582 1323 1632 Julius
1369 1581 1546 1629 Caesar

473 1660 740 1725 fastigium
780 1660 972 1710 habere
1002 1661 1160 1723 coepit
1185 1661 1233 1708 in
1260 1659 1411 1707 domo
1433 1674 1544 1714 sua,

473 1737 612 1785 inter
636 1738 736 1784 alia
758 1737 1043 1784 divinitatis
1068 1736 1307 1794 insignia,
1328 1750 1445 1798 quae
1472 1735 1546 1784 illi

476 1812 732 1860 attributa
770 1811 954 1872 fuere;
1004 1812 1140 1875 qnod
1173 1821 1232 1860 et
1267 1821 1545 1874 sequentes

475 1890 742 1950 principes
781 1886 965 1935 imitati
1003 1893 1142 1949 sunt,
1171 1894 1226 1935 et
1250 1893 1432 1948 postea
1458 1886 1545 1934 alii

469 1962 635 2011 'etiam
676 1976 919 2025 proceres
962 1969 1296 2025 usurparunt.
1365 1962 1549 2011 Priva-

473 2046 648 2088 torum
673 2047 846 2087 autem
870 2038 1054 2087 domus
1092 2045 1238 2087 tecta
1270 2039 1424 2102 plana
1461 2040 1548 2088 ba·

478 2117 725 2177 buerunt,
760 2130 929 2178 neque
967 2115 1018 2163 in
1059 2117 1220 2163 altum
1264 2116 1550 2176 surgentia.

480 2193 633 2245 Quod
678 2193 834 2242 docet
870 2193 1216 2242 Bernaldinus
1253 2192 1450 2241 Baldus
1482 2193 1547 2241 sd

480 2269 692 2317 vitruv·
717 2284 766 2332 p.
788 2274 871 2317 51.
922 2277 936 2298 ‘
955 2268 1140 2318 'rituli'
1176 2271 1273 2318 boc
1298 2270 1409 2317 loco
1428 2278 1550 2317 sunt

480 2345 841 2408 inscriptiones
867 2351 924 2393 et
947 2345 1114 2408 elogia
1139 2347 1438 2394 meritorum
1463 2346 1549 2392 bo·

478 2433 784 2485 nurumque,
810 2437 924 2486 quae
942 2424 1147 2479 statuiS,
1170 2422 1409 2483 arcubus,
1433 2423 1553 2484 aris,

479 2500 707 2562 templis,
740 2500 967 2562 palatiis,
1002 2501 1252 2554 domibus,
1276 2501 1550 2562 sepulcris,

481 2573 691 2635 tabulis,
721 2575 939 2638 aliisque
979 2575 1328 2630 monimentis,
1363 2576 1552 2624 inscul-

483 2649 741 2712 pebantut·
759 2659 809 2696 et
829 2650 1246 2699 inscribebantur
1264 2667 1279 2711 ;
1303 2666 1351 2698 v.
1368 2666 1416 2714 g.
1441 2653 1549 2700 Liv,

484 2737 693 2773 xxvm.
725 2729 807 2773 46.
843 2731 856 2752 ‘
884 2726 1115 2787 Propter
1143 2726 1367 2776 Juuouis
1404 2728 1571 2776 Luci·-

484 2802 584 2850 niae
610 2802 860 2863 templum
888 2809 1121 2849 testatem
1161 2802 1384 2850 Annibal
1413 2804 1549 2863 egit3

481 2878 655 2941 ibique
698 2892 837 2926 aram
884 2876 1140 2938 condidit,
1182 2878 1550 2941 dedicavitque

483 2968 597 3002 cum
624 2955 818 3016 ingenti
846 2968 1015 3001 rerum
1035 2954 1098 3001 ab
1125 2969 1179 3003 se
1205 2962 1464 3018 gestarum
1487 2956 1552 3004 ti·

483 3031 614 3092 tulo,
659 3031 874 3081 Punicis
921 3031 1224 3095 Graecisque
1270 3032 1438 3080 literis
1475 3032 1551 3080 in-

483 3108 721 3173 scripto!
752 3111 919 3159 Tacit.
942 3108 1129 3160 Annal.
1152 3124 1214 3160 η.
1232 3115 1314 3160 64.
1335 3110 1400 3159 de
1420 3126 1554 3158 mor-

485 3192 539 3234 te
564 3185 863 3235 Germanici
886 3202 899 3234 :
935 3185 951 3212 ‘
977 3183 1142 3234 Arcus
1163 3185 1328 3234 additi
1353 3186 1551 3246 Roma»,

484 3270 537 3310 et
558 3262 695 3325 apud
719 3262 881 3324 ripam
906 3260 1088 3323 Rheni,
1109 3267 1166 3310 et
1188 3262 1238 3310 iu
1262 3269 1435 3310 monte
1459 3262 1554 3325 Sy-

484 3338 576 3387 riae
613 3337 834 3399 Amano,
856 3351 972 3386 cum
1003 3337 1340 3400 inscriptione
1380 3352 1551 3387 rerum

486 3413 784 3476 genarum)
840 3415 1049 3462 Suetou.
1089 3415 1287 3463 Domit.
1321 3428 1437 3476 cap.
1474 3419 1553 3463 15.

485 3491 499 3515 ‘
525 3490 702 3552 Atque
738 3489 895 3537 etiam
934 3503 962 3537 e
1000 3488 1110 3537 basi
1148 3497 1334 3538 statute
1372 3490 1552 3538 trium·

485 3564 647 3627 phalis
686 3564 866 3612 titulus
891 3577 1136 3612 excussus
1161 3565 1209 3611 vi
1237 3564 1474 3626 procellae
1500 3566 1551 3615 in

484 3640 856 3688 monimentum
883 3639 1170 3701 proximum
1196 3640 1434 3698 decidit‚'
1452 3645 1553 3694 ὅτε.

486 3717 652 3766 Sicuti
677 3728 800 3765 vero
833 3714 1053 3777 fastigiis
1079 3717 1385 3778 templorum
1413 3718 1553 3779 pala-

484 3795 777 3856 tiorumque
789 3790 1119 3840 addebantur
1135 3793 1273 3840 varia
1285 3807 1552 3845 ornamen-

477 3862 561 3933 ta,
587 3875 644 3917 ut
666 3876 872 3930 statute,
903 3867 1173 3926 Victoriae,
1212 3876 1266 3918 et
1289 3870 1389 3918 alia
1410 3872 1554 3920 Deo·

486 3960 601 3994 rum
636 3944 906 3993 simulacra
925 3960 940 4002 3
973 3942 1114 4006 quod
1153 3944 1352 3994 Plinius
1379 3946 1553 4009 Major

487 4022 677 4085 passim
695 4027 919 4069 testatur
937 4037 952 4082 ;
977 4034 1023 4068 v.
1041 4034 1090 4083 g.
1109 4034 1308 4070 xxxvi.
1326 4026 1375 4070 5.
1414 4022 1431 4050 ‘
1449 4023 1552 4072 Ro-

484 4111 583 4146 tnoe
607 4097 750 4161 sigua
772 4110 950 4145 eorum
976 4093 1346 4160 [sculptorum]
1364 4105 1478 4146 suut
1497 4098 1552 4147 iu

485 4170 730 4222 Palatina
753 4172 866 4221 aede
891 4170 1147 4235 Apollinis
1171 4173 1224 4222 iu
1245 4170 1472 4237 fastigio,
1496 4180 1554 4223 et

486 4247 541 4298 in
561 4250 793 4299 omuibus
820 4248 950 4313 fere,
973 4262 1091 4315 quae
1114 4247 1261 4300 divus
1286 4247 1552 4313 Augustus

1155 372 1370 426 ⁸0¹1·AE
1421 373 1831 426 vARtoRUM
1887 375 1968 427 ΙΝ

1621 518 1748 570 fecit
1764 535 1780 581 ;
1797 519 1811 540 ⁹
1846 521 1917 569 ita
1936 517 2184 569 credibile
2203 525 2303 576 est,
2319 513 2513 569 ibidem
2530 516 2693 570 etiam

1624 597 1788 660 elogia
1812 597 2059 645 honorum
2084 604 2142 645 et
2171 595 2380 644 laudum
2420 595 2591 660 posita
2612 595 2695 646 fu·

1623 672 1742 720 isse.
1797 671 1945 720 Idem
1972 671 2110 721 Plin.
2138 683 2318 722 xxxv.
2342 676 2391 722 3.
2419 673 2568 721 testis
2592 680 2695 732 est,

1608 746 1636 772 ‘⁴
1657 746 1831 810 Appio
1851 747 2084 809 Claudio,
2104 749 2192 812 qui
2218 748 2396 797 consul
2430 762 2544 797 cum
2570 748 2694 797 Ser·

1625 823 1747 871 vilio
1765 821 1867 873 fuit
1895 823 1956 872 A.
1978 822 2046 873 tJ.
2068 833 2253 873 ceux.
2282 825 2560 886 placuisse,
2583 824 2693 887 cly-

1624 914 1750 961 peos
1784 914 1992 950 suorum
2032 902 2082 949 in
2122 902 2329 950 excelso
2365 903 2615 964 spectari,
2639 908 2697 951 et

1625 974 1805 1023 titulos
1829 975 2078 1024 honorum
2107 973 2250 1038 legi.'
2316 975 2408 1034 Et,
2431 989 2585 1039 quem
2621 977 2695 1025 lo·

1623 1063 1740 1098 cum
1777 1051 1886 1113 jam
1942 1050 2256 1100 Armaenins
2306 1050 2527 1107 notavit.
2570 1050 2692 1102 vnl.

1624 1126 1770 1174 Max.
1795 1130 1942 1175 v1.9.
1964 1132 2012 1175 5.
2035 1127 2099 1175 de
2123 1127 2189 1178 Q.
2208 1126 2424 1176 Catulo:
2463 1133 2480 1154 ‘
2505 1141 2696 1177 nomen

1623 1200 1735 1262 ejus
1768 1202 1820 1249 in
1856 1202 2155 1264 Capitolino
2188 1200 2396 1264 fastigio
2435 1200 2699 1267 fulgeret!

1625 1278 1821 1326 Noster
1857 1276 2057 1327 Plinius
2089 1278 2182 1335 ait,
2221 1277 2529 1343 quibusdam
2556 1280 2695 1342 prin·

1623 1353 1824 1415 cipibus
1850 1354 2153 1417 ambitiosis,
2189 1354 2256 1403 ob
2285 1368 2460 1410 vanas,
2484 1362 2539 1403 et
2563 1354 2694 1404 levis

1622 1431 1868 1479 momenti
1893 1445 1975 1479 res
2006 1440 2199 1490 gestas,
2231 1430 2376 1494 quasi
2416 1431 2482 1478 ob
2522 1430 2695 1494 prola-

1624 1511 1704 1553 tos
1741 1505 1944 1569 imperii
1978 1505 2129 1561 fines,
2153 1505 2390 1568 ingentes
2428 1520 2606 1567 arcus,
2629 1507 2697 1555 ti·

1614 1583 1862 1646 ‘tulosque
1886 1583 2200 1646 templorum
2227 1580 2487 1646 fastigium
2514 1595 2701 1631 exces-

1624 1673 1791 1719 suros,
1829 1657 2068 1707 decretos
2098 1657 2401 1722 dicatosque
2425 1656 2626 1719 fuisse;
2656 1659 2696 1709 i.

1624 1752 1671 1786 e.
1698 1737 1878 1786 titulos
1901 1745 2008 1786 tam
2047 1738 2244 1800 amplus
2280 1736 2697 1801 cumulatosque.

1625 1820 1682 1861 ut
1708 1812 1790 1861 vix
1818 1826 1852 1860 ‘a
1870 1809 2093 1875 fastigiis
2123 1813 2429 1874 templorum
2453 1812 2574 1873 capi
2602 1825 2700 1874 po·

1624 1890 1839 1938 tuerint.
1894 1888 2149 1953 Equidem
2187 1902 2281 1950 pro
2306 1886 2586 1950 participio
2610 1902 2700 1936 ex·

1622 1979 1851 2026 cessuros,
1874 1966 2040 2013 codex
2065 1963 2370 2013 ‘Vaticanus
2405 1967 2553 2013 3461.
2577 1964 2698 2013 viti-

1623 2055 1713 2089 ose
1736 2041 1895 2090 babet
1908 2041 2194 2090 necessarios
2205 2056 2225 2098 ,-
2248 2039 2414 2090 codex
2434 2040 2696 2090 salisbur-

1625 2118 2123 2177 gensisuccersaros3
2157 2129 2469 2180 quamquam
2504 2116 2570 2164 ab
2594 2117 2699 2166 alia

1625 2207 1776 2241 manu
1822 2191 2233 2254 superscriptum
2279 2191 2349 2239 sit
2402 2206 2699 2241 excessuros.

1624 2268 1744 2316 Nec
1780 2268 1907 2316 satis
1944 2268 2152 2330 placent
2175 2266 2473 2329 Boxboruii,
2504 2266 2698 2317 Kircb·

1627 2344 1823 2403 maieri,
1847 2351 1902 2393 et
1931 2344 2141 2393 Cellarii
2175 2343 2449 2400 editiones,
2492 2345 2544 2393 in
2584 2345 2698 2409 qui-

1627 2420 1719 2471 bus
1741 2422 1929 2485 legitur
1947 2435 2225 2471 accessuros.
2291 2420 2571 2485 vulgatam
2591 2423 2700 2472 lec-

1629 2500 1817 2548 tionem
1835 2498 2142 2548 confirmant
2161 2499 2547 2548 cetericodices
2560 2500 2700 2550 Mas.

1627 2574 1931 2637 Hujttsmodi
1957 2583 2130 2624 autem
2167 2575 2390 2623 inanium
2422 2575 2696 2625 titulorum

1627 2665 1727 2699 non
1755 2666 1922 2714 pauca
1944 2652 2184 2714 exempla
2220 2652 2387 2700 adbuc
2417 2660 2699 2702 occurrunt

1626 2727 1679 2774 in
1715 2727 1977 2789 Operibus
2014 2726 2442 2790 Inscriptionum.
2500 2730 2699 2779 Talem

1629 2803 1855 2865 titulum,
1891 2817 2107 2867 eumque
2133 2803 2572 2866 superbissimum,
2597 2806 2701 2869 pri·

1629 2877 1734 2925 vati
1760 2879 1995 2934 bominis,
2019 2878 2191 2926 liberti
2218 2878 2463 2938 Caesaris,
2489 2879 2698 2928 Pallan·

1630 2954 1714 3014 tis,
1739 2954 1900 3001 refert
1926 2955 2128 3003 Plinius
2149 2963 2347 3019 noster,
2373 2954 2543 3017 Epist.
2572 2969 2700 3006 vnt-

1627 3034 1677 3079 ὃ.
1713 3028 1954 3079 Schwarz.

1693 3106 1885 3154 Menses
1915 3105 2082 3168 etiam]
2118 3106 2400 3155 Suetonius
2424 3106 2624 3157 Domit.
2647 3121 2696 3158 c.

1631 3185 1710 3229 13.
1742 3183 1756 3208 ‘
1776 3181 2137 3245 Septembrem
2175 3195 2424 3243 mensem,
2449 3175 2504 3231 et
2528 3184 2697 3233 octo-

1632 3259 1773 3307 brem
1816 3273 1881 3307 εκ
1926 3258 2361 3322 appellationibus
2411 3258 2517 3307 suis
2561 3259 2698 3308 Ger-

1629 3335 1885 3386 manicum
1904 3336 2360 3399 Domitianumque
2384 3336 2695 3385 transnomi-

1628 3413 1792 3474 navit‚
1815 3411 1950 3476 quod
1986 3413 2152 3462 altero
2177 3412 2494 3475 suscepisset
2531 3412 2696 3475 impe·

1629 3489 1779 3551 rium,
1817 3490 1986 3538 altero
2022 3496 2171 3538 natus
2206 3488 2383 3537 esset.'
2449 3489 2697 3537 Meminit

1629 3571 1684 3612 et
1710 3563 2025 3612 Plutarchus
2051 3564 2240 3613 Numa.
2285 3563 2484 3613 Statius
2508 3564 2601 3612 Sil.
2621 3578 2699 3613 tv.

1625 3641 1679 3690 in
1692 3652 1835 3690 xvtt.
1853 3641 2185 3689 Consulatum
2203 3640 2534 3703 Domitiani,‘
2550 3641 2697 3689 Nou·

1630 3715 1750 3765 dum
1797 3714 1960 3764 omnis
2005 3716 2249 3763 honorem
2285 3713 2469 3763 Annus
2515 3715 2695 3772 babet.

1629 3793 1946 3855 capiuntque
1970 3790 2152 3840 decem
2186 3798 2277 3840 tua
2310 3792 2521 3840 nomina
2550 3806 2696 3841 men·

1630 3867 1748 3917 ses-³
1817 3867 1918 3917 Adi
1945 3867 2165 3917 eundem
2199 3867 2417 3919 sueton.
2436 3868 2556 3919 Tib.
2578 3883 2695 3934 cap.

1628 3948 1711 3993 26.
1753 3943 1916 3993 Licin.
1951 3952 1957 3957 ·

1694 4018 1907 4081 Menses]
1943 4019 2109 4084 Duos,
2128 4019 2486 4082 Septembrem
2511 4025 2568 4069 et
2584 4019 2694 4070 Oc·

1630 4094 1833 4145 tobrem
1852 4111 1881 4144 a
1898 4109 1953 4144 se
1975 4096 2405 4145 transnominavit
2418 4095 2695 4147 Germani-

1629 4187 1744 4221 cum
1781 4178 1834 4220 et
1868 4173 2249 4221 Domitianum:
2289 4173 2507 4223 Sueton.
2538 4187 2585 4223 c.
2610 4175 2690 4223 ts.

1626 4247 1921 4299 Martialis:
1957 4252 1973 4276 ‘
1992 4247 2126 4299 Dum
2150 4248 2314 4301 Jauus
2347 4249 2560 4307 hiemes,
2583 4248 2689 4300 Do·
