3060 4902
545 394 678 461 644

544 559 693 606 niusa
728 556 797 606 sit
833 553 1089 605 Gronovii
1130 553 1452 616 conjectura,
1491 565 1616 599 rion-

547 635 670 683 dum
692 641 920 681 tamena
944 645 1024 679 me
1053 631 1340 688 impetrare
1364 628 1533 691 potui,
1561 633 1619 676 ut

548 724 661 757 eam
700 709 990 770 reciperem
1023 707 1071 752 in
1100 710 1400 754 contextum
1426 702 1617 751 oratio-

546 788 667 835 nis:
707 787 871 848 primo
919 783 1148 849 quidem,
1194 783 1312 845 quia
1357 780 1617 841 vulgatam

545 863 821 911 lectionem
847 875 1023 909 omnes
1056 860 1236 921 scripti
1276 858 1616 920 impressique

546 940 665 989 libri
702 938 1030 991 confirmant,
1070 936 1142 984 ita
1176 942 1234 984 nt
1264 936 1457 983 nullum
1484 935 1618 983 vari·

546 1017 681 1064 antis
705 1015 982 1077 scripturae
1010 1012 1286 1074 vestigium
1326 1012 1615 1073 deprehen-

548 1092 743 1154 derim3
781 1092 990 1152 deinde,
1017 1092 1138 1151 quia
1170 1090 1309 1137 nulla
1331 1090 1613 1137 necessitas

546 1179 721 1230 urget,
761 1177 818 1216 ut
855 1182 883 1215 a
921 1167 1145 1214 lectione
1173 1166 1378 1225 vulgata
1405 1166 1614 1212 receda-

548 1259 679 1300 mus,
706 1260 822 1293 curn
849 1249 900 1291 et
926 1258 987 1291 ea
1019 1240 1334 1291 commodam
1371 1241 1615 1290 admittat

545 1320 1074 1383 interpretationem:
1110 1317 1326 1377 scilicet,
1370 1332 1493 1365 nunc
1537 1333 1615 1366 ve·

545 1411 657 1444 rum
693 1396 934 1458 templum,
964 1395 1014 1442 in
1048 1408 1148 1456 quo
1186 1393 1488 1441 innocentes
1515 1408 1611 1442 non

548 1472 856 1533 perniciem,
902 1469 995 1518 sed
1040 1469 1260 1517 salutem
1307 1469 1611 1529 inveniant;

545 1564 668 1597 nunc
691 1562 796 1597 uere
834 1547 968 1595 Deus
1005 1547 1204 1608 templi,
1233 1547 1319 1607 qui
1353 1546 1613 1594 custodiat

538 1626 711 1689 justas
745 1639 894 1688 opes,
929 1638 1026 1672 nec
1066 1623 1271 1684 spoliari
1309 1630 1361 1670 et
1390 1624 1612 1684 opprimi

547 1702 687 1749 sinat
734 1700 927 1749 bonos:
973 1698 1171 1752 adbaec,
1218 1699 1336 1760 qnia
1376 1713 1475 1747 non
1518 1701 1615 1748 nisi

545 1775 740 1840 frigida
765 1776 1005 1839 qiiaedam
1028 1774 1325 1834 ταυτολογία
1353 1774 1401 1822 in
1424 1777 1615 1837 repeti-

545 1853 612 1900 tis
651 1853 858 1901 vocibus
894 1854 1057 1914 templi
1104 1862 1156 1899 et
1203 1853 1322 1899 cedis
1367 1855 1616 1903 occurrit.

550 1930 765 1980 Dicitur
807 1940 978 1979 autem
1018 1924 1275 1978 ntinc'vere
1300 1930 1455 1984 Deus,
1481 1930 1613 1978 baud

548 2021 721 2067 secus,
744 2022 802 2055 ac
826 2011 838 2035 ‘
864 2022 983 2055 vere
1010 2003 1289 2068 princeps.’
1353 2006 1491 2053 Plin.
1514 2007 1616 2055 Pa-

549 2097 670 2144 neg.
693 2096 868 2131 Lxxx-
892 2086 941 2131 3.
982 2083 995 2107 ‘
1016 2083 1061 2128 0
1090 2096 1210 2128 vere
1247 2080 1516 2143 principis,
1541 2089 1616 2130 at·

549 2173 650 2221 que
670 2159 823 2206 etiam
851 2159 1113 2207 consulis.’
1182 2159 1317 2219 Ergo
1345 2159 1527 2207 vitiose
1568 2160 1615 2206 in

548 2242 731 2283 nostro
770 2235 949 2284 codice
983 2236 1235 2298 scriptum
1261 2242 1342 2283 est
1364 2249 1486 2283 nunc
1511 2250 1618 2284 tero

550 2313 705 2361 Deus.
737 2312 993 2359 Scliwarz.

611 2387 926 2451 Spoliarium]
965 2388 1132 2435 Locus
1170 2385 1220 2433 in
1246 2386 1617 2449 amphitheatri

548 2475 721 2529 parte,
748 2466 832 2513 ubi
860 2474 1031 2513 vestes
1068 2463 1354 2511 occisorum
1387 2471 1441 2512 et
1473 2478 1616 2511 arma

549 2544 968 2605 deponebantur,
990 2550 1146 2603 atque
1173 2542 1274 2588 alia
1294 2549 1618 2588 ornamenta.

549 2621 682 2668 Vide
704 2619 998 2668 Saturnalia
1022 2626 1215 2679 nostra,
1241 2631 1277 2664 ι.
1306 2621 1382 2664 18.
1420 2617 1558 2679 Lips.

616 2695 931 2759 spoliarium]
972 2696 1157 2754 LocuS,
1189 2694 1239 2739 in
1267 2708 1368 2756 qno
1393 2703 1446 2739 et
1472 2692 1613 2741 dam·

549 2774 659 2823 nati
697 2772 1072 2836 spoliabantur,
1114 2769 1200 2832 qui
1234 2768 1409 2815 statim
1437 2769 1614 2830 capite

550 2866 731 2916 poenas
757 2849 925 2896 daturi
950 2855 1142 2894 essent.
1180 2846 1513 2894 Nostratibus
1539 2846 1612 2894 di·

552 2930 688 2977 citur
712 2926 814 2977 nas
842 2906 1365 2984 33eitbt=lba⁰usleim
1398 2929 1518 2989 qnia
1544 2926 1616 2974 ibi

548 3022 649 3056 non
681 3018 878 3058 tantum
906 3005 1337 3060 vestimenta,sed
1360 3012 1411 3053 et
1432 3020 1615 3066 pecca·

548 3092 619 3147 ta,
644 3086 931 3149 deponunt.
971 3085 1055 3133 Sic
1086 3082 1476 3146 proscriptionis
1500 3083 1617 3130 Sul·

548 3162 681 3210 lanae
707 3163 1004 3225 spoliarium
1031 3162 1171 3208 lacus
1197 3159 1463 3206 Servilius.
1522 3159 1614 3206 Se·

549 3252 680 3285 neca
722 3240 786 3286 de
836 3236 1050 3285 Provid.
1097 3248 1184 3283 ιιι.
1225 3239 1302 3282 12.
1357 3235 1472 3283 Cic.
1521 3248 1614 3297 pro

551 3314 707 3362 Rosc.
744 3315 896 3363 Bern.

599 3390 908 3452 Proedurum]
929 3392 1057 3443 Quae
1078 3389 1275 3438 civibus
1295 3388 1476 3438 occisis
1499 3402 1610 3450 par-

549 3470 637 3512 tae.
705 3467 1020 3515 Claudianus
1065 3467 1254 3514 similia
1300 3465 1349 3512 in
1394 3463 1613 3512 Honorii

550 3541 819 3591 laudibus:
879 3546 892 3569 ‘
921 3545 1091 3592 Nullae
1132 3542 1377 3590 nobilium
1424 3540 1616 3603 caedes,

548 3632 648 3665 non
680 3619 897 3666 crimina
935 3621 1086 3680 vulgo
1115 3619 1404 3678 Texuntur,
1443 3619 1615 3678 patria

551 3702 764 3743 moestus
789 3710 887 3743 non
927 3689 1151 3743 tru'ditur
1181 3695 1320 3742 exul.
1390 3693 1511 3742 Non
1539 3694 1615 3742 in·

548 3770 730 3819 felices
760 3772 969 3826 tabula’,
988 3786 1088 3820 non
1105 3771 1255 3819 hasta
1277 3770 1613 3819 refixasven·

551 3847 628 3894 dit
666 3862 810 3911 opes,
846 3849 1126 3911 avidusque
1161 3857 1328 3896 emtor
1353 3861 1451 3895 non
1488 3862 1614 3896 voce

550 3925 765 3985 citatur,
808 3924 922 3973 Nec
969 3934 1057 3972 tua
1105 3924 1325 3988 privatis
1371 3933 1615 3975 crescunt

550 4001 736 4047 oeraria
760 3999 995 4049 damnis.’
1029 4001 1165 4063 Lips.

615 4075 690 4125 Ac
728 4080 827 4125 toto
863 4076 914 4124 in
943 4077 1075 4138 orbe]
1114 4076 1492 4125 vexatissimus
1530 4078 1613 4127 bic

553 4156 696 4203 locus
719 4163 817 4210 est,
843 4157 1073 4219 quamvis
1107 4156 1221 4217 ejus
1247 4155 1406 4203 lectio
1431 4156 1481 4203 in
1506 4170 1611 4204 om·

553 4230 703 4278 nibus
720 4232 868 4280 libris
889 4239 1144 4295 perpetuo
1168 4232 1265 4279 sibi
1287 4238 1514 4282 constet.
1550 4232 1613 4282 Id

555 4320 708 4355 sinum
749 4315 1001 4371 optarem.
1040 4317 1096 4358 ut
1134 4321 1229 4372 pro
1262 4323 1332 4365 ac,
1364 4312 1614 4374 expresse

1251 405 1466 455 NOTAE
1516 403 1925 452 VARIORUM
1975 403 2056 452 IN

1691 549 1946 610 scriptum
1984 553 2123 596 esset
2164 560 2282 604 που
2316 559 2624 612 quamquam
2662 559 2755 596 ne·

1692 640 1792 689 que
1818 626 1913 672 bac
1938 623 2148 688 quidem
2174 623 2276 671 levi
2301 622 2586 671 mutatione
2620 636 2752 686 opus

1694 704 1782 761 sit,
1806 701 2078 764 omniaque
2101 701 2257 749 verba
2273 700 2518 762 evulgata
2545 700 2757 748 retineri

1694 779 1892 839 possint
1919 777 2139 840 integra,
2171 777 2291 826 dum
2316 775 2471 825 modo
2495 775 2755 838 particula

1694 858 1776 904 illa
1794 874 1868 917 ac,
1888 865 2102 920 propter
2120 855 2502 919 praecedentem
2528 855 2756 918 particu-

1693 937 1791 983 lam
1817 952 1926 996 non,
1947 938 2074 1000 [non
2099 935 2394 999 spoliarium
2423 930 2654 994 civium,]
2687 945 2753 980 ex

1693 1014 1957 1075 pendente
1985 1028 2135 1061 seusu
2156 1012 2306 1060 simul
2332 1010 2513 1058 induat
2538 1009 2638 1057 vim
2665 1023 2753 1057 ne-

1692 1091 1864 1150 gandi,
1890 1091 2288 1154 accipiaturque
2313 1101 2403 1150 pro
2427 1103 2481 1135 ac
2504 1101 2614 1140 non,
2640 1085 2754 1134 sive

1691 1181 1877 1228 neque,·
1925 1167 2060 1215 haud
2106 1180 2276 1224 secus,
2318 1177 2378 1212 ac
2416 1163 2467 1210 in
2506 1160 2754 1223 proximis

1693 1244 1885 1300 verbis,
1933 1250 1947 1271 ‘
1970 1248 2403 1304 cruentarumque
2460 1238 2753 1301 praedarum

1690 1334 1885 1367 saevum
1911 1314 2338 1381 receptaculum‚'
2370 1314 2624 1377 particula
2647 1330 2756 1377 que,

1689 1404 1906 1457 propter
1948 1394 2260 1457 pendentem
2310 1390 2643 1454 negationem
2688 1406 2754 1439 ex

1693 1470 1873 1519 eadem
1896 1471 2153 1533 particula
2174 1484 2288 1527 non,
2310 1482 2404 1530 per
2425 1482 2572 1530 neque
2594 1466 2756 1516 debet

1693 1549 1966 1610 explicari,
1992 1557 2047 1595 ut
2081 1547 2210 1594 adeo
2233 1552 2375 1593 totus
2408 1542 2488 1591 hic
2513 1543 2656 1591 locus
2682 1543 2757 1591 ita

1693 1624 2011 1685 supplendus
2032 1621 2478 1685 explicandumque
2496 1619 2591 1667 sit:
2619 1621 2757 1668 Nunc

1692 1702 1912 1761 templum
1954 1700 2089 1761 illud,
2132 1713 2253 1746 nunc
2294 1712 2401 1745 sere
2439 1696 2575 1745 Deus
2595 1712 2617 1753 ,·
2661 1712 2755 1746 non

1690 1778 1963 1838 spoliarium
2021 1777 2213 1830 civium,
2264 1789 2410 1837 neque
2454 1778 2755 1821 cruentarum

1688 1858 1959 1918 praedarum
1980 1870 2154 1903 soevum
2173 1853 2532 1914 receptaculum,
2554 1866 2610 1899 ac
2631 1852 2756 1914 [sci-

1693 1931 1811 1979 licet
1838 1931 1953 1994 non]
1992 1937 2091 1981 toto
2122 1932 2174 1979 in
2199 1929 2308 1977 orbe
2337 1934 2571 1976 terrarum
2603 1928 2757 1976 adhue

1691 2009 1818 2055 locus
1853 2024 1971 2056 unus
2022 2007 2128 2071 [vel
2166 2005 2350 2066 unicus,
2398 2000 2655 2066 sumresss]
2702 2004 2755 2051 in

1691 2099 1799 2144 quo,
1837 2085 2009 2146 optimo
2045 2083 2280 2145 principe,
2314 2080 2420 2128 boni
2443 2080 2583 2128 malis
2605 2081 2755 2142 impa-

1691 2175 1768 2208 res
1807 2167 1977 2223 essent,
2018 2163 2050 2209 i.
2074 2175 2122 2207 e.
2151 2160 2300 2208 Sicut
2339 2158 2579 2206 oerarium
2618 2172 2755 2207 nnnc

1693 2250 1793 2284 non
1822 2245 1899 2285 est
1922 2235 2220 2300 spoliarium
2242 2234 2558 2296 civium,nec
2575 2247 2755 2296 recep-

1694 2315 1918 2362 taculum
1955 2321 2289 2363 cruentarum
2325 2310 2648 2374 praedarum3
2681 2311 2755 2360 ita

1693 2405 1790 2438 nec
1816 2392 1867 2438 iu
1893 2397 2002 2439 toto
2020 2399 2271 2438 terrarum
2289 2390 2414 2437 orbe
2435 2388 2598 2435 adbuc
2625 2403 2754 2437 unns

1693 2479 1935 2530 superest
1961 2470 2124 2527 locus,
2146 2469 2196 2515 iu
2224 2481 2324 2529 quo
2353 2466 2471 2514 boni
2497 2465 2639 2514 malis
2663 2457 2756 2514 imss

1693 2560 1843 2608 pares
1866 2553 2057 2599 essent,
2094 2546 2203 2594 sive
2236 2544 2321 2592 ubi
2347 2543 2645 2593 innocentes
2671 2558 2756 2592 ac-

1692 2624 2044 2672 cusationibus
2065 2622 2310 2670 malorum
2327 2620 2614 2669 delatorum
2641 2634 2756 2669 snc-

1692 2700 2026 2750 cumberent:
2065 2714 2180 2749 cum
2206 2701 2352 2760 alias,
2373 2698 2528 2747 etiam
2550 2696 2647 2746 sub
2667 2696 2756 2747 be·

1693 2776 2011 2838 nignioribus
2038 2774 2378 2838 principibus,
2404 2774 2585 2822 saltem
2611 2771 2757 2821 iden-

1694 2851 1852 2899 tidem
1874 2851 2252 2914 indulgeretur,
2273 2858 2352 2908 ut,
2374 2848 2543 2898 aerarii
2561 2863 2757 2911 augen-

1694 2927 1744 2975 di
1766 2943 1968 2990 caussa,
1984 2927 2105 2977 boni
2122 2925 2396 2991 aliquando
2413 2942 2441 2973 a
2459 2926 2601 2974 malis
2621 2925 2756 2974 dela·

1694 3005 1895 3055 toribus
1933 3007 2277 3055 vincerentur.
2352 3004 2558 3065 Negare
2597 3003 2759 3065 enim,

1692 3096 1791 3129 non
1819 3079 2262 3130 affirmare-voluit
2288 3079 2507 3133 Plinius,
2537 3078 2635 3128 sub
2668 3079 2758 3129 im·

1695 3166 1939 3218 peratore
1968 3157 2199 3220 Trajano
2238 3153 2551 3220 superfuisse
2586 3157 2757 3205 locum
2832 3199 2846 3215 ,

1695 3249 1868 3296 unum,
1907 3235 1955 3282 in
1992 3249 2094 3298 quo
2120 3234 2239 3283 boni
2264 3234 2410 3282 malis
2432 3233 2657 3297 impares
2681 3248 2760 3282 es·

1693 3320 1828 3357 sent.
1898 3312 2029 3361 Quae
2076 3311 2209 3359 enim
2257 3309 2490 3373 justitia,
2539 3317 2593 3358 et
2640 3325 2759 3374 quae

1693 3386 1800 3433 laus
1824 3385 2034 3449 Trajani
2073 3385 2276 3441 fuisset,
2304 3385 2362 3440 si,
2388 3399 2449 3433 eo
2474 3384 2680 3434 sciente
2703 3394 2760 3435 et

1692 3464 1986 3519 ordinante,
2046 3463 2167 3511 boni
2226 3464 2276 3512 in
2333 3461 2468 3510 bona
2506 3462 2759 3527 justaque

1691 3556 1871 3590 caussa
1898 3540 2031 3589 viuri
2064 3539 2340 3588 debuerint
2370 3554 2401 3587 a
2431 3540 2579 3587 malis
2604 3554 2759 3589 accu-

1692 3618 1988 3667 satoribus?
2056 3615 2359 3666 Sufficiebat
2394 3622 2567 3665 antem
2606 3617 2655 3666 ei
2693 3617 2756 3665 sd

1692 3691 2080 3757 gloriam,quod
2108 3692 2402 3741 sustulisset
2438 3691 2659 3754 injustas
2685 3694 2757 3742 lo·

1691 3771 1993 3830 cupletandi
2038 3770 2204 3817 aerarii
2251 3782 2477 3823 caussas,
2535 3771 2759 3818 antebac

1690 3848 1888 3896 solitas.
1955 3848 2067 3896 Etsi
2115 3860 2239 3894 vero
2279 3846 2353 3894 sic
2391 3845 2760 3895 coercerentur

1691 3924 1910 3986 improbi
1935 3923 2316 3981 delatores‚nec
2342 3922 2548 3977 liceret,
2565 3937 2761 3985 angen·

1692 4000 1743 4048 di
1771 4001 1939 4048 aerarii
1965 4001 2147 4060 gratia,
2174 4000 2314 4062 leges
2338 4013 2429 4062 per
2445 3998 2758 4048 calumniam

1691 4077 2069 4141 interpretari;
2105 4075 2350 4125 manebat
2387 4083 2559 4124 tamen
2603 4088 2760 4125 verus

1693 4155 1865 4218 legum
1890 4155 2070 4214 bonor,
2099 4152 2219 4202 dum
2251 4166 2405 4216 poens
2437 4160 2690 4209 maneret,
2713 4154 2760 4201 si

1694 4231 1804 4294 quis
1826 4245 1879 4279 re
1904 4245 2025 4278 vera
2043 4245 2160 4280 sons
2178 4228 2535 4293 deprehensus
2557 4225 2759 4278 fuisset.

1691 4312 1859 4362 Quem
1906 4311 2076 4360 locum
2123 4310 2383 4375 copiosius
2423 4311 2644 4373 exposui
2703 4311 2757 4360 in
