3060 4902
558 384 691 449 726

626 542 858 607 Superbia
875 542 930 591 in
942 541 1134 605 fronte]
1170 541 1333 601 Infra,
1354 549 1369 572 ·
1385 542 1623 594 Juvabat

558 619 761 670 illidere
817 619 927 668 solo
981 617 1375 683 superbissimos
1421 617 1625 667 vultus?

562 697 645 746 De
683 693 1004 759 impudentia
1026 695 1233 758 quidem
1265 695 1314 742 in
1349 708 1439 742 ore
1475 694 1623 743 abire

558 773 610 822 in
647 772 903 821 diversum
938 771 1216 820 Suetonius
1251 771 1473 832 videtur,
1504 786 1620 821 cnm

558 850 668 898 liaec
699 847 863 897 refert
887 861 1003 909 esp.
1032 851 1108 896 18.
1142 849 1158 875 ⁸
1177 847 1540 898 Commendsri
1567 861 1622 897 se

559 922 874 973 verecundia
918 922 1019 971 oris
1064 921 1196 972 sdeo
1241 924 1519 978 sentiebat,
1564 931 1622 972 nt

559 998 695 1061 apud
721 1005 955 1047 senatum
991 998 1064 1046 sic
1099 997 1355 1062 quondam
1382 999 1620 1058 jsctnve·

560 1077 647 1136 rit,
692 1078 707 1104 ‘
739 1076 915 1139 Usque
970 1074 1135 1123 adhuc
1188 1083 1333 1122 certe
1396 1075 1619 1123 animum

558 1166 727 1202 meum
750 1150 1032 1215 probastis,
1056 1156 1109 1198 et
1135 1148 1396 1197 vnltum.'’
1436 1149 1540 1198 Sed
1566 1156 1621 1199 et

558 1230 768 1278 Tacitus
801 1235 1034 1276 extrema
1056 1226 1184 1277 Julii
1212 1224 1471 1287 Agricola
1496 1227 1623 1274 Vite

558 1306 812 1367 scriptum
859 1301 1092 1367 reliquit,
1143 1305 1157 1330 ‘
1188 1302 1465 1365 Praecipua
1524 1303 1621 1350 sub

560 1380 858 1431 Domitiano
891 1379 1209 1427 miseriarum
1251 1391 1367 1440 pnrs
1389 1386 1520 1435 eret,
1550 1378 1624 1426 vi·

558 1459 684 1508 dere
722 1467 778 1508 et
816 1456 999 1519 aspici,
1033 1472 1149 1505 cuin
1186 1456 1408 1518 suspiria
1444 1466 1624 1505 nostra

556 1535 1030 1592 subscriberentur‚
1062 1547 1177 1581 curn
1213 1531 1518 1580 denotandis
1544 1538 1623 1582 tot

555 1614 817 1662 hominurn
851 1611 1130 1675 palloribus
1164 1608 1429 1658 sufficeret
1453 1623 1621 1658 saevus

556 1691 645 1739 ille
672 1690 862 1744 vultus,
894 1697 946 1736 et
984 1688 1157 1747 rubor,
1181 1702 1208 1734 s
1234 1701 1334 1748 quo
1360 1701 1414 1734 se
1438 1695 1622 1735 contra

558 1765 795 1814 ruborem
824 1761 1125 1811 muniebat-⁹
1162 1762 1329 1811 Livin.

621 1840 708 1888 Ira
733 1840 784 1887 in
815 1834 986 1896 oculis]
1024 1837 1164 1886 Nihil
1190 1836 1484 1890 Suetonius,
1510 1841 1621 1884 tan·

558 1923 665 1965 turn
699 1931 745 1965 c.
770 1919 849 1964 18.
889 1914 1055 1976 princ.
1088 1920 1102 1942 ‘
1124 1912 1403 1975 grandibus
1427 1912 1622 1962 oculis’

556 1991 734 2041 fuisse.
775 1991 910 2054 Lips-

620 2068 684 2116 In
723 2082 803 2116 ore
846 2066 1163 2131 impudentia]
1210 2066 1423 2114 Tacitus
1460 2065 1512 2115 in
1550 2066 1621 2115 A·

555 2144 682 2209 grie.
707 2159 827 2208 cap.
849 2150 932 2194 45.
970 2146 984 2170 ‘
1009 2143 1206 2202 Rubor,
1229 2157 1331 2207 quo
1356 2158 1411 2191 se
1438 2151 1623 2191 contra

555 2220 804 2285 pudorem
832 2219 1132 2270 muniebat?
1192 2220 1501 2282 Apparebat
1529 2221 1625 2285 igi·

558 2305 643 2346 tur
669 2297 1010 2353 verecundus,
1033 2311 1133 2345 nou
1158 2307 1289 2346 erat.
1341 2297 1490 2345 Idem.

623 2378 683 2425 In
719 2392 798 2427 ore
832 2376 1123 2440 impudentia
1147 2376 1296 2424 multo
1329 2375 1499 2424 rubore
1521 2375 1623 2436 suf·

544 2453 688 2517 susa]
732 2451 1044 2504 Quomodo?
1085 2467 1150 2501 sn
1189 2465 1287 2501 non
1332 2454 1502 2513 potins
1541 2467 1624 2501 ru-

558 2532 735 2581 borem
768 2531 1067 2586 detrivisse,
1102 2539 1154 2578 et
1187 2530 1386 2579 nescire
1415 2530 1625 2579 erubes-

556 2620 678 2656 cere
722 2607 1076 2669 impudentes,
1116 2606 1364 2654 dicimus?
1407 2614 1461 2655 et
1501 2620 1624 2654 con-

554 2691 657 2735 trs.
726 2684 807 2733 An
843 2699 946 2734 non
981 2684 1220 2732 ‘tantum
1262 2683 1526 2745 sanguinis
1574 2683 1623 2733 in

556 2775 665 2817 ore,
713 2768 964 2825 quantum
1012 2761 1064 2809 in
1115 2760 1289 2809 animo
1347 2759 1625 2822 pudoris?

556 2837 633 2887 Ut
675 2836 813 2886 idern
854 2835 989 2886 infra
1031 2837 1296 2887 verissime
1336 2835 1477 2885 dicet
1515 2837 1625 2885 Pli-

556 2914 689 2964 nius.
758 2913 1056 2978 Legendnrn
1091 2914 1271 2977 igitur,
1306 2913 1431 2961 nuno
1458 2913 1626 2962 rubore

556 2991 675 3056 suff.
721 2991 976 3041 Rittersh.

621 3068 683 3116 In
717 3083 799 3117 ore
832 3066 1122 3132 impudentia
1143 3067 1290 3115 multo
1320 3064 1489 3114 rubm
1522 3066 1625 3126 sus·

543 3141 685 3204 susa]
732 3143 875 3194 Nihil
913 3151 995 3192 est
1030 3141 1363 3203 mutandum5
1403 3156 1519 3190 nam
1559 3142 1625 3192 de

554 3218 726 3266 rubore
763 3225 989 3267 testatur
1032 3231 1280 3280 expresse
1319 3217 1537 3266 Sueton-
1573 3218 1624 3266 in

559 3292 682 3342 vna
705 3294 834 3356 ejus,
857 3309 974 3356 cap·
995 3298 1077 3342 48.
1112 3301 1126 3323 ‘
1149 3295 1361 3343 Statura
1384 3293 1483 3344 fnit
1508 3309 1626 3359 pro·

555 3383 694 3426 cera,
720 3371 861 3419 vnltn
887 3370 1145 3432 modesto,
1178 3371 1479 3435 ruborisque
1515 3373 1625 3434 ple·

556 3445 674 3495 no:’
711 3455 764 3495 et
804 3447 1181 3510 interpretetur
1214 3447 1382 3496 Tacit.
1416 3448 1465 3496 in
1499 3448 1625 3497 Vite

556 3521 820 3584 Agricolae
846 3539 893 3571 c.
914 3526 998 3571 45.
1032 3530 1045 3551 ⁸
1067 3522 1347 3586 Praecipua
1386 3521 1482 3569 sub
1518 3524 1623 3572 Do·

556 3600 773 3647 mitinno
797 3600 1114 3647 miseriarum
1141 3613 1260 3659 pars
1285 3603 1419 3652 erat,
1444 3597 1623 3649 videre

558 3682 612 3724 et
646 3672 863 3735 adspici,
901 3688 1016 3722 curn
1041 3674 1263 3735 suspiria
1289 3681 1467 3721 nostra
1504 3674 1622 3723 snb·

559 3750 932 3806 scriberentur,
1002 3764 1118 3798 cnm
1177 3749 1488 3798 denotandis
1544 3758 1624 3800 tot

554 3827 814 3876 bominum
841 3824 1122 3889 palloribus
1158 3822 1422 3874 sufficeret
1457 3839 1622 3875 soevns

557 3905 645 3955 ille
672 3905 864 3963 vultus,
887 3909 941 3951 et
966 3901 1141 3963 rubor,
1162 3916 1191 3950 s
1215 3916 1319 3965 quo
1352 3916 1407 3950 se
1439 3912 1623 3952 contra

559 3978 810 4044 pudorem
856 3976 1155 4026 muniebat!
1228 3976 1307 4024 Ad
1357 3992 1507 4041 quern
1550 3979 1623 4027 lo·

558 4070 675 4106 cum
699 4055 999 4104 consulatur
1022 4053 1246 4117 Lipsius.
1300 4054 1447 4103 Grut-

622 4132 783 4181 Multo
805 4129 997 4194 rubore]
1039 4130 1161 4180 Seu.
1185 4130 1355 4193 Epist.
1378 4134 1424 4180 2.
1459 4132 1474 4160 ‘
1496 4131 1622 4183 Qui·

557 4206 677 4257 dsrn
712 4220 974 4272 nunquam
1010 4206 1171 4269 inagis
1202 4205 1439 4261 timendi,
1472 4221 1621 4271 quam

560 4300 677 4336 cnm
711 4286 1027 4344 erubuerint,
1058 4286 1201 4352 qussi
1236 4300 1440 4337 omnem
1475 4300 1622 4338 vere·

1252 381 1469 448 norm
1518 398 1926 448 unionum
1977 398 2052 448 ru

1699 543 1937 593 cundiam
1962 540 2274 592 effuderint)
2318 542 2475 594 Ber-n.

1762 619 1922 666 Multo
1943 618 2111 666 rubore
2131 615 2339 681 suffusa]
2376 617 2761 669 Rittersbnsius

1700 695 1859 744 voluit
1885 709 2140 758 reponere
2174 697 2306 745 auno
2334 696 2505 745 rubore
2536 696 2756 762 suffusag

1697 770 1937 825 Bebrius,
1975 770 2322 833 Gedsnensis,
2349 772 2546 830 frustra
2587 772 2761 822 rubore

1694 845 1897 910 suffusa.
1969 845 2039 894 Hi
2080 847 2216 896 enini
2257 854 2528 911 putarunt,
2568 847 2760 898 ‘rubo-

1697 922 1840 971 rem’
1885 923 2058 986 potius
2111 922 2328 987 pudoris
2374 931 2430 972 et
2468 922 2762 987 modestiae,

1700 1013 1849 1062 quani
1873 999 2235 1062 impudentiae,
2251 1013 2361 1048 esse
2384 999 2650 1049 indicium.
2688 1001 2760 1050 Et

1695 1089 1839 1135 sane,
1861 1082 1875 1103 ¹
1896 1075 2089 1135 rubor‚'
2117 1075 2170 1124 in
2193 1074 2614 1124 adolescentibus
2638 1089 2759 1125 cum

1698 1153 1874 1215 primis
1915 1153 2152 1215 ingenuis
2189 1150 2515 1201 verecundiae
2556 1152 2759 1214 signnm

1697 1229 1945 1287 liabetur3
1987 1228 2141 1288 unde,
2176 1225 2434 1275 referente
2473 1226 2762 1277 Plutsrcbo

1698 1304 1749 1353 in
1796 1305 1968 1353 libello
2007 1303 2074 1353 de
2118 1304 2325 1353 Pudore
2363 1303 2586 1358 vitioso,
2623 1304 2762 1354 Cato

1700 1382 1871 1445 Major
1916 1395 2003 1430 eos
2050 1381 2211 1443 magis
2262 1380 2507 1443 probavit
2561 1379 2762 1430 adoles·

1696 1465 1895 1513 centes,
1932 1457 2018 1521 qui
2055 1457 2445 1516 erubescerent,
2478 1469 2631 1521 qnam
2670 1459 2761 1523 qui

1699 1534 2067 1597 pallescerent.
2135 1533 2203 1582 Et
2231 1533 2426 1581 Plinius
2450 1542 2646 1590 noster,
2671 1534 2760 1583 nbi

1696 1609 2023 1658 commendat
2056 1609 2348 1658 Acilisnum
2384 1611 2650 1674 egregium
2675 1611 2761 1675 jn·

1699 1702 1900 1748 venem,
1926 1688 2096 1750 Epist.
2121 1700 2158 1735 1.
2180 1690 2259 1736 14.
2280 1689 2295 1713 ‘
2317 1687 2411 1736 Est
2433 1688 2545 1748 illi:
2569 1691 2762 1751 inquit,

1698 1763 1713 1790 ‘
1733 1763 1898 1813 facies
1925 1763 2172 1827 liberalis,
2197 1765 2356 1812 multo
2388 1764 2575 1815 robore
2601 1765 2761 1816 suffu-

1698 1838 1790 1889 sn.'
1847 1840 2017 1889 Etiam
2043 1841 2246 1889 Seneca
2273 1841 2441 1903 Epist.
2463 1855 2546 1891 vr.
2586 1843 2764 1892 landa·

1698 1926 1778 1967 tus
1819 1917 2035 1964 amicum
2080 1915 2225 1964 bonae
2266 1916 2475 1978 indolis,
2516 1919 2532 1945 ‘
2563 1916 2670 1966 Ubi
2705 1933 2762 1968 se

1697 1992 1947 2054 collegit,'
1983 1993 2168 2056 inquit,
2208 1995 2223 2021 ⁴
2248 1993 2638 2049 verecundiam,
2673 1995 2764 2044 bo·

1698 2085 1816 2119 num
1855 2071 1905 2117 in
1939 2070 2270 2118 adolescente
2306 2069 2525 2130 signnm,
2547 2071 2632 2118 vix
2671 2084 2762 2132 po-

1700 2149 1801 2198 tnit
1825 2155 2101 2206 excutere3
2127 2146 2257 2194 adeo
2282 2147 2355 2195 illi
2375 2160 2439 2196 ex
2467 2147 2575 2197 sito
2599 2145 2761 2198 suffu-

1697 2238 1781 2272 sus
1826 2221 2016 2271 rubor.'
2085 2223 2266 2272 Nihilo
2316 2223 2483 2272 minus
2527 2230 2543 2254 ⁴
2572 2224 2764 2274 rubor⁸

1699 2314 1798 2348 non
1842 2313 2065 2362 semper,
2106 2313 2203 2347 nec
2242 2298 2398 2348 solius
2448 2298 2664 2361 pudoris
2705 2306 2763 2351 et

1699 2375 1985 2431 modestia»,
2020 2376 2111 2424 sed
2149 2375 2424 2439 aliqnando
2458 2376 2618 2427 etism
2650 2378 2765 2440 irae,

1701 2451 1944 2511 libidinis,
1965 2461 2056 2502 sut
2081 2450 2399 2514 vinolentia»,
2432 2451 2636 2516 signnm
2661 2464 2764 2504 est.

1698 2530 1851 2578 Unde
1905 2531 2102 2579 Senecs
2157 2531 2210 2579 in
2267 2529 2452 2578 endem
2506 2530 2765 2594 epistolsz

1697 2606 1712 2633 ‘
1736 2606 1954 2657 Quidam
1981 2621 2240 2670 nunquam
2266 2607 2446 2669 magis,
2469 2622 2621 2671 quoin
2644 2622 2764 2659 cnm

1698 2682 2020 2742 erubuerint,
2045 2680 2260 2731 timendi
2294 2691 2445 2744 snnt;
2480 2684 2626 2747 quui
2653 2699 2764 2734 om·

1700 2772 1816 2806 nem
1849 2758 2210 2807 verecundiam
2247 2756 2547 2810 effuderint.
2615 2761 2768 2812 Sulla

1702 2841 1827 2883 tnnc
1860 2842 1971 2883 erat
1999 2835 2413 2896 violentissimus,
2434 2849 2550 2887 cnm
2575 2834 2766 2889 ssi-iem

1700 2911 1812 2974 ejus
1837 2911 2044 2975 sanguis
2069 2911 2363 2961 invaserat?
2429 2913 2500 2962 Et
2519 2912 2689 2965 Tacit.
2713 2916 2765 2964 in

1700 2988 1880 3051 Agric.
1903 3003 2017 3051 cap.
2039 2993 2121 3038 46.
2146 2990 2372 3039 omniurn
2395 2990 2594 3054 optime
2627 2992 2769 3045 bunc

1701 3063 1856 3113 Plinii
1881 3066 2046 3114 locum
2071 3067 2319 3129 explicat,
2345 3067 2429 3115 nbi
2465 3067 2558 3124 sit,
2584 3069 2767 3119 Domi-

1701 3140 1895 3189 tianum
1927 3146 1941 3168 ‘
1959 3155 1988 3187 n
2012 3140 2200 3189 rubore
2223 3156 2277 3190 se
2302 3151 2484 3191 contra
2509 3144 2764 3205 pudorem

1699 3214 2017 3265 munivisse!
2083 3216 2230 3265 Bene
2260 3231 2386 3280 ergo
2409 3218 2474 3267 de
2500 3220 2578 3269 bis
2606 3221 2765 3270 Plinii

1700 3300 1751 3341 et
1787 3292 1955 3341 Taciti
1989 3292 2116 3341 locis
2140 3291 2441 3357 Virdnngus
2475 3305 2661 3345 noster
2696 3296 2763 3346 nd

1700 3368 1877 3416 Vitam
1914 3367 2173 3430 Agricolae
2210 3378 2615 3420 commentatus:
2653 3377 2668 3400 ¹
2691 3370 2765 3419 U·

1700 3450 1883 3507 troque
1926 3443 2108 3501 dicto,'
2152 3443 2343 3507 inquit,
2385 3444 2766 3507 ‘significatum

1699 3520 1938 3569 ruborem
1964 3521 2155 3581 vultus,
2173 3520 2260 3584 qui
2277 3521 2414 3570 solet
2436 3521 2485 3568 in
2510 3522 2626 3571 nliis
2649 3537 2765 3573 esse

1700 3597 2026 3645 verecundius
2074 3603 2453 3658 srgunientnru,
2492 3606 2669 3649 notsm
2711 3600 2766 3650 in

1699 3673 2002 3722 Domitiano
2048 3672 2383 3735 impudentia
2432 3671 2631 3737 fuisseg
2688 3686 2764 3735 et,

1698 3749 1933 3813 quamvis
1964 3749 2176 3798 ruberet
2211 3749 2355 3799 vultu
2389 3765 2551 3815 sevo,
2576 3754 2764 3804 nullius

1700 3833 1869 3875 tumen
1894 3827 2059 3889 ipsum
2091 3827 2319 3887 sceleris,
2342 3830 2422 3877 vel
2444 3826 2650 3894 flagitii,
2672 3846 2766 3894 pn·

1697 3903 1898 3953 duisse:
1926 3904 2081 3953 immo
2102 3910 2225 3953 tunc
2246 3904 2411 3967 ipsum
2435 3907 2515 3955 vel
2538 3909 2766 3958 snsxime

1697 3996 1899 4033 omnem
1936 3982 2299 4031 verecundiam
2339 3979 2765 4036 effundere'soli-

1699 4066 1829 4119 turn,
1852 4072 1967 4107 curn
1993 4058 2214 4108 maxime
2249 4062 2446 4110 vultum
2483 4061 2643 4111 rnbor
2678 4076 2766 4113 oc·

1696 4134 1948 4199 cuperet)
2013 4134 2206 4199 Itaque
2264 4136 2455 4186 dudum
2502 4138 2765 4191 Gruterus

1697 4219 1882 4261 contra
1926 4210 2327 4261 Rittersliusium
2374 4212 2504 4263 bene
2542 4217 2768 4277 monuit,

1698 4287 1823 4339 nibil
1856 4289 1907 4339 in
1940 4285 2038 4339 boc
2072 4287 2187 4339 loco
2222 4285 2380 4339 Plinii
2410 4301 2527 4341 esse
2559 4298 2771 4345 mntsn·
