3060 4902
524 388 656 457 836

527 547 688 599 dere?
721 548 849 598 Cum
891 547 952 597 C.
989 545 1148 597 Siiius
1189 547 1442 610 jactaret,
1488 560 1591 595 non

525 640 821 677 mansurum
854 624 1015 673 fuisse
1053 624 1266 673 Tiberio
1301 625 1595 687 imperium,

1215 402 1436 453 No'rAE
1487 401 1579 451 vA
1595 400 1897 451 monum
1950 401 2029 452 m

1742 546 1961 611 Obliges,
1999 543 2250 610 obliges-is]
2302 543 2518 596 Scilicet
2556 544 2741 608 obliges

1674 622 1797 672 aiios
1821 623 2106 686 beneficiis,
2129 631 2188 673 ut
2206 624 2303 673 tibi
2332 622 2558 673 debeant
2579 639 2595 684 3
2615 624 2736 672 osti-

526 706 569 755 si
592 705 693 754 suis
720 718 921 767 qnoque
955 702 1244 766 legionibus
1289 702 1481 763 cupido
1508 716 1597 750 no·
1670 700 1806 760 geris
1825 699 1890 746 ab
1908 700 2036 757 siiis,
2051 714 2143 762 per
2161 699 2315 748 fidem
2336 706 2390 748 et
2409 700 2742 764 obsequium,

526 781 683 831 vendi
714 780 900 830 fuisset
925 797 941 842 ς
975 789 987 809 ·
1012 782 1208 828 destrui
1234 793 1325 843 per
1357 780 1469 828 haec
1493 778 1600 827 for·

529 871 707 909 tunam
741 873 882 907 snam
924 859 1124 913 Coesan
1161 858 1509 920 imperemque
1545 870 1601 904 se

529 944 679 987 tanto
717 936 928 995 merito,
974 935 1207 984 rebatur.
1278 935 1397 982 Non
1447 934 1602 981 bene-

529 1013 650 1063 ficia
674 1027 735 1062 eo
763 1026 928 1076 usque
955 1013 1079 1060 laeta
1115 1019 1256 1073 sunt,
1278 1012 1396 1059 dum
1423 1009 1601 1057 viden·

533 1097 620 1137 tur
657 1089 850 1137 exsolvi
880 1103 1061 1151 posse3
1101 1087 1187 1135 ubi
1214 1089 1429 1136 munitm
1456 1096 1602 1135 ente·

531 1181 747 1227 venere,
783 1180 876 1229 pro
920 1166 1089 1229 gratis
1118 1164 1289 1212 odium
1328 1162 1605 1212 redditur.'

531 1255 765 1316 Tacitus,
787 1253 973 1304 Annei.
998 1252 1089 1301 tib.
1110 1268 1188 1301 tv.
1213 1267 1330 1317 cap.
1353 1256 1431 1302 18.
1475 1253 1605 1301 Ges-

533 1331 608 1380 tio
629 1328 1001 1394 legere,aut‚si
1015 1334 1170 1393 putet,
1198 1334 1249 1377 ut
1275 1335 1414 1377 amet.
1441 1328 1608 1376 Idem.

599 1406 768 1469 Amet]
807 1406 1061 1469 Princeps
1099 1413 1288 1467 potens
1326 1402 1606 1452 beneficio·

536 1498 648 1533 rum
673 1484 916 1543 omnium,
938 1483 1050 1547 ipse
1075 1491 1223 1532 extra
1248 1490 1441 1530 sortem
1468 1482 1608 1543 capi·

536 1559 658 1607 endi
685 1558 920 1607 videtur:
956 1557 1079 1622 quid
1115 1558 1156 1606 si
1193 1567 1361 1605 tamen
1387 1556 1609 1617 ceperit,

538 1644 631 1684 aut
665 1637 865 1698 cepisse
902 1636 1086 1698 putet?
1121 1647 1220 1681 non
1246 1640 1406 1694 amat,
1428 1633 1614 1695 iuquit,

536 1709 589 1758 id
626 1716 724 1772 est,
750 1710 860 1759 odit
884 1724 989 1768 eos,
1019 1709 1205 1773 quibus
1241 1716 1390 1772 putat
1425 1723 1481 1755 se
1519 1708 1609 1756 de·

536 1786 683 1835 berc.
749 1787 884 1835 Nam
919 1794 934 1815 ‘
956 1786 1150 1834 destrui
1186 1800 1279 1849 per
1299 1786 1414 1833 lraec
1441 1782 1608 1832 fortu-

536 1878 654 1912 nam
679 1879 821 1912 suam
846 1862 1206 1922 sri›itrautur‚’
1242 1866 1312 1911 sit
1339 1862 1612 1926 quispiam,

542 1941 556 1968 ‘
584 1949 640 1988 et
684 1941 866 1989 talium
916 1948 1173 2002 auctores,
1218 1941 1362 2003 quasi
1424 1952 1611 2001 expro-

542 2014 774 2074 brantes,
798 2013 1117 2064 cernuntur.’
1151 2014 1287 2076 Lips-

609 2092 677 2139 Et
700 2091 859 2139 solvis.
928 2090 1046 2152 Sed,
1075 2105 1179 2137 cnm
1199 2088 1297 2151 ter]
1338 2088 1469 2136 Fere
1508 2102 1614 2136 me-

542 2170 651 2228 iim,
693 2168 759 2216 Et
796 2166 968 2215 solcis:
1004 2171 1051 2215 et
1092 2181 1198 2215 cum
1237 2170 1328 2221 ter,
1361 2168 1443 2226 ᾄτ.
1478 2166 1615 2215 Gru·

547 2253 709 2294 tetus.

611 2321 842 2370 fortune
881 2318 1000 2380 tuce]
1037 2320 1172 2368 Nam
1209 2325 1288 2383 tu,
1312 2334 1499 2383 magna
1539 2333 1614 2367 re-

547 2397 847 2454 tribuendo,
886 2396 1049 2446 efficis
1089 2403 1145 2444 ut
1182 2411 1369 2460 magna
1407 2397 1615 2445 videau-

548 2483 652 2530 tur,
682 2491 794 2537 quae
823 2476 1070 2524 tribuere.
1108 2475 1241 2535 Lips.

614 2552 675 2598 In
697 2551 870 2612 metius]
909 2550 970 2598 In
998 2550 1183 2597 codice
1209 2550 1415 2598 Veneto
1435 2553 1477 2597 1.
1502 2549 1618 2597 viti·

545 2639 633 2675 ose
671 2627 920 2689 scriptum
957 2635 1038 2674 est
1076 2627 1125 2673 in
1159 2640 1340 2673 manus.
1387 2626 1618 2674 Schwar-

548 2703 680 2752 zius.

611 2780 650 2829 A
699 2784 746 2829 te
783 2777 976 2842 recipit]
1011 2779 1099 2828 Sic
1144 2778 1397 2842 seriptum
1443 2787 1523 2827 est
1565 2780 1618 2828 in

550 2855 817 2906 codicibus
851 2855 1139 2915 Vaticanis,
1174 2855 1414 2920 Venetis,
1455 2857 1619 2905 Guel-

548 2931 898 2996 pherbytauo,
921 2939 975 2979 et
999 2947 1111 2979 meo
1138 2949 1152 2992 ;
1185 2933 1257 2980 sic
1284 2934 1437 2980 etiam
1463 2947 1619 2981 excu-

553 3022 664 3057 sum
689 3007 846 3056 estin
877 3007 1108 3069 plurimis
1146 3007 1479 3056 editionibus.
1550 3008 1622 3056 At

551 3098 651 3133 non
698 3085 859 3132 multo
909 3084 1177 3147 pauciores
1218 3083 1335 3131 libri
1383 3084 1621 3144 impressi

554 3160 753 3209 habent
791 3160 1009 3222 τροφὴ,-
1054 3159 1240 3221 quibus
1280 3173 1307 3206 e
1353 3159 1623 3208 codicibus

557 3237 693 3285 Mss.
732 3238 1081 3285 assentiuntur
1107 3235 1439 3298 parisiensis,
1467 3237 1623 3286 Salis-

553 3311 846 3372 burgensis,
887 3318 942 3360 et
974 3311 1104 3360 iiber
1139 3313 1441 3362 Vossianus.
1478 3315 1628 3363 Inter

558 3387 858 3448 impressos,
884 3389 1153 3452 Gryphius
1178 3405 1261 3438 an.
1287 3396 1433 3440 1531.
1458 3390 1628 3440 edidit

551 3465 758 3527 res-ipit,-
793 3479 877 3514 an.
904 3470 1049 3514 1542.
1073 3467 1266 3528 recepit.
1335 3468 1626 3530 Suspensas

553 3540 668 3589 fere
693 3541 853 3590 habeo
879 3543 1124 3597 rationes,
1157 3549 1323 3591 utram
1348 3544 1626 3593 lectionem

556 3617 847 3666 retineam:
892 3618 1101 3665 taudem
1128 3625 1300 3667 tamen
1336 3633 1429 3681 pro
1469 3620 1628 3669 verbo

557 3693 833 3757 praesentis
876 3695 1122 3755 temporis
1179 3708 1295 3742 cum
1343 3694 1629 3745 Arntzenio

557 3768 1002 3833 pronuntiandum
1058 3783 1270 3830 censeo,
1320 3770 1438 3833 quia
1495 3772 1629 3820 istud

558 3860 793 3911 praeseus
818 3846 994 3894 nescio
1020 3846 1140 3908 quid
1175 3846 1377 3895 acutius
1403 3843 1592 3896 afferat
1615 3865 1629 3907 ;

559 3924 725 3974 veluti
771 3924 915 3971 dicet
961 3923 1179 3982 Plinius,
1225 3937 1288 3971 eo
1330 3923 1463 3984 ipso,
1508 3924 1631 3973 dum

562 4002 749 4066 aliquis
773 4015 804 4048 s
826 4000 1056 4063 Trajano
1081 4000 1279 4061 recipiat
1304 3999 1634 4063 beneficium,

562 4080 616 4129 id
642 4094 757 4129 eum
785 4078 946 4141 gratis
981 4065 1163 4125 officiis
1185 4077 1408 4139 Trojano
1434 4079 1635 4138 praesti·

565 4157 632 4205 tis
658 4156 908 4204 meruisse
934 4154 1132 4213 videri3
1166 4160 1464 4215 propterea,
1496 4154 1632 4217 quod

562 4232 649 4283 hic
681 4230 922 4293 princeps
958 4244 1056 4279 non
1089 4229 1318 4278 cumulet
1359 4230 1635 4281 bonoribus

565 4315 622 4358 et
647 4306 931 4364 beneficiis,
955 4308 1049 4357 nisi
1077 4306 1210 4358 bene
1230 4307 1459 4358 meritos.
1487 4308 1638 4358 Idem.

1674 789 1736 824 sc
1771 786 1918 836 grata
1958 773 2126 824 officis
2161 775 2257 825 tibi
2293 776 2552 839 prestito,
2584 782 2643 825 ut
2680 780 2737 824 tu

1677 852 1756 913 iis,
1780 861 2020 917 tauquam
2056 852 2121 901 de
2159 859 2212 901 te
2246 852 2375 902 bene
2400 854 2621 915 meritis,
2646 851 2739 901 de·

1678 928 1800 978 bere
1826 929 2066 978 videaris.
2102 929 2163 977 ln
2189 930 2613 992 Berneggerisns
2629 929 2740 978 edi·

1679 1008 1837 1067 tione,
1858 1007 1982 1055 item
2010 1005 2302 1066 Heckiana,
2324 1013 2378 1055 et
2398 1006 2742 1064 Gesneriaus,

1679 1085 1921 1131 omissum
1967 1091 2046 1131 est
2091 1083 2302 1132 verbum
2344 1083 2557 1144 obliges,-
2600 1081 2741 1147 qnod

1679 1174 1803 1209 vero
1822 1166 2047 1208 erratum
2072 1160 2337 1209 Gesnerus
2358 1160 2408 1208 in
2434 1160 2651 1222 epistole
2674 1159 2743 1208 de

1680 1250 1774 1285 sua
1821 1237 1978 1285 Piinii
2022 1236 2253 1286 editione
2293 1236 2611 1285 emendsvit.
2679 1237 2745 1286 Iu

1680 1314 1860 1362 codice
1885 1314 2355 1379 Guelpherbytnno
2383 1314 2632 1377 scriptum
2663 1319 2748 1363 est

1681 1392 1875 1452 obliges,
1915 1392 2263 1453 obliger-&qum
2301 1391 2434 1455 quod
2474 1404 2575 1440 non
2620 1392 2748 1440 setis

1686 1467 1880 1529 piacet,
1918 1469 2035 1531 quis
2070 1482 2189 1516 mox
2227 1468 2462 1531 sequitur
2490 1468 2748 1516 incertum-

1682 1559 1787 1606 que.
1856 1544 2026 1608 Magis
2062 1544 2258 1592 arridet
2292 1544 2450 1592 lectio
2484 1543 2534 1591 in
2566 1541 2751 1592 codice

1688 1621 1937 1669 Vaticano
1979 1624 2122 1669 1776.
2177 1620 2375 1682 Semper
2407 1618 2604 1681 obliges,
2626 1634 2752 1669 sens·

1684 1712 1770 1760 per·
1791 1697 2037 1758 obliger-is.
2073 1696 2242 1746 Idem.

1756 1774 1940 1823 Debere
1962 1773 2076 1836 tibi]
2100 1773 2160 1821 In
2182 1771 2364 1822 codice
2379 1774 2586 1822 Veneto
2606 1777 2651 1822 1.
2667 1773 2754 1822 de-

1689 1858 1770 1898 est
1794 1864 2073 1913 pronomen
2097 1849 2188 1898 tibi
2206 1864 2226 1906 ,-
2263 1848 2399 1913 quod
2426 1863 2548 1897 vero
2569 1850 2757 1914 majori

1691 1927 2048 1988 perspicuitati
2089 1926 2325 1975 inseruit.
2394 1925 2458 1973 In
2504 1926 2755 1976 Bet-oaldi

1690 2001 1940 2064 editione,
1981 2017 2075 2066 pro
2111 2003 2295 2065 debere,
2331 2003 2522 2066 legitur
2545 2003 2758 2061 habere,-

1688 2080 1778 2128 sed
1819 2079 2084 2129 mendose.
2142 2081 2406 2136 Ceterum,
2448 2089 2596 2129 recte
2641 2082 2759 2131 bec

1692 2158 1850 2206 verba
1867 2157 2096 2220 explicet
2117 2157 2356 2220 Lipsius:
2382 2171 2570 2222 nempe
2588 2157 2759 2207 incer·
2836 2181 2841 2186 *

1694 2240 1800 2283 tum
1827 2234 2140 2298 dubiumque
2164 2234 2344 2290 facins,
2363 2242 2535 2282 utrum
2554 2234 2758 2283 civibus

1695 2313 1794 2360 tuis
1819 2310 1976 2373 magis
2000 2310 2251 2372 expediet
2274 2315 2330 2359 et
2353 2311 2483 2360 utile
2505 2311 2594 2367 sit.
2617 2312 2761 2376 ipsos

1692 2387 1867 2434 miritis
1891 2401 1920 2434 a
1944 2392 1996 2434 te
2013 2386 2265 2433 cumulari
2291 2385 2654 2450 devincit-ique
2673 2387 2764 2435 be·

1692 2463 1909 2518 neficiis,
1942 2469 1999 2511 ut
2035 2462 2130 2511 tibi
2156 2461 2415 2521 debeant;
2456 2476 2521 2511 sn
2547 2462 2762 2512 eosdem

1697 2540 1788 2588 tibi
1833 2539 2142 2602 praestitisse
2186 2537 2438 2602 obsequia
2482 2542 2537 2586 et
2587 2537 2767 2588 fidelia

1694 2613 1882 2669 officia,
1913 2629 2027 2678 qum
2055 2622 2113 2663 tu
2147 2615 2554 2664 cumulatissime
2592 2627 2765 2663 remu-

1697 2693 1915 2741 nereris.
1964 2691 2152 2741 Debere
2180 2692 2393 2754 ponitur
2428 2704 2524 2754 per
2558 2708 2767 2751 μετην-

1694 2771 1822 2834 plau,
1850 2781 2092 2835 tannsm
2111 2770 2328 2822 effectus
2346 2779 2403 2822 et
2422 2787 2768 2837 consequens,

1699 2863 1792 2911 pro
1818 2849 2181 2910 antecedente,
2220 2848 2270 2898 id
2298 2855 2399 2911 est,
2431 2863 2547 2912 pro,
2569 2849 2769 2899 benefi-

1697 2926 1788 2973 ciis
1811 2927 2000 2981 ornari,
2024 2925 2371 2990 obligarique3
2396 2936 2451 2975 et
2468 2929 2485 2954 ‘
2508 2935 2769 2989 prestere

1699 3001 1792 3050 tibi
1813 3001 1825 3021 ⁹
1847 3002 2031 3050 eodem
2049 3010 2200 3066 tropo
2221 3002 2429 3066 ponitur
2448 3017 2547 3065 pro
2565 3011 2621 3053 te
2644 3004 2662 3032 ‘
2680 3002 2773 3053 de·

1699 3078 1923 3141 mereri,’
1945 3084 2054 3138 stit,
2073 3078 2123 3126 iu
2141 3085 2194 3128 te
2212 3078 2407 3142 aliquid
2423 3085 2633 3142 gratum
2648 3094 2772 3130 con-

1701 3153 1899 3201 tulisse.
1934 3155 2086 3203 Idem.
2592 3196 2595 3199 -

1767 3229 1954 3280 Debere
1979 3230 2094 3294 tibi]
2132 3230 2335 3293 Acute;
2379 3230 2430 3279 id
2466 3239 2568 3294 est,
2596 3242 2774 3284 utrum

1702 3308 1877 3356 utilius
1902 3310 1970 3358 sit
2007 3309 2175 3364 nobis,
2212 3308 2418 3372 cepisse
2441 3323 2473 3358 s
2497 3317 2550 3359 te
2575 3309 2777 3360 benefi-

1704 3385 1860 3446 cium,
1904 3385 2043 3448 quod
2080 3392 2161 3435 est
2196 3385 2393 3442 deber-23
2435 3399 2501 3434 su
2546 3386 2778 3449 dedisse,

1707 3463 1827 3526 quie
1850 3463 1944 3510 iioc
1970 3470 2280 3524 presentem
2306 3477 2425 3512 mox
2452 3461 2687 3514 fructum
2723 3468 2780 3516 et

1706 3539 2173 3587 remunerationem
2211 3540 2386 3589 trehit·
2451 3541 2663 3592 Dedisse
2691 3557 2779 3592 sn·

1707 3622 1810 3665 tem
1836 3616 1919 3665 hic
1943 3622 2022 3665 est
2046 3622 2061 3644 ‘
2083 3616 2429 3679 prestitisse-⁹
2459 3617 2602 3682 Lips-
2709 3636 2715 3641 ·

1775 3692 1908 3740 ΟΑΡ.
1933 3704 2047 3740 ωιι.
2097 3691 2381 3756 Antiquam]
2422 3690 2563 3741 Ante
2588 3693 2781 3756 princi·

1709 3782 1834 3831 pes:
1863 3782 1979 3816 cum
2005 3767 2152 3816 multi
2178 3767 2537 3818 consulatibus
2559 3769 2641 3819 sic
2658 3783 2781 3820 suc-

1710 3843 1769 3891 ti.
1803 3844 1938 3907 Lips.
2340 3850 2343 3851 ’
2404 3854 2411 3859 “

1774 3919 2050 3983 Assideule]
2094 3918 2260 3969 Juxts
2304 3924 2448 3969 tuem
2490 3920 2692 3971 sellem.
2728 3923 2781 3971 1·

1707 4000 1832 4047 dem.

1780 4074 1871 4123 Ter
1910 4076 2095 4123 canule
2138 4074 2403 4138 assidente]
2450 4075 2557 4125 Hic
2600 4079 2784 4128 consu}

1711 4150 1943 4200 assidens
1966 4148 2068 4200 fuit
2103 4152 2182 4200 M.
2204 4149 2379 4201 Julius
2403 4152 2624 4211 Fronto,
2658 4161 2784 4207 tnnc

1710 4229 1889 4279 consui
1925 4229 2226 4283 ordinarius,
2272 4228 2364 4278 sed
2399 4230 2639 4281 secundo
2670 4233 2786 4283 ioco

1712 4314 2076 4372 nuncupstns;
2103 4320 2220 4357 cum
2253 4307 2477 4372 primum
2501 4309 2677 4362 locum
2700 4325 2787 4363 es·
