<?xml version="1.0" encoding="UTF-8"?>
<!DOCTYPE html PUBLIC "-//W3C//DTD XHTML 1.0 Transitional//EN"
    "http://www.w3.org/TR/xhtml1/DTD/xhtml1-transitional.dtd">
<html xmlns="http://www.w3.org/1999/xhtml" xml:lang="en" lang="en">
 <head>
  <title>
</title>
<meta http-equiv="Content-Type" content="text/html;charset=utf-8" />
  <meta name='ocr-system' content='tesseract 3.04.00' />
  <meta name='ocr-capabilities' content='ocr_page ocr_carea ocr_par ocr_line ocrx_word'/>
</head>
<body>
  <div class='ocr_page' id='page_1' title='image "./panegyriciveter02unkngoog_0264.png"; bbox 0 0 3060 4902; ppageno 0'>
   <div class='ocr_carea' id='block_1_1' title="bbox 554 351 685 419">
    <p class='ocr_par' dir='ltr' id='par_1_1' title="bbox 554 351 685 419">
     <span class='ocr_line' id='line_1_1' title="bbox 554 351 685 419; baseline 0.008 -1"><span class='ocrx_word' id='word_1_1' title='bbox 554 351 685 419; x_wconf 79' lang='lat'>712</span> 
     </span>
    </p>
   </div>
   <div class='ocr_carea' id='block_1_2' title="bbox 551 511 1621 655">
    <p class='ocr_par' dir='ltr' id='par_1_2' title="bbox 551 511 1621 655">
     <span class='ocr_line' id='line_1_2' title="bbox 554 511 1621 571; baseline -0.002 -7"><span class='ocrx_word' id='word_1_2' title='bbox 554 514 766 571; x_wconf 88' lang='lat' dir='ltr'>tulerat,</span> <span class='ocrx_word' id='word_1_3' title='bbox 812 512 879 562; x_wconf 87' lang='lat' dir='ltr'>ab</span> <span class='ocrx_word' id='word_1_4' title='bbox 921 512 1022 562; x_wconf 87' lang='lat' dir='ltr'>alio</span> <span class='ocrx_word' id='word_1_5' title='bbox 1066 511 1186 562; x_wconf 88' lang='lat' dir='ltr'>boni</span> <span class='ocrx_word' id='word_1_6' title='bbox 1237 513 1459 563; x_wconf 88' lang='lat' dir='ltr'>nominis</span> <span class='ocrx_word' id='word_1_7' title='bbox 1511 513 1621 562; x_wconf 78' lang='lat' dir='ltr'>viro</span> 
     </span>
     <span class='ocr_line' id='line_1_3' title="bbox 551 589 1621 655; baseline 0.001 -16"><span class='ocrx_word' id='word_1_8' title='bbox 551 591 994 655; x_wconf 75' lang='lat' dir='ltr'>pronuntiaretur.</span> <span class='ocrx_word' id='word_1_9' title='bbox 1061 592 1076 618; x_wconf 91' lang='lat'>‘</span> <span class='ocrx_word' id='word_1_10' title='bbox 1093 589 1180 639; x_wconf 89' lang='lat' dir='ltr'>Sic</span> <span class='ocrx_word' id='word_1_11' title='bbox 1201 589 1332 640; x_wconf 89' lang='lat' dir='ltr'>bona</span> <span class='ocrx_word' id='word_1_12' title='bbox 1356 591 1621 641; x_wconf 86' lang='lat' dir='ltr'>sententia</span> 
     </span>
    </p>
   </div>
   <div class='ocr_carea' id='block_1_3' title="bbox 551 666 1624 729">
    <p class='ocr_par' dir='ltr' id='par_1_3' title="bbox 551 666 1624 729">
     <span class='ocr_line' id='line_1_4' title="bbox 551 666 1624 729; baseline -0.001 -14"><span class='ocrx_word' id='word_1_13' title='bbox 551 667 758 729; x_wconf 85' lang='lat' dir='ltr'>mansit,</span> <span class='ocrx_word' id='word_1_14' title='bbox 796 667 967 728; x_wconf 88' lang='lat' dir='ltr'>turpis</span> <span class='ocrx_word' id='word_1_15' title='bbox 1012 673 1193 715; x_wconf 87' lang='lat' dir='ltr'>auctor</span> <span class='ocrx_word' id='word_1_16' title='bbox 1231 672 1459 716; x_wconf 77' lang='lat' dir='ltr'>mutatus</span> <span class='ocrx_word' id='word_1_17' title='bbox 1503 666 1624 716; x_wconf 87' lang='lat' dir='ltr'>est.’</span> 
     </span>
    </p>
   </div>
   <div class='ocr_carea' id='block_1_4' title="bbox 526 743 1618 4333">
    <p class='ocr_par' dir='ltr' id='par_1_4' title="bbox 551 743 1280 792">
     <span class='ocr_line' id='line_1_5' title="bbox 551 743 1280 792; baseline -0.003 0"><span class='ocrx_word' id='word_1_18' title='bbox 551 743 755 792; x_wconf 85' lang='lat' dir='ltr'>Gellius</span> <span class='ocrx_word' id='word_1_19' title='bbox 783 756 953 792; x_wconf 73' lang='lat' dir='ltr'>xviii.</span> <span class='ocrx_word' id='word_1_20' title='bbox 976 747 1022 792; x_wconf 74' lang='lat'>3.</span> <span class='ocrx_word' id='word_1_21' title='bbox 1061 744 1280 792; x_wconf 72' lang='lat' dir='ltr'>Pater-ol.</span> 
     </span>
    </p>

    <p class='ocr_par' dir='ltr' id='par_1_5' title="bbox 546 820 1618 1024">
     <span class='ocr_line' id='line_1_6' title="bbox 615 820 1618 886; baseline 0 -16"><span class='ocrx_word' id='word_1_22' title='bbox 615 821 829 886; x_wconf 70' lang='lat' dir='ltr'>Secu-ici]</span> <span class='ocrx_word' id='word_1_23' title='bbox 866 823 1005 871; x_wconf 88' lang='lat' dir='ltr'>Puta</span> <span class='ocrx_word' id='word_1_24' title='bbox 1030 822 1159 877; x_wconf 88' lang='lat' dir='ltr'>Caii,</span> <span class='ocrx_word' id='word_1_25' title='bbox 1182 820 1247 869; x_wconf 87' lang='lat' dir='ltr'>de</span> <span class='ocrx_word' id='word_1_26' title='bbox 1272 836 1373 886; x_wconf 87' lang='lat' dir='ltr'>quo</span> <span class='ocrx_word' id='word_1_27' title='bbox 1405 822 1618 871; x_wconf 86' lang='lat' dir='ltr'>Sueton.</span> 
     </span>
     <span class='ocr_line' id='line_1_7' title="bbox 547 896 1618 961; baseline 0.001 -15"><span class='ocrx_word' id='word_1_28' title='bbox 547 909 596 946; x_wconf 86' lang='lat' dir='ltr'>e.</span> <span class='ocrx_word' id='word_1_29' title='bbox 622 902 704 948; x_wconf 68' lang='lat'>64.</span> <span class='ocrx_word' id='word_1_30' title='bbox 726 905 818 947; x_wconf 89' lang='lat' dir='ltr'>aut</span> <span class='ocrx_word' id='word_1_31' title='bbox 843 897 1090 953; x_wconf 90' lang='lat' dir='ltr'>Neronis,</span> <span class='ocrx_word' id='word_1_32' title='bbox 1111 896 1179 946; x_wconf 90' lang='lat' dir='ltr'>de</span> <span class='ocrx_word' id='word_1_33' title='bbox 1197 911 1299 961; x_wconf 89' lang='lat' dir='ltr'>quo</span> <span class='ocrx_word' id='word_1_34' title='bbox 1324 898 1479 955; x_wconf 85' lang='lat' dir='ltr'>idem,</span> <span class='ocrx_word' id='word_1_35' title='bbox 1499 913 1618 961; x_wconf 85' lang='lat' dir='ltr'>cap.</span> 
     </span>
     <span class='ocr_line' id='line_1_8' title="bbox 546 975 814 1024; baseline -0.007 0"><span class='ocrx_word' id='word_1_36' title='bbox 546 979 629 1024; x_wconf 83' lang='lat'>20.</span> <span class='ocrx_word' id='word_1_37' title='bbox 664 975 814 1024; x_wconf 83' lang='lat' dir='ltr'><strong><em>Idem.</em></strong></span> 
     </span>
    </p>

    <p class='ocr_par' dir='ltr' id='par_1_6' title="bbox 526 1050 1616 3558">
     <span class='ocr_line' id='line_1_9' title="bbox 613 1050 1615 1115; baseline 0.002 -15"><span class='ocrx_word' id='word_1_38' title='bbox 613 1053 683 1100; x_wconf 73' lang='lat' dir='ltr'>Et</span> <span class='ocrx_word' id='word_1_39' title='bbox 725 1050 999 1115; x_wconf 72' lang='lat' dir='ltr'><strong><em>applausor]</em></strong></span> <span class='ocrx_word' id='word_1_40' title='bbox 1034 1051 1254 1101; x_wconf 80' lang='lat' dir='ltr'>Codices</span> <span class='ocrx_word' id='word_1_41' title='bbox 1295 1053 1426 1101; x_wconf 86' lang='lat' dir='ltr'>Mss.</span> <span class='ocrx_word' id='word_1_42' title='bbox 1466 1051 1615 1101; x_wconf 77' lang='lat' dir='ltr'>Vati·</span> 
     </span>
     <span class='ocr_line' id='line_1_10' title="bbox 549 1126 1614 1191; baseline -0.001 -14"><span class='ocrx_word' id='word_1_43' title='bbox 549 1128 684 1182; x_wconf 83' lang='lat' dir='ltr'>cani,</span> <span class='ocrx_word' id='word_1_44' title='bbox 730 1128 1154 1191; x_wconf 84' lang='lat' dir='ltr'>Salisburgensis‚</span> <span class='ocrx_word' id='word_1_45' title='bbox 1195 1126 1614 1190; x_wconf 78' lang='lat' dir='ltr'>Guelpherbyta·</span> 
     </span>
     <span class='ocr_line' id='line_1_11' title="bbox 546 1205 1613 1268; baseline -0.001 -15"><span class='ocrx_word' id='word_1_46' title='bbox 546 1216 662 1260; x_wconf 85' lang='lat' dir='ltr'>nus,</span> <span class='ocrx_word' id='word_1_47' title='bbox 711 1213 768 1255; x_wconf 88' lang='lat' dir='ltr'>et</span> <span class='ocrx_word' id='word_1_48' title='bbox 814 1205 1054 1268; x_wconf 32' lang='lat' dir='ltr'>‘Venetus</span> <span class='ocrx_word' id='word_1_49' title='bbox 1093 1210 1145 1253; x_wconf 80' lang='grc'><strong>2.</strong></span> <span class='ocrx_word' id='word_1_50' title='bbox 1202 1218 1303 1253; x_wconf 88' lang='lat' dir='ltr'>non</span> <span class='ocrx_word' id='word_1_51' title='bbox 1349 1205 1613 1267; x_wconf 78' lang='lat' dir='ltr'>applausor,</span> 
     </span>
     <span class='ocr_line' id='line_1_12' title="bbox 545 1280 1613 1343; baseline 0.001 -15"><span class='ocrx_word' id='word_1_52' title='bbox 545 1280 638 1328; x_wconf 86' lang='lat' dir='ltr'>sed</span> <span class='ocrx_word' id='word_1_53' title='bbox 686 1288 881 1329; x_wconf 87' lang='lat' dir='ltr'>tautum</span> <span class='ocrx_word' id='word_1_54' title='bbox 935 1283 1139 1343; x_wconf 76' lang='lat' dir='ltr'>plausor,</span> <span class='ocrx_word' id='word_1_55' title='bbox 1188 1281 1428 1343; x_wconf 87' lang='lat' dir='ltr'>produnt.</span> <span class='ocrx_word' id='word_1_56' title='bbox 1496 1281 1613 1329; x_wconf 88' lang='lat' dir='ltr'>Tri-</span> 
     </span>
     <span class='ocr_line' id='line_1_13' title="bbox 545 1358 1614 1422; baseline -0.001 -15"><span class='ocrx_word' id='word_1_57' title='bbox 545 1366 657 1407; x_wconf 90' lang='lat' dir='ltr'>tum</span> <span class='ocrx_word' id='word_1_58' title='bbox 709 1359 913 1422; x_wconf 84' lang='lat' dir='ltr'>quidem</span> <span class='ocrx_word' id='word_1_59' title='bbox 968 1366 1050 1406; x_wconf 90' lang='lat' dir='ltr'>est</span> <span class='ocrx_word' id='word_1_60' title='bbox 1107 1358 1317 1407; x_wconf 85' lang='lat' dir='ltr'>verbum</span> <span class='ocrx_word' id='word_1_61' title='bbox 1368 1359 1614 1422; x_wconf 87' lang='lat' dir='ltr'>‘applau-</span> 
     </span>
     <span class='ocr_line' id='line_1_14' title="bbox 542 1431 1613 1498; baseline 0.002 -17"><span class='ocrx_word' id='word_1_62' title='bbox 542 1431 668 1483; x_wconf 85' lang='lat' dir='ltr'>dere</span> <span class='ocrx_word' id='word_1_63' title='bbox 695 1433 708 1454; x_wconf 86' lang='lat'>&#39;</span> <span class='ocrx_word' id='word_1_64' title='bbox 758 1449 817 1483; x_wconf 85' lang='lat' dir='ltr'>ac</span> <span class='ocrx_word' id='word_1_65' title='bbox 863 1448 1049 1483; x_wconf 86' lang='lat' dir='ltr'>nomen</span> <span class='ocrx_word' id='word_1_66' title='bbox 1085 1434 1439 1498; x_wconf 80' lang='lat' dir='ltr'>‘applausus3&#39;</span> <span class='ocrx_word' id='word_1_67' title='bbox 1490 1435 1613 1498; x_wconf 86' lang='lat' dir='ltr'>quin</span> 
     </span>
     <span class='ocr_line' id='line_1_15' title="bbox 543 1509 1616 1568; baseline -0.001 -10"><span class='ocrx_word' id='word_1_68' title='bbox 543 1516 600 1558; x_wconf 81' lang='lat' dir='ltr'>ot</span> <span class='ocrx_word' id='word_1_69' title='bbox 664 1509 936 1565; x_wconf 72' lang='lat' dir='ltr'>Horatius,</span> <span class='ocrx_word' id='word_1_70' title='bbox 991 1517 1046 1559; x_wconf 88' lang='lat' dir='ltr'>et</span> <span class='ocrx_word' id='word_1_71' title='bbox 1095 1510 1499 1568; x_wconf 82' lang='lat' dir='ltr'>Quinctilianus,</span> <span class='ocrx_word' id='word_1_72' title='bbox 1559 1516 1616 1557; x_wconf 85' lang='lat' dir='ltr'>et</span> 
     </span>
     <span class='ocr_line' id='line_1_16' title="bbox 538 1586 1613 1651; baseline -0.002 -15"><span class='ocrx_word' id='word_1_73' title='bbox 538 1586 837 1644; x_wconf 82' lang='lat' dir='ltr'>Suetonius.</span> <span class='ocrx_word' id='word_1_74' title='bbox 882 1588 1094 1651; x_wconf 80' lang='lat' dir='ltr'>aliique,</span> <span class='ocrx_word' id='word_1_75' title='bbox 1137 1586 1268 1634; x_wconf 85' lang='lat' dir='ltr'>haud</span> <span class='ocrx_word' id='word_1_76' title='bbox 1318 1586 1613 1635; x_wconf 75' lang='lat' dir='ltr'>abstinuere</span> 
     </span>
     <span class='ocr_line' id='line_1_17' title="bbox 542 1661 1611 1726; baseline 0 -14"><span class='ocrx_word' id='word_1_77' title='bbox 542 1677 574 1712; x_wconf 90' lang='lat' dir='ltr'>a</span> <span class='ocrx_word' id='word_1_78' title='bbox 630 1664 853 1726; x_wconf 78' lang='lat' dir='ltr'>simplici</span> <span class='ocrx_word' id='word_1_79' title='bbox 910 1663 1116 1712; x_wconf 85' lang='lat' dir='ltr'>nomine</span> <span class='ocrx_word' id='word_1_80' title='bbox 1166 1661 1468 1726; x_wconf 77' lang='lat' dir='ltr'>‘plausor3&#39;</span> <span class='ocrx_word' id='word_1_81' title='bbox 1518 1663 1611 1712; x_wconf 88' lang='lat' dir='ltr'>sed</span> 
     </span>
     <span class='ocr_line' id='line_1_18' title="bbox 540 1742 1610 1802; baseline -0.001 -12"><span class='ocrx_word' id='word_1_82' title='bbox 540 1755 641 1790; x_wconf 86' lang='lat' dir='ltr'>nec</span> <span class='ocrx_word' id='word_1_83' title='bbox 702 1742 823 1790; x_wconf 89' lang='lat' dir='ltr'>mihi</span> <span class='ocrx_word' id='word_1_84' title='bbox 883 1742 1134 1791; x_wconf 75' lang='lat' dir='ltr'>succurrit</span> <span class='ocrx_word' id='word_1_85' title='bbox 1191 1742 1351 1802; x_wconf 85' lang='lat' dir='ltr'>locus,</span> <span class='ocrx_word' id='word_1_86' title='bbox 1413 1742 1492 1789; x_wconf 86' lang='lat' dir='ltr'>vel</span> <span class='ocrx_word' id='word_1_87' title='bbox 1547 1757 1610 1791; x_wconf 87' lang='lat' dir='ltr'>ex</span> 
     </span>
     <span class='ocr_line' id='line_1_19' title="bbox 540 1818 1613 1882; baseline 0 -14"><span class='ocrx_word' id='word_1_88' title='bbox 540 1818 735 1882; x_wconf 84' lang='lat' dir='ltr'>Plinio,</span> <span class='ocrx_word' id='word_1_89' title='bbox 781 1819 862 1867; x_wconf 82' lang='lat' dir='ltr'>vei</span> <span class='ocrx_word' id='word_1_90' title='bbox 920 1834 984 1868; x_wconf 83' lang='lat' dir='ltr'>ex</span> <span class='ocrx_word' id='word_1_91' title='bbox 1040 1819 1141 1867; x_wconf 85' lang='lat' dir='ltr'>aiio</span> <span class='ocrx_word' id='word_1_92' title='bbox 1193 1820 1427 1882; x_wconf 80' lang='lat' dir='ltr'>prohatae</span> <span class='ocrx_word' id='word_1_93' title='bbox 1475 1820 1613 1869; x_wconf 88' lang='lat' dir='ltr'>Lati·</span> 
     </span>
     <span class='ocr_line' id='line_1_20' title="bbox 539 1898 1613 1960; baseline 0.002 -14"><span class='ocrx_word' id='word_1_94' title='bbox 539 1898 725 1947; x_wconf 89' lang='lat' dir='ltr'>nitatis</span> <span class='ocrx_word' id='word_1_95' title='bbox 785 1903 1019 1960; x_wconf 83' lang='lat' dir='ltr'>auctore,</span> <span class='ocrx_word' id='word_1_96' title='bbox 1078 1898 1162 1948; x_wconf 84' lang='lat' dir='ltr'>ubi</span> <span class='ocrx_word' id='word_1_97' title='bbox 1229 1913 1416 1947; x_wconf 88' lang='lat' dir='ltr'>nomen</span> <span class='ocrx_word' id='word_1_98' title='bbox 1471 1913 1613 1948; x_wconf 85' lang='lat' dir='ltr'>com-</span> 
     </span>
     <span class='ocr_line' id='line_1_21' title="bbox 539 1975 1610 2038; baseline 0.002 -16"><span class='ocrx_word' id='word_1_99' title='bbox 539 1976 765 2037; x_wconf 90' lang='lat' dir='ltr'>positum</span> <span class='ocrx_word' id='word_1_100' title='bbox 810 1976 1058 2038; x_wconf 80' lang='lat' dir='ltr'>applausor</span> <span class='ocrx_word' id='word_1_101' title='bbox 1114 1975 1452 2034; x_wconf 54' lang='lat' dir='ltr'>inventarum</span> <span class='ocrx_word' id='word_1_102' title='bbox 1513 1991 1610 2025; x_wconf 84' lang='lat' dir='ltr'>nec</span> 
     </span>
     <span class='ocr_line' id='line_1_22' title="bbox 538 2051 1612 2115; baseline 0.003 -16"><span class='ocrx_word' id='word_1_103' title='bbox 538 2051 650 2115; x_wconf 89' lang='lat' dir='ltr'>ejus</span> <span class='ocrx_word' id='word_1_104' title='bbox 672 2066 818 2100; x_wconf 87' lang='lat' dir='ltr'>usum</span> <span class='ocrx_word' id='word_1_105' title='bbox 857 2052 1048 2101; x_wconf 78' lang='lat' dir='ltr'>Lexica</span> <span class='ocrx_word' id='word_1_106' title='bbox 1080 2052 1198 2114; x_wconf 89' lang='lat' dir='ltr'>alio,</span> <span class='ocrx_word' id='word_1_107' title='bbox 1219 2052 1317 2100; x_wconf 86' lang='lat' dir='ltr'>nisi</span> <span class='ocrx_word' id='word_1_108' title='bbox 1342 2052 1491 2101; x_wconf 88' lang='lat' dir='ltr'>unius</span> <span class='ocrx_word' id='word_1_109' title='bbox 1514 2053 1612 2102; x_wconf 88' lang='lat' dir='ltr'>hu·</span> 
     </span>
     <span class='ocr_line' id='line_1_23' title="bbox 530 2126 1609 2192; baseline 0.002 -16"><span class='ocrx_word' id='word_1_110' title='bbox 530 2126 622 2190; x_wconf 87' lang='lat' dir='ltr'>jus</span> <span class='ocrx_word' id='word_1_111' title='bbox 660 2128 759 2178; x_wconf 88' lang='lat' dir='ltr'>loci</span> <span class='ocrx_word' id='word_1_112' title='bbox 799 2128 1019 2177; x_wconf 86' lang='lat' dir='ltr'>Pliniani</span> <span class='ocrx_word' id='word_1_113' title='bbox 1048 2129 1362 2185; x_wconf 84' lang='lat' dir='ltr'>testimonio.</span> <span class='ocrx_word' id='word_1_114' title='bbox 1390 2130 1609 2192; x_wconf 86' lang='lat' dir='ltr'>probare</span> 
     </span>
     <span class='ocr_line' id='line_1_24' title="bbox 537 2205 1608 2267; baseline 0.001 -15"><span class='ocrx_word' id='word_1_115' title='bbox 537 2205 729 2253; x_wconf 86' lang='lat' dir='ltr'>solent.</span> <span class='ocrx_word' id='word_1_116' title='bbox 798 2205 973 2254; x_wconf 79' lang='lat' dir='ltr'>Nihilo</span> <span class='ocrx_word' id='word_1_117' title='bbox 1010 2207 1174 2255; x_wconf 86' lang='lat' dir='ltr'>minus</span> <span class='ocrx_word' id='word_1_118' title='bbox 1208 2216 1378 2254; x_wconf 82' lang='lat' dir='ltr'>tamen</span> <span class='ocrx_word' id='word_1_119' title='bbox 1403 2206 1499 2255; x_wconf 88' lang='lat' dir='ltr'>hoc</span> <span class='ocrx_word' id='word_1_120' title='bbox 1535 2206 1608 2267; x_wconf 87' lang='lat' dir='ltr'>ip·</span> 
     </span>
     <span class='ocr_line' id='line_1_25' title="bbox 538 2282 1608 2343; baseline 0.003 -14"><span class='ocrx_word' id='word_1_121' title='bbox 538 2296 648 2329; x_wconf 88' lang='lat' dir='ltr'>sum</span> <span class='ocrx_word' id='word_1_122' title='bbox 670 2297 853 2331; x_wconf 81' lang='lat' dir='ltr'>nomen</span> <span class='ocrx_word' id='word_1_123' title='bbox 873 2284 1212 2343; x_wconf 78' lang='lat' dir='ltr'>compositum</span> <span class='ocrx_word' id='word_1_124' title='bbox 1235 2297 1333 2330; x_wconf 90' lang='lat' dir='ltr'>non</span> <span class='ocrx_word' id='word_1_125' title='bbox 1354 2282 1522 2331; x_wconf 81' lang='lat' dir='ltr'>audeo</span> <span class='ocrx_word' id='word_1_126' title='bbox 1542 2284 1608 2332; x_wconf 85' lang='lat' dir='ltr'>‹le</span> 
     </span>
     <span class='ocr_line' id='line_1_26' title="bbox 536 2358 1611 2422; baseline 0.005 -19"><span class='ocrx_word' id='word_1_127' title='bbox 536 2361 863 2420; x_wconf 67' lang='lat' dir='ltr'>possessione</span> <span class='ocrx_word' id='word_1_128' title='bbox 910 2361 1160 2422; x_wconf 82' lang='lat' dir='ltr'>dejicere.</span> <span class='ocrx_word' id='word_1_129' title='bbox 1206 2375 1321 2408; x_wconf 85' lang='lat' dir='ltr'>cum</span> <span class='ocrx_word' id='word_1_130' title='bbox 1375 2358 1611 2420; x_wconf 75' lang='grc' dir='ltr'>ἀναλογία</span> 
     </span>
     <span class='ocr_line' id='line_1_27' title="bbox 540 2433 1605 2500; baseline 0.002 -19"><span class='ocrx_word' id='word_1_131' title='bbox 540 2434 588 2482; x_wconf 89' lang='lat' dir='ltr'>ei</span> <span class='ocrx_word' id='word_1_132' title='bbox 624 2433 819 2494; x_wconf 75' lang='lat' dir='ltr'>faveat,</span> <span class='ocrx_word' id='word_1_133' title='bbox 854 2450 951 2485; x_wconf 89' lang='lat' dir='ltr'>nec</span> <span class='ocrx_word' id='word_1_134' title='bbox 983 2437 1251 2500; x_wconf 76' lang='lat' dir='ltr'>quisquam</span> <span class='ocrx_word' id='word_1_135' title='bbox 1291 2446 1605 2486; x_wconf 79' lang='lat' dir='ltr'>commenta-</span> 
     </span>
     <span class='ocr_line' id='line_1_28' title="bbox 540 2513 1606 2563; baseline 0.004 -4"><span class='ocrx_word' id='word_1_136' title='bbox 540 2519 709 2560; x_wconf 88' lang='lat' dir='ltr'>torum</span> <span class='ocrx_word' id='word_1_137' title='bbox 737 2513 1092 2561; x_wconf 80' lang='lat' dir='ltr'>Plinianorum</span> <span class='ocrx_word' id='word_1_138' title='bbox 1119 2515 1168 2561; x_wconf 91' lang='lat' dir='ltr'>in</span> <span class='ocrx_word' id='word_1_139' title='bbox 1195 2527 1257 2561; x_wconf 86' lang='lat' dir='ltr'>eo</span> <span class='ocrx_word' id='word_1_140' title='bbox 1285 2514 1606 2563; x_wconf 76' lang='lat' dir='ltr'>recensendo</span> 
     </span>
     <span class='ocr_line' id='line_1_29' title="bbox 537 2587 1604 2639; baseline 0.004 -5"><span class='ocrx_word' id='word_1_141' title='bbox 537 2587 806 2637; x_wconf 85' lang='lat' dir='ltr'>haesitarit.</span> <span class='ocrx_word' id='word_1_142' title='bbox 876 2590 1085 2639; x_wconf 83' lang='lat' dir='ltr'>Quanto</span> <span class='ocrx_word' id='word_1_143' title='bbox 1119 2598 1288 2637; x_wconf 88' lang='lat' dir='ltr'>autem</span> <span class='ocrx_word' id='word_1_144' title='bbox 1322 2589 1491 2638; x_wconf 88' lang='lat' dir='ltr'>studio</span> <span class='ocrx_word' id='word_1_145' title='bbox 1517 2604 1604 2639; x_wconf 89' lang='lat' dir='ltr'>uo-</span> 
     </span>
     <span class='ocr_line' id='line_1_30' title="bbox 535 2662 1605 2726; baseline 0.004 -16"><span class='ocrx_word' id='word_1_146' title='bbox 535 2662 768 2710; x_wconf 88' lang='lat' dir='ltr'>minatim</span> <span class='ocrx_word' id='word_1_147' title='bbox 831 2664 975 2711; x_wconf 91' lang='lat' dir='ltr'>Nero</span> <span class='ocrx_word' id='word_1_148' title='bbox 1029 2663 1260 2725; x_wconf 85' lang='lat' dir='ltr'>captarit</span> <span class='ocrx_word' id='word_1_149' title='bbox 1315 2664 1605 2726; x_wconf 86' lang='lat' dir='ltr'>hujusmodi</span> 
     </span>
     <span class='ocr_line' id='line_1_31' title="bbox 535 2738 1604 2800; baseline 0.003 -13"><span class='ocrx_word' id='word_1_150' title='bbox 535 2738 843 2800; x_wconf 78' lang='lat' dir='ltr'>applausum</span> <span class='ocrx_word' id='word_1_151' title='bbox 890 2740 1216 2800; x_wconf 79' lang='lat' dir='ltr'>theatralem,</span> <span class='ocrx_word' id='word_1_152' title='bbox 1259 2748 1437 2789; x_wconf 83' lang='lat' dir='ltr'>narrat</span> <span class='ocrx_word' id='word_1_153' title='bbox 1478 2743 1604 2790; x_wconf 89' lang='lat' dir='ltr'>Sue·</span> 
     </span>
     <span class='ocr_line' id='line_1_32' title="bbox 538 2817 1605 2881; baseline 0.002 -18"><span class='ocrx_word' id='word_1_154' title='bbox 538 2822 648 2865; x_wconf 92' lang='lat' dir='ltr'>ton.</span> <span class='ocrx_word' id='word_1_155' title='bbox 677 2830 796 2880; x_wconf 88' lang='lat' dir='ltr'>cap.</span> <span class='ocrx_word' id='word_1_156' title='bbox 822 2821 901 2866; x_wconf 82' lang='lat'>20.</span> <span class='ocrx_word' id='word_1_157' title='bbox 936 2818 950 2843; x_wconf 81' lang='lat'><strong>⁴</strong></span> <span class='ocrx_word' id='word_1_158' title='bbox 971 2817 1205 2880; x_wconf 73' lang='lat' dir='ltr'>Captus,&#39;</span> <span class='ocrx_word' id='word_1_159' title='bbox 1239 2818 1426 2881; x_wconf 87' lang='lat' dir='ltr'>inquit,</span> <span class='ocrx_word' id='word_1_160' title='bbox 1460 2823 1474 2846; x_wconf 81' lang='lat'>⁸</span> <span class='ocrx_word' id='word_1_161' title='bbox 1497 2834 1605 2866; x_wconf 89' lang='lat' dir='ltr'>mo-</span> 
     </span>
     <span class='ocr_line' id='line_1_33' title="bbox 536 2890 1603 2945; baseline 0.007 -8"><span class='ocrx_word' id='word_1_162' title='bbox 536 2890 726 2940; x_wconf 83' lang='lat' dir='ltr'>dulatis</span> <span class='ocrx_word' id='word_1_163' title='bbox 774 2891 1240 2942; x_wconf 82' lang='lat' dir='ltr'>Alexandrinorum</span> <span class='ocrx_word' id='word_1_164' title='bbox 1297 2893 1603 2945; x_wconf 87' lang='lat' dir='ltr'>laudationi-</span> 
     </span>
     <span class='ocr_line' id='line_1_34' title="bbox 536 2966 1604 3031; baseline 0.005 -17"><span class='ocrx_word' id='word_1_165' title='bbox 536 2966 653 3022; x_wconf 81' lang='lat' dir='ltr'>bus,</span> <span class='ocrx_word' id='word_1_166' title='bbox 677 2968 764 3031; x_wconf 87' lang='lat' dir='ltr'>qui</span> <span class='ocrx_word' id='word_1_167' title='bbox 805 2969 869 3017; x_wconf 91' lang='lat' dir='ltr'>de</span> <span class='ocrx_word' id='word_1_168' title='bbox 908 2982 1041 3017; x_wconf 87' lang='lat' dir='ltr'>novo</span> <span class='ocrx_word' id='word_1_169' title='bbox 1078 2977 1365 3018; x_wconf 75' lang='lat' dir='ltr'>commeatu</span> <span class='ocrx_word' id='word_1_170' title='bbox 1396 2972 1604 3031; x_wconf 82' lang='lat' dir='ltr'>Neapo-</span> 
     </span>
     <span class='ocr_line' id='line_1_35' title="bbox 533 3042 1604 3108; baseline 0.007 -18"><span class='ocrx_word' id='word_1_171' title='bbox 533 3042 623 3092; x_wconf 87' lang='lat' dir='ltr'>lim</span> <span class='ocrx_word' id='word_1_172' title='bbox 667 3043 1046 3106; x_wconf 85' lang='lat' dir='ltr'>confluxeraut,</span> <span class='ocrx_word' id='word_1_173' title='bbox 1083 3048 1256 3108; x_wconf 85' lang='lat' dir='ltr'>plures</span> <span class='ocrx_word' id='word_1_174' title='bbox 1288 3046 1604 3097; x_wconf 75' lang='lat' dir='ltr'>Alexandria</span> 
     </span>
     <span class='ocr_line' id='line_1_36' title="bbox 534 3121 1604 3184; baseline 0.006 -18"><span class='ocrx_word' id='word_1_175' title='bbox 534 3122 792 3169; x_wconf 81' lang='lat' dir='ltr'>evocavit.</span> <span class='ocrx_word' id='word_1_176' title='bbox 863 3121 1044 3184; x_wconf 82' lang='lat' dir='ltr'>Neque</span> <span class='ocrx_word' id='word_1_177' title='bbox 1079 3137 1142 3170; x_wconf 91' lang='lat' dir='ltr'>eo</span> <span class='ocrx_word' id='word_1_178' title='bbox 1173 3123 1375 3184; x_wconf 83' lang='lat' dir='ltr'>segnius</span> <span class='ocrx_word' id='word_1_179' title='bbox 1404 3123 1604 3173; x_wconf 82' lang='lat' dir='ltr'>adoles·</span> 
     </span>
     <span class='ocr_line' id='line_1_37' title="bbox 536 3197 1604 3262; baseline 0.005 -19"><span class='ocrx_word' id='word_1_180' title='bbox 536 3197 772 3245; x_wconf 78' lang='lat' dir='ltr'>centulos</span> <span class='ocrx_word' id='word_1_181' title='bbox 797 3198 1054 3260; x_wconf 83' lang='lat' dir='ltr'>equestris</span> <span class='ocrx_word' id='word_1_182' title='bbox 1082 3197 1276 3245; x_wconf 77' lang='lat' dir='ltr'>ordinis</span> <span class='ocrx_word' id='word_1_183' title='bbox 1300 3204 1354 3245; x_wconf 85' lang='lat' dir='ltr'>et</span> <span class='ocrx_word' id='word_1_184' title='bbox 1377 3200 1604 3262; x_wconf 83' lang='lat' dir='ltr'>quinque</span> 
     </span>
     <span class='ocr_line' id='line_1_38' title="bbox 536 3272 1603 3335; baseline 0.004 -15"><span class='ocrx_word' id='word_1_185' title='bbox 536 3273 756 3333; x_wconf 88' lang='lat' dir='ltr'>amplius</span> <span class='ocrx_word' id='word_1_186' title='bbox 783 3272 941 3321; x_wconf 86' lang='lat' dir='ltr'>millia</span> <span class='ocrx_word' id='word_1_187' title='bbox 976 3287 1004 3320; x_wconf 93' lang='lat' dir='ltr'>e</span> <span class='ocrx_word' id='word_1_188' title='bbox 1042 3273 1193 3335; x_wconf 83' lang='lat' dir='ltr'>plebe</span> <span class='ocrx_word' id='word_1_189' title='bbox 1231 3273 1603 3324; x_wconf 73' lang='lat' dir='ltr'>robustissimae</span> 
     </span>
     <span class='ocr_line' id='line_1_39' title="bbox 526 3348 1603 3415; baseline 0.007 -19"><span class='ocrx_word' id='word_1_190' title='bbox 526 3348 823 3411; x_wconf 85' lang='lat' dir='ltr'>juventutis</span> <span class='ocrx_word' id='word_1_191' title='bbox 864 3349 1091 3415; x_wconf 76' lang='lat' dir='ltr'>trudique</span> <span class='ocrx_word' id='word_1_192' title='bbox 1125 3351 1306 3414; x_wconf 77' lang='lat' dir='ltr'>elegit,</span> <span class='ocrx_word' id='word_1_193' title='bbox 1331 3352 1415 3415; x_wconf 86' lang='lat' dir='ltr'>qui</span> <span class='ocrx_word' id='word_1_194' title='bbox 1454 3354 1603 3404; x_wconf 84' lang='lat' dir='ltr'>divisi</span> 
     </span>
     <span class='ocr_line' id='line_1_40' title="bbox 532 3422 1601 3490; baseline 0.004 -17"><span class='ocrx_word' id='word_1_195' title='bbox 532 3424 587 3473; x_wconf 87' lang='lat' dir='ltr'>iu</span> <span class='ocrx_word' id='word_1_196' title='bbox 629 3422 904 3489; x_wconf 83' lang='lat' dir='ltr'>factiones,</span> <span class='ocrx_word' id='word_1_197' title='bbox 945 3428 1212 3489; x_wconf 81' lang='lat' dir='ltr'>plausuum</span> <span class='ocrx_word' id='word_1_198' title='bbox 1255 3443 1443 3490; x_wconf 84' lang='lat' dir='ltr'>genera</span> <span class='ocrx_word' id='word_1_199' title='bbox 1480 3444 1601 3478; x_wconf 89' lang='lat' dir='ltr'>con·</span> 
     </span>
     <span class='ocr_line' id='line_1_41' title="bbox 534 3499 1242 3558; baseline 0.006 -11"><span class='ocrx_word' id='word_1_200' title='bbox 534 3499 831 3558; x_wconf 82' lang='lat' dir='ltr'>discerent,&#39;</span> <span class='ocrx_word' id='word_1_201' title='bbox 862 3509 959 3552; x_wconf 69' lang='lat' dir='ltr'>&amp;m</span> <span class='ocrx_word' id='word_1_202' title='bbox 1002 3504 1242 3552; x_wconf 80' lang='lat' dir='ltr'>Schwarz.</span> 
     </span>
    </p>

    <p class='ocr_par' dir='ltr' id='par_1_7' title="bbox 530 3577 1601 4333">
     <span class='ocr_line' id='line_1_42' title="bbox 598 3577 1601 3643; baseline 0.005 -18"><span class='ocrx_word' id='word_1_203' title='bbox 598 3579 891 3643; x_wconf 77' lang='lat' dir='ltr'>Aversatur]</span> <span class='ocrx_word' id='word_1_204' title='bbox 942 3581 1176 3641; x_wconf 86' lang='lat' dir='ltr'>Scilicet,</span> <span class='ocrx_word' id='word_1_205' title='bbox 1224 3581 1239 3608; x_wconf 87' lang='lat'>‘</span> <span class='ocrx_word' id='word_1_206' title='bbox 1278 3577 1601 3630; x_wconf 78' lang='lat' dir='ltr'>effeminatas</span> 
     </span>
     <span class='ocr_line' id='line_1_43' title="bbox 535 3654 1599 3719; baseline 0.003 -17"><span class='ocrx_word' id='word_1_207' title='bbox 535 3654 715 3703; x_wconf 66' lang='lat' dir='ltr'>artes!</span> <span class='ocrx_word' id='word_1_208' title='bbox 770 3656 958 3703; x_wconf 84' lang='lat' dir='ltr'>Mirum</span> <span class='ocrx_word' id='word_1_209' title='bbox 987 3664 1087 3712; x_wconf 87' lang='lat' dir='ltr'>est,</span> <span class='ocrx_word' id='word_1_210' title='bbox 1110 3671 1260 3719; x_wconf 85' lang='lat' dir='ltr'>quam</span> <span class='ocrx_word' id='word_1_211' title='bbox 1289 3656 1465 3704; x_wconf 83' lang='lat' dir='ltr'>multae</span> <span class='ocrx_word' id='word_1_212' title='bbox 1491 3656 1599 3705; x_wconf 90' lang='lat' dir='ltr'>edi·</span> 
     </span>
     <span class='ocr_line' id='line_1_44' title="bbox 535 3732 1600 3795; baseline 0 -15"><span class='ocrx_word' id='word_1_213' title='bbox 535 3732 704 3780; x_wconf 88' lang='lat' dir='ltr'>tiones</span> <span class='ocrx_word' id='word_1_214' title='bbox 732 3746 823 3792; x_wconf 89' lang='lat' dir='ltr'>pro</span> <span class='ocrx_word' id='word_1_215' title='bbox 854 3733 1013 3780; x_wconf 86' lang='lat' dir='ltr'>verbo</span> <span class='ocrx_word' id='word_1_216' title='bbox 1044 3739 1309 3787; x_wconf 75' lang='lat' dir='ltr'>ater-satur,</span> <span class='ocrx_word' id='word_1_217' title='bbox 1349 3733 1600 3795; x_wconf 85' lang='lat' dir='ltr'>procude-</span> 
     </span>
     <span class='ocr_line' id='line_1_45' title="bbox 535 3808 1599 3871; baseline -0.001 -14"><span class='ocrx_word' id='word_1_218' title='bbox 535 3809 641 3857; x_wconf 90' lang='lat' dir='ltr'>rint</span> <span class='ocrx_word' id='word_1_219' title='bbox 659 3810 958 3857; x_wconf 76' lang='lat' dir='ltr'>adversatur.</span> <span class='ocrx_word' id='word_1_220' title='bbox 1019 3808 1135 3857; x_wconf 82' lang='lat' dir='ltr'>Hoc</span> <span class='ocrx_word' id='word_1_221' title='bbox 1158 3811 1293 3858; x_wconf 88' lang='lat' dir='ltr'>enirn</span> <span class='ocrx_word' id='word_1_222' title='bbox 1323 3809 1599 3871; x_wconf 87' lang='lat' dir='ltr'>prodidere</span> 
     </span>
     <span class='ocr_line' id='line_1_46' title="bbox 534 3885 1598 3946; baseline 0.001 -13"><span class='ocrx_word' id='word_1_223' title='bbox 534 3885 870 3946; x_wconf 69' lang='lat' dir='ltr'>Puteolanus,</span> <span class='ocrx_word' id='word_1_224' title='bbox 894 3888 1189 3942; x_wconf 78' lang='lat' dir='ltr'>Catauaeus,</span> <span class='ocrx_word' id='word_1_225' title='bbox 1215 3886 1398 3945; x_wconf 82' lang='lat' dir='ltr'>Aldus,</span> <span class='ocrx_word' id='word_1_226' title='bbox 1417 3887 1598 3943; x_wconf 78' lang='lat' dir='ltr'>Junta,</span> 
     </span>
     <span class='ocr_line' id='line_1_47' title="bbox 534 3962 1598 4022; baseline -0.001 -11"><span class='ocrx_word' id='word_1_227' title='bbox 534 3962 887 4019; x_wconf 75' lang='lat' dir='ltr'>Philomusus,</span> <span class='ocrx_word' id='word_1_228' title='bbox 912 3962 1208 4022; x_wconf 72' lang='lat' dir='ltr'>Rhenanus,</span> <span class='ocrx_word' id='word_1_229' title='bbox 1234 3964 1296 4010; x_wconf 81' lang='lat' dir='ltr'>R.</span> <span class='ocrx_word' id='word_1_230' title='bbox 1320 3970 1372 4011; x_wconf 75' lang='lat' dir='ltr'>et</span> <span class='ocrx_word' id='word_1_231' title='bbox 1399 3962 1598 4011; x_wconf 57' lang='lat' dir='ltr'>uste-</span> 
     </span>
     <span class='ocr_line' id='line_1_48' title="bbox 532 4036 1596 4102; baseline 0.003 -17"><span class='ocrx_word' id='word_1_232' title='bbox 532 4037 711 4102; x_wconf 86' lang='lat' dir='ltr'>phaui,</span> <span class='ocrx_word' id='word_1_233' title='bbox 756 4036 1039 4101; x_wconf 80' lang='lat' dir='ltr'>Gryphius,</span> <span class='ocrx_word' id='word_1_234' title='bbox 1074 4038 1368 4099; x_wconf 84' lang='lat' dir='ltr'>Sicbardus,</span> <span class='ocrx_word' id='word_1_235' title='bbox 1404 4039 1596 4088; x_wconf 87' lang='lat' dir='ltr'>Grute-</span> 
     </span>
     <span class='ocr_line' id='line_1_49' title="bbox 533 4114 1595 4177; baseline -0.002 -13"><span class='ocrx_word' id='word_1_236' title='bbox 533 4128 641 4177; x_wconf 85' lang='lat' dir='ltr'>rus,</span> <span class='ocrx_word' id='word_1_237' title='bbox 683 4114 911 4174; x_wconf 80' lang='lat' dir='ltr'>Elzevir,</span> <span class='ocrx_word' id='word_1_238' title='bbox 956 4114 1295 4174; x_wconf 72' lang='lat' dir='ltr'>Boshorniu«,</span> <span class='ocrx_word' id='word_1_239' title='bbox 1342 4116 1595 4177; x_wconf 83' lang='lat' dir='ltr'>Patarol3</span> 
     </span>
     <span class='ocr_line' id='line_1_50' title="bbox 533 4190 1595 4254; baseline 0.001 -15"><span class='ocrx_word' id='word_1_240' title='bbox 533 4192 655 4254; x_wconf 85' lang='lat' dir='ltr'>quin</span> <span class='ocrx_word' id='word_1_241' title='bbox 690 4201 740 4240; x_wconf 90' lang='lat' dir='ltr'>et</span> <span class='ocrx_word' id='word_1_242' title='bbox 778 4191 827 4239; x_wconf 92' lang='lat' dir='ltr'>in</span> <span class='ocrx_word' id='word_1_243' title='bbox 864 4190 1126 4239; x_wconf 77' lang='lat' dir='ltr'>codicibus</span> <span class='ocrx_word' id='word_1_244' title='bbox 1159 4190 1289 4238; x_wconf 85' lang='lat' dir='ltr'>Mss.</span> <span class='ocrx_word' id='word_1_245' title='bbox 1315 4192 1479 4239; x_wconf 85' lang='lat' dir='ltr'>vatic.</span> <span class='ocrx_word' id='word_1_246' title='bbox 1502 4192 1595 4240; x_wconf 83' lang='lat' dir='ltr'>Sa-</span> 
     </span>
     <span class='ocr_line' id='line_1_51' title="bbox 530 4265 1589 4333; baseline 0.004 -18"><span class='ocrx_word' id='word_1_247' title='bbox 530 4265 1089 4333; x_wconf 75' lang='lat' dir='ltr'>iisburgensi,venetis</span> <span class='ocrx_word' id='word_1_248' title='bbox 1110 4272 1220 4318; x_wconf 70' lang='lat' dir='ltr'>het</span> <span class='ocrx_word' id='word_1_249' title='bbox 1235 4271 1282 4317; x_wconf 83' lang='grc'><strong>2.</strong></span> <span class='ocrx_word' id='word_1_250' title='bbox 1302 4267 1589 4333; x_wconf 84' lang='lat' dir='ltr'>Guelpher·</span> 
     </span>
    </p>
   </div>
   <div class='ocr_carea' id='block_1_5' title="bbox 1252 367 2065 420">
    <p class='ocr_par' dir='ltr' id='par_1_8' title="bbox 1252 367 2065 420">
     <span class='ocr_line' id='line_1_52' title="bbox 1252 367 2065 420; baseline 0 -1"><span class='ocrx_word' id='word_1_251' title='bbox 1252 371 1472 419; x_wconf 58' lang='lat' dir='ltr'>NOTAE</span> <span class='ocrx_word' id='word_1_252' title='bbox 1522 367 1930 420; x_wconf 75' lang='lat' dir='ltr'>VARIORUM</span> <span class='ocrx_word' id='word_1_253' title='bbox 1981 370 2065 419; x_wconf 78' lang='lat' dir='ltr'>m</span> 
     </span>
    </p>
   </div>
   <div class='ocr_carea' id='block_1_6' title="bbox 1673 512 2771 4334">
    <p class='ocr_par' dir='ltr' id='par_1_9' title="bbox 1678 512 2771 2021">
     <span class='ocr_line' id='line_1_53' title="bbox 1703 512 2771 576; baseline 0.002 -15"><span class='ocrx_word' id='word_1_254' title='bbox 1703 512 1916 576; x_wconf 80' lang='lat' dir='ltr'>bytauo,</span> <span class='ocrx_word' id='word_1_255' title='bbox 1956 527 2016 562; x_wconf 88' lang='lat' dir='ltr'>ac</span> <span class='ocrx_word' id='word_1_256' title='bbox 2054 526 2189 575; x_wconf 88' lang='lat' dir='ltr'>meo,</span> <span class='ocrx_word' id='word_1_257' title='bbox 2221 517 2492 562; x_wconf 82' lang='lat' dir='ltr'>exaratum</span> <span class='ocrx_word' id='word_1_258' title='bbox 2531 518 2629 565; x_wconf 81' lang='lat' dir='ltr'>est.</span> <span class='ocrx_word' id='word_1_259' title='bbox 2668 514 2771 566; x_wconf 83' lang='lat' dir='ltr'>Tb.</span> 
     </span>
     <span class='ocr_line' id='line_1_54' title="bbox 1700 589 2768 652; baseline 0.003 -13"><span class='ocrx_word' id='word_1_260' title='bbox 1700 590 1859 652; x_wconf 86' lang='lat' dir='ltr'>Ceva,</span> <span class='ocrx_word' id='word_1_261' title='bbox 1915 597 1971 639; x_wconf 89' lang='lat' dir='ltr'>nt</span> <span class='ocrx_word' id='word_1_262' title='bbox 2026 589 2076 639; x_wconf 90' lang='lat' dir='ltr'>id</span> <span class='ocrx_word' id='word_1_263' title='bbox 2135 591 2297 652; x_wconf 75' lang='lat' dir='ltr'>magis</span> <span class='ocrx_word' id='word_1_264' title='bbox 2347 592 2768 642; x_wconf 73' lang='lat' dir='ltr'>accommodaret</span> 
     </span>
     <span class='ocr_line' id='line_1_55' title="bbox 1696 667 2769 732; baseline 0.004 -18"><span class='ocrx_word' id='word_1_265' title='bbox 1696 674 1979 716; x_wconf 72' lang='lat' dir='ltr'>structurae</span> <span class='ocrx_word' id='word_1_266' title='bbox 2007 667 2294 727; x_wconf 76' lang='lat' dir='ltr'>verborum,</span> <span class='ocrx_word' id='word_1_267' title='bbox 2314 667 2499 716; x_wconf 81' lang='lat' dir='ltr'>omissa</span> <span class='ocrx_word' id='word_1_268' title='bbox 2522 671 2769 732; x_wconf 66' lang='lat' dir='ltr'>preposi-</span> 
     </span>
     <span class='ocr_line' id='line_1_56' title="bbox 1699 742 2767 803; baseline 0.004 -11"><span class='ocrx_word' id='word_1_269' title='bbox 1699 744 1837 793; x_wconf 86' lang='lat' dir='ltr'>tione</span> <span class='ocrx_word' id='word_1_270' title='bbox 1883 745 1953 803; x_wconf 82' lang='lat' dir='ltr'>in,</span> <span class='ocrx_word' id='word_1_271' title='bbox 1987 742 2350 792; x_wconf 81' lang='lat' dir='ltr'>excudendum</span> <span class='ocrx_word' id='word_1_272' title='bbox 2393 746 2598 793; x_wconf 85' lang='lat' dir='ltr'>curavit</span> <span class='ocrx_word' id='word_1_273' title='bbox 2643 761 2767 796; x_wconf 75' lang='lat' dir='ltr'>auae</span> 
     </span>
     <span class='ocr_line' id='line_1_57' title="bbox 1685 815 2767 882; baseline 0.002 -14"><span class='ocrx_word' id='word_1_274' title='bbox 1685 815 1998 882; x_wconf 71' lang='lat' dir='ltr'>‘pantomimis</span> <span class='ocrx_word' id='word_1_275' title='bbox 2018 833 2194 882; x_wconf 75' lang='lat' dir='ltr'>qaoque</span> <span class='ocrx_word' id='word_1_276' title='bbox 2210 822 2511 868; x_wconf 73' lang='lat' dir='ltr'>adversatur.</span> <span class='ocrx_word' id='word_1_277' title='bbox 2579 820 2683 869; x_wconf 86' lang='lat' dir='ltr'>Sed</span> <span class='ocrx_word' id='word_1_278' title='bbox 2711 828 2767 870; x_wconf 88' lang='lat' dir='ltr'>et</span> 
     </span>
     <span class='ocr_line' id='line_1_58' title="bbox 1693 894 2765 962; baseline 0.004 -19"><span class='ocrx_word' id='word_1_279' title='bbox 1693 895 1746 943; x_wconf 89' lang='lat' dir='ltr'>in</span> <span class='ocrx_word' id='word_1_280' title='bbox 1793 896 1906 944; x_wconf 77' lang='lat' dir='ltr'>aliis</span> <span class='ocrx_word' id='word_1_281' title='bbox 1942 896 2281 957; x_wconf 84' lang='lat' dir='ltr'>scriptoribus</span> <span class='ocrx_word' id='word_1_282' title='bbox 2321 910 2421 944; x_wconf 89' lang='lat' dir='ltr'>non</span> <span class='ocrx_word' id='word_1_283' title='bbox 2467 894 2765 962; x_wconf 78' lang='lat' dir='ltr'>infrequens</span> 
     </span>
     <span class='ocr_line' id='line_1_59' title="bbox 1695 973 2766 1034; baseline 0.006 -15"><span class='ocrx_word' id='word_1_284' title='bbox 1695 982 1774 1020; x_wconf 87' lang='lat' dir='ltr'>est</span> <span class='ocrx_word' id='word_1_285' title='bbox 1800 973 2136 1023; x_wconf 81' lang='lat' dir='ltr'>commutatio</span> <span class='ocrx_word' id='word_1_286' title='bbox 2159 973 2340 1021; x_wconf 88' lang='lat' dir='ltr'>horum</span> <span class='ocrx_word' id='word_1_287' title='bbox 2362 973 2766 1034; x_wconf 83' lang='lat' dir='ltr'>verborum,cu-&#39;</span> 
     </span>
     <span class='ocr_line' id='line_1_60' title="bbox 1685 1047 2766 1112; baseline 0.006 -16"><span class='ocrx_word' id='word_1_288' title='bbox 1685 1047 1773 1110; x_wconf 89' lang='lat' dir='ltr'>jus</span> <span class='ocrx_word' id='word_1_289' title='bbox 1828 1051 2067 1112; x_wconf 83' lang='lat' dir='ltr'>exempla</span> <span class='ocrx_word' id='word_1_290' title='bbox 2112 1050 2379 1098; x_wconf 81' lang='lat' dir='ltr'>annotavit</span> <span class='ocrx_word' id='word_1_291' title='bbox 2425 1048 2766 1102; x_wconf 80' lang='lat' dir='ltr'>Arntzeuiua.</span> 
     </span>
     <span class='ocr_line' id='line_1_61' title="bbox 1694 1128 2767 1180; baseline 0.002 -3"><span class='ocrx_word' id='word_1_292' title='bbox 1694 1128 1808 1177; x_wconf 89' lang='lat' dir='ltr'>Nec</span> <span class='ocrx_word' id='word_1_293' title='bbox 1843 1128 2011 1176; x_wconf 89' lang='lat' dir='ltr'>miuus</span> <span class='ocrx_word' id='word_1_294' title='bbox 2048 1142 2197 1176; x_wconf 86' lang='lat' dir='ltr'>voces</span> <span class='ocrx_word' id='word_1_295' title='bbox 2232 1129 2456 1176; x_wconf 72' lang='lat' dir='ltr'>adversus</span> <span class='ocrx_word' id='word_1_296' title='bbox 2488 1136 2544 1178; x_wconf 91' lang='lat' dir='ltr'>et</span> <span class='ocrx_word' id='word_1_297' title='bbox 2573 1145 2767 1180; x_wconf 62' lang='grc' dir='ltr'>στιν-ιιι</span> 
     </span>
     <span class='ocr_line' id='line_1_62' title="bbox 1692 1202 2766 1267; baseline 0.005 -16"><span class='ocrx_word' id='word_1_298' title='bbox 1692 1203 1741 1252; x_wconf 91' lang='lat' dir='ltr'>in</span> <span class='ocrx_word' id='word_1_299' title='bbox 1789 1204 2017 1267; x_wconf 88' lang='lat' dir='ltr'>antiquis</span> <span class='ocrx_word' id='word_1_300' title='bbox 2062 1202 2328 1253; x_wconf 84' lang='lat' dir='ltr'>codicibus</span> <span class='ocrx_word' id='word_1_301' title='bbox 2362 1219 2504 1267; x_wconf 73' lang='lat' dir='ltr'>soepe</span> <span class='ocrx_word' id='word_1_302' title='bbox 2543 1206 2766 1266; x_wconf 86' lang='lat' dir='ltr'>turbari,</span> 
     </span>
     <span class='ocr_line' id='line_1_63' title="bbox 1691 1279 2759 1344; baseline 0.005 -17"><span class='ocrx_word' id='word_1_303' title='bbox 1691 1279 2061 1328; x_wconf 82' lang='lat' dir='ltr'>animadvertit</span> <span class='ocrx_word' id='word_1_304' title='bbox 2123 1280 2637 1344; x_wconf 86' lang='lat' dir='ltr'>Drackenborchius,</span> <span class='ocrx_word' id='word_1_305' title='bbox 2694 1283 2759 1332; x_wconf 86' lang='lat' dir='ltr'>ad</span> 
     </span>
     <span class='ocr_line' id='line_1_64' title="bbox 1693 1359 2761 1423; baseline 0.003 -16"><span class='ocrx_word' id='word_1_306' title='bbox 1693 1359 1787 1407; x_wconf 88' lang='lat' dir='ltr'>Sil.</span> <span class='ocrx_word' id='word_1_307' title='bbox 1826 1359 1950 1406; x_wconf 89' lang='lat' dir='ltr'>Ital.</span> <span class='ocrx_word' id='word_1_308' title='bbox 1984 1372 2049 1407; x_wconf 81' lang='grc' dir='ltr'>ιι.</span> <span class='ocrx_word' id='word_1_309' title='bbox 2090 1361 2204 1408; x_wconf 82' lang='grc'><strong>618.</strong></span> <span class='ocrx_word' id='word_1_310' title='bbox 2241 1360 2330 1423; x_wconf 86' lang='lat' dir='ltr'>qui</span> <span class='ocrx_word' id='word_1_311' title='bbox 2365 1366 2420 1410; x_wconf 84' lang='lat' dir='ltr'>et</span> <span class='ocrx_word' id='word_1_312' title='bbox 2453 1373 2534 1410; x_wconf 83' lang='lat'>11.</span> <span class='ocrx_word' id='word_1_313' title='bbox 2562 1365 2644 1410; x_wconf 76' lang='lat'>1⁴.</span> <span class='ocrx_word' id='word_1_314' title='bbox 2669 1364 2761 1411; x_wconf 89' lang='lat' dir='ltr'>ob·</span> 
     </span>
     <span class='ocr_line' id='line_1_65' title="bbox 1692 1435 2760 1499; baseline 0.005 -17"><span class='ocrx_word' id='word_1_315' title='bbox 1692 1443 1880 1490; x_wconf 83' lang='lat' dir='ltr'>servat,</span> <span class='ocrx_word' id='word_1_316' title='bbox 1916 1435 2095 1485; x_wconf 88' lang='lat' dir='ltr'>eodem</span> <span class='ocrx_word' id='word_1_317' title='bbox 2134 1437 2286 1485; x_wconf 89' lang='lat' dir='ltr'>modo</span> <span class='ocrx_word' id='word_1_318' title='bbox 2320 1439 2609 1499; x_wconf 84' lang='lat' dir='ltr'>generatim</span> <span class='ocrx_word' id='word_1_319' title='bbox 2637 1452 2667 1486; x_wconf 89' lang='lat' dir='ltr'>a</span> <span class='ocrx_word' id='word_1_320' title='bbox 2700 1438 2760 1487; x_wconf 89' lang='lat' dir='ltr'>li-</span> 
     </span>
     <span class='ocr_line' id='line_1_66' title="bbox 1691 1511 2758 1578; baseline 0.003 -19"><span class='ocrx_word' id='word_1_321' title='bbox 1691 1511 1875 1560; x_wconf 87' lang='lat' dir='ltr'>brariis</span> <span class='ocrx_word' id='word_1_322' title='bbox 1921 1513 2130 1575; x_wconf 86' lang='lat' dir='ltr'>peccari</span> <span class='ocrx_word' id='word_1_323' title='bbox 2177 1513 2228 1560; x_wconf 88' lang='lat' dir='ltr'>in</span> <span class='ocrx_word' id='word_1_324' title='bbox 2280 1514 2513 1576; x_wconf 85' lang='lat' dir='ltr'>piurimis</span> <span class='ocrx_word' id='word_1_325' title='bbox 2564 1514 2758 1578; x_wconf 84' lang='lat' dir='ltr'>verbis,</span> 
     </span>
     <span class='ocr_line' id='line_1_67' title="bbox 1691 1590 2759 1652; baseline 0.004 -16"><span class='ocrx_word' id='word_1_326' title='bbox 1691 1602 1807 1649; x_wconf 82' lang='lat' dir='ltr'>quae</span> <span class='ocrx_word' id='word_1_327' title='bbox 1833 1603 1898 1636; x_wconf 86' lang='lat' dir='ltr'>ex</span> <span class='ocrx_word' id='word_1_328' title='bbox 1926 1590 2377 1652; x_wconf 65' lang='lat' dir='ltr'>prepositionibus</span> <span class='ocrx_word' id='word_1_329' title='bbox 2394 1593 2457 1640; x_wconf 80' lang='lat' dir='ltr'>ad</span> <span class='ocrx_word' id='word_1_330' title='bbox 2480 1597 2533 1640; x_wconf 89' lang='lat' dir='ltr'>et</span> <span class='ocrx_word' id='word_1_331' title='bbox 2546 1591 2609 1641; x_wconf 78' lang='lat' dir='ltr'>ab</span> <span class='ocrx_word' id='word_1_332' title='bbox 2621 1608 2759 1641; x_wconf 85' lang='lat' dir='ltr'>com·</span> 
     </span>
     <span class='ocr_line' id='line_1_68' title="bbox 1691 1668 2758 1728; baseline 0.005 -15"><span class='ocrx_word' id='word_1_333' title='bbox 1691 1674 1974 1728; x_wconf 86' lang='lat' dir='ltr'>ponuntur.</span> <span class='ocrx_word' id='word_1_334' title='bbox 2020 1668 2236 1717; x_wconf 88' lang='lat' dir='ltr'>Interim</span> <span class='ocrx_word' id='word_1_335' title='bbox 2265 1669 2313 1716; x_wconf 89' lang='lat' dir='ltr'>io</span> <span class='ocrx_word' id='word_1_336' title='bbox 2340 1668 2573 1719; x_wconf 89' lang='lat' dir='ltr'>hocloco</span> <span class='ocrx_word' id='word_1_337' title='bbox 2598 1669 2758 1718; x_wconf 87' lang='lat' dir='ltr'>Plinii</span> 
     </span>
     <span class='ocr_line' id='line_1_69' title="bbox 1678 1744 2756 1807; baseline 0.004 -16"><span class='ocrx_word' id='word_1_338' title='bbox 1678 1744 1786 1807; x_wconf 78' lang='lat' dir='ltr'>Jam</span> <span class='ocrx_word' id='word_1_339' title='bbox 1835 1745 2125 1793; x_wconf 88' lang='lat' dir='ltr'>Beroaldus</span> <span class='ocrx_word' id='word_1_340' title='bbox 2159 1753 2213 1794; x_wconf 87' lang='lat' dir='ltr'>et</span> <span class='ocrx_word' id='word_1_341' title='bbox 2249 1745 2595 1807; x_wconf 80' lang='lat' dir='ltr'>cuspinianus</span> <span class='ocrx_word' id='word_1_342' title='bbox 2644 1761 2756 1796; x_wconf 79' lang='lat' dir='ltr'>ver·</span> 
     </span>
     <span class='ocr_line' id='line_1_70' title="bbox 1690 1819 2757 1885; baseline 0.004 -17"><span class='ocrx_word' id='word_1_343' title='bbox 1690 1819 1807 1869; x_wconf 90' lang='lat' dir='ltr'>bum</span> <span class='ocrx_word' id='word_1_344' title='bbox 1842 1827 2091 1869; x_wconf 76' lang='lat' dir='ltr'>atersatur</span> <span class='ocrx_word' id='word_1_345' title='bbox 2126 1822 2470 1883; x_wconf 77' lang='lat' dir='ltr'>evulgarunt3</span> <span class='ocrx_word' id='word_1_346' title='bbox 2507 1837 2636 1885; x_wconf 86' lang='lat' dir='ltr'>quoa</span> <span class='ocrx_word' id='word_1_347' title='bbox 2672 1836 2757 1872; x_wconf 75' lang='lat' dir='ltr'>ve·</span> 
     </span>
     <span class='ocr_line' id='line_1_71' title="bbox 1690 1896 2756 1960; baseline 0.006 -17"><span class='ocrx_word' id='word_1_348' title='bbox 1690 1910 1747 1945; x_wconf 92' lang='lat' dir='ltr'>ro</span> <span class='ocrx_word' id='word_1_349' title='bbox 1776 1911 1876 1944; x_wconf 88' lang='lat' dir='ltr'>non</span> <span class='ocrx_word' id='word_1_350' title='bbox 1914 1896 2008 1945; x_wconf 89' lang='lat' dir='ltr'>nisi</span> <span class='ocrx_word' id='word_1_351' title='bbox 2049 1898 2198 1960; x_wconf 85' lang='lat' dir='ltr'>pauci</span> <span class='ocrx_word' id='word_1_352' title='bbox 2235 1904 2378 1947; x_wconf 87' lang='lat' dir='ltr'>recte</span> <span class='ocrx_word' id='word_1_353' title='bbox 2412 1907 2533 1947; x_wconf 86' lang='lat' dir='ltr'>suut</span> <span class='ocrx_word' id='word_1_354' title='bbox 2565 1899 2756 1949; x_wconf 75' lang='lat' dir='ltr'>secuti.</span> 
     </span>
     <span class='ocr_line' id='line_1_72' title="bbox 1688 1973 1840 2021; baseline 0.007 -1"><span class='ocrx_word' id='word_1_355' title='bbox 1688 1973 1840 2021; x_wconf 85' lang='lat' dir='ltr'>Idem.</span> 
     </span>
    </p>

    <p class='ocr_par' dir='ltr' id='par_1_10' title="bbox 1687 2048 2753 2253">
     <span class='ocr_line' id='line_1_73' title="bbox 1752 2048 2752 2110; baseline 0.003 -12"><span class='ocrx_word' id='word_1_356' title='bbox 1752 2048 2042 2110; x_wconf 75' lang='lat' dir='ltr'>Ater-satur]</span> <span class='ocrx_word' id='word_1_357' title='bbox 2102 2051 2414 2104; x_wconf 71' lang='lat' dir='ltr'>Adsersatur.</span> <span class='ocrx_word' id='word_1_358' title='bbox 2472 2051 2645 2100; x_wconf 71' lang='lat' dir='ltr'>Lirin.</span> <span class='ocrx_word' id='word_1_359' title='bbox 2701 2052 2752 2101; x_wconf 83' lang='lat' dir='ltr'>iu</span> 
     </span>
     <span class='ocr_line' id='line_1_74' title="bbox 1688 2126 2753 2190; baseline 0.001 -15"><span class='ocrx_word' id='word_1_360' title='bbox 1688 2132 1874 2186; x_wconf 79' lang='lat' dir='ltr'>textu3</span> <span class='ocrx_word' id='word_1_361' title='bbox 1910 2126 2000 2175; x_wconf 81' lang='lat' dir='ltr'>sed</span> <span class='ocrx_word' id='word_1_362' title='bbox 2039 2128 2089 2174; x_wconf 90' lang='lat' dir='ltr'>in</span> <span class='ocrx_word' id='word_1_363' title='bbox 2126 2127 2378 2190; x_wconf 80' lang='lat' dir='ltr'>margine,</span> <span class='ocrx_word' id='word_1_364' title='bbox 2412 2133 2664 2176; x_wconf 69' lang='lat' dir='ltr'>arei-satiu-</span> <span class='ocrx_word' id='word_1_365' title='bbox 2692 2129 2753 2177; x_wconf 91' lang='lat' dir='ltr'>C.</span> 
     </span>
     <span class='ocr_line' id='line_1_75' title="bbox 1687 2201 2144 2253; baseline 0.002 -3"><span class='ocrx_word' id='word_1_366' title='bbox 1687 2201 1871 2253; x_wconf 84' lang='lat' dir='ltr'>Recte.</span> <span class='ocrx_word' id='word_1_367' title='bbox 1910 2204 2144 2253; x_wconf 65' lang='lat' dir='ltr'>metent..</span> 
     </span>
    </p>

    <p class='ocr_par' dir='ltr' id='par_1_11' title="bbox 1683 2277 2752 2481">
     <span class='ocr_line' id='line_1_76' title="bbox 1756 2277 2751 2342; baseline 0.004 -17"><span class='ocrx_word' id='word_1_368' title='bbox 1756 2278 2072 2342; x_wconf 78' lang='lat' dir='ltr'>Effeminatas</span> <span class='ocrx_word' id='word_1_369' title='bbox 2094 2277 2246 2339; x_wconf 74' lang='lat' dir='ltr'>artes]</span> <span class='ocrx_word' id='word_1_370' title='bbox 2285 2278 2562 2337; x_wconf 83' lang='lat' dir='ltr'>Mollitiem</span> <span class='ocrx_word' id='word_1_371' title='bbox 2589 2280 2751 2329; x_wconf 80' lang='lat' dir='ltr'>sceni-</span> 
     </span>
     <span class='ocr_line' id='line_1_77' title="bbox 1685 2354 2752 2411; baseline 0.003 -9"><span class='ocrx_word' id='word_1_372' title='bbox 1685 2369 1816 2411; x_wconf 87' lang='lat' dir='ltr'>cam,</span> <span class='ocrx_word' id='word_1_373' title='bbox 1843 2354 1987 2402; x_wconf 86' lang='lat' dir='ltr'>ludos</span> <span class='ocrx_word' id='word_1_374' title='bbox 2007 2356 2319 2403; x_wconf 78' lang='lat' dir='ltr'>saltatorios.</span> <span class='ocrx_word' id='word_1_375' title='bbox 2359 2355 2490 2402; x_wconf 76' lang='lat' dir='ltr'>Vide</span> <span class='ocrx_word' id='word_1_376' title='bbox 2512 2356 2752 2406; x_wconf 76' lang='lat' dir='ltr'>Macrob-</span> 
     </span>
     <span class='ocr_line' id='line_1_78' title="bbox 1683 2432 2138 2481; baseline 0.002 -1"><span class='ocrx_word' id='word_1_377' title='bbox 1683 2432 1794 2480; x_wconf 83' lang='lat' dir='ltr'>Sat.</span> <span class='ocrx_word' id='word_1_378' title='bbox 1819 2445 1878 2479; x_wconf 83' lang='lat' dir='ltr'>n.</span> <span class='ocrx_word' id='word_1_379' title='bbox 1905 2436 1953 2480; x_wconf 85' lang='grc'><strong>9.</strong></span> <span class='ocrx_word' id='word_1_380' title='bbox 1989 2432 2138 2481; x_wconf 80' lang='lat' dir='ltr'>Bern.</span> 
     </span>
    </p>

    <p class='ocr_par' dir='ltr' id='par_1_12' title="bbox 1685 2507 2750 2645">
     <span class='ocr_line' id='line_1_79' title="bbox 1751 2507 2750 2569; baseline 0.004 -14"><span class='ocrx_word' id='word_1_381' title='bbox 1751 2507 1962 2569; x_wconf 78' lang='lat' dir='ltr'>Saeculo]</span> <span class='ocrx_word' id='word_1_382' title='bbox 1997 2507 2136 2558; x_wconf 87' lang='lat' dir='ltr'>Huic</span> <span class='ocrx_word' id='word_1_383' title='bbox 2163 2516 2251 2556; x_wconf 89' lang='lat' dir='ltr'>tuo</span> <span class='ocrx_word' id='word_1_384' title='bbox 2274 2507 2405 2556; x_wconf 82' lang='lat' dir='ltr'>virili</span> <span class='ocrx_word' id='word_1_385' title='bbox 2438 2516 2493 2558; x_wconf 88' lang='lat' dir='ltr'>et</span> <span class='ocrx_word' id='word_1_386' title='bbox 2511 2507 2750 2559; x_wconf 88' lang='lat' dir='ltr'>honesto.</span> 
     </span>
     <span class='ocr_line' id='line_1_80' title="bbox 1685 2583 1819 2645; baseline 0.015 -14"><span class='ocrx_word' id='word_1_387' title='bbox 1685 2583 1819 2645; x_wconf 75' lang='lat' dir='ltr'>Lips-</span> 
     </span>
    </p>

    <p class='ocr_par' dir='ltr' id='par_1_13' title="bbox 1678 2660 2751 3552">
     <span class='ocr_line' id='line_1_81' title="bbox 1751 2660 2749 2724; baseline 0.003 -16"><span class='ocrx_word' id='word_1_388' title='bbox 1751 2660 2029 2722; x_wconf 78' lang='lat' dir='ltr'>Principum</span> <span class='ocrx_word' id='word_1_389' title='bbox 2072 2660 2399 2724; x_wconf 77' lang='lat' dir='ltr'>disciplinans]</span> <span class='ocrx_word' id='word_1_390' title='bbox 2455 2661 2642 2710; x_wconf 87' lang='lat' dir='ltr'>Claud.</span> <span class='ocrx_word' id='word_1_391' title='bbox 2685 2662 2749 2711; x_wconf 82' lang='lat' dir='ltr'>ad</span> 
     </span>
     <span class='ocr_line' id='line_1_82' title="bbox 1684 2738 2750 2799; baseline 0.002 -13"><span class='ocrx_word' id='word_1_392' title='bbox 1684 2738 1850 2787; x_wconf 76' lang='lat' dir='ltr'>Stilic-</span> <span class='ocrx_word' id='word_1_393' title='bbox 1870 2741 1886 2766; x_wconf 80' lang='lat'><strong>⁴</strong></span> <span class='ocrx_word' id='word_1_394' title='bbox 1905 2739 2120 2788; x_wconf 85' lang='lat' dir='ltr'>Scilicet</span> <span class='ocrx_word' id='word_1_395' title='bbox 2146 2740 2195 2786; x_wconf 89' lang='lat' dir='ltr'>iu</span> <span class='ocrx_word' id='word_1_396' title='bbox 2224 2738 2403 2799; x_wconf 74' lang='lat' dir='ltr'>vulgus</span> <span class='ocrx_word' id='word_1_397' title='bbox 2427 2747 2640 2788; x_wconf 86' lang='lat' dir='ltr'>manant</span> <span class='ocrx_word' id='word_1_398' title='bbox 2663 2755 2750 2788; x_wconf 79' lang='lat' dir='ltr'>ex·</span> 
     </span>
     <span class='ocr_line' id='line_1_83' title="bbox 1683 2811 2748 2878; baseline 0.002 -16"><span class='ocrx_word' id='word_1_399' title='bbox 1683 2815 1853 2878; x_wconf 87' lang='lat' dir='ltr'>empla</span> <span class='ocrx_word' id='word_1_400' title='bbox 1877 2811 2186 2877; x_wconf 83' lang='lat' dir='ltr'>regentum.&#39;</span> <span class='ocrx_word' id='word_1_401' title='bbox 2221 2813 2370 2863; x_wconf 82' lang='lat' dir='ltr'>Idem</span> <span class='ocrx_word' id='word_1_402' title='bbox 2385 2813 2523 2876; x_wconf 88' lang='lat' dir='ltr'>apud</span> <span class='ocrx_word' id='word_1_403' title='bbox 2550 2814 2748 2865; x_wconf 82' lang='lat' dir='ltr'>Honor.</span> 
     </span>
     <span class='ocr_line' id='line_1_84' title="bbox 1681 2890 2750 2954; baseline 0.002 -16"><span class='ocrx_word' id='word_1_404' title='bbox 1681 2893 1695 2919; x_wconf 87' lang='lat'>‘</span> <span class='ocrx_word' id='word_1_405' title='bbox 1724 2892 2064 2954; x_wconf 77' lang='lat' dir='ltr'>componitur</span> <span class='ocrx_word' id='word_1_406' title='bbox 2100 2890 2239 2940; x_wconf 87' lang='lat' dir='ltr'>orbis</span> <span class='ocrx_word' id='word_1_407' title='bbox 2280 2890 2435 2947; x_wconf 71' lang='lat' dir='ltr'>Regis</span> <span class='ocrx_word' id='word_1_408' title='bbox 2472 2891 2538 2938; x_wconf 85' lang='lat' dir='ltr'>ad</span> <span class='ocrx_word' id='word_1_409' title='bbox 2573 2905 2750 2940; x_wconf 77' lang='lat' dir='ltr'>exem-</span> 
     </span>
     <span class='ocr_line' id='line_1_85' title="bbox 1683 2966 2749 3030; baseline 0.003 -17"><span class='ocrx_word' id='word_1_410' title='bbox 1683 2966 1860 3030; x_wconf 80' lang='lat' dir='ltr'>plum-⁹</span> <span class='ocrx_word' id='word_1_411' title='bbox 1929 2967 2074 3017; x_wconf 88' lang='lat' dir='ltr'>Idem</span> <span class='ocrx_word' id='word_1_412' title='bbox 2091 2967 2243 3023; x_wconf 69' lang='lat' dir='ltr'>alibi,</span> <span class='ocrx_word' id='word_1_413' title='bbox 2264 2969 2277 2992; x_wconf 80' lang='lat'><strong>⁴</strong></span> <span class='ocrx_word' id='word_1_414' title='bbox 2298 2966 2497 3015; x_wconf 86' lang='lat' dir='ltr'>Mobile</span> <span class='ocrx_word' id='word_1_415' title='bbox 2518 2975 2749 3016; x_wconf 85' lang='lat' dir='ltr'>mutatur</span> 
     </span>
     <span class='ocr_line' id='line_1_86' title="bbox 1681 3041 2747 3107; baseline 0.002 -14"><span class='ocrx_word' id='word_1_416' title='bbox 1681 3060 1886 3105; x_wconf 84' lang='lat' dir='ltr'>semper</span> <span class='ocrx_word' id='word_1_417' title='bbox 1911 3060 2025 3094; x_wconf 89' lang='lat' dir='ltr'>cum</span> <span class='ocrx_word' id='word_1_418' title='bbox 2050 3045 2283 3107; x_wconf 84' lang='lat' dir='ltr'>principe</span> <span class='ocrx_word' id='word_1_419' title='bbox 2306 3041 2519 3107; x_wconf 78' lang='lat' dir='ltr'>vulgus.’</span> <span class='ocrx_word' id='word_1_420' title='bbox 2555 3045 2747 3095; x_wconf 77' lang='lat' dir='ltr'>Eur-eb.</span> 
     </span>
     <span class='ocr_line' id='line_1_87' title="bbox 1683 3118 2748 3183; baseline 0.001 -15"><span class='ocrx_word' id='word_1_421' title='bbox 1683 3122 1747 3169; x_wconf 85' lang='lat' dir='ltr'>de</span> <span class='ocrx_word' id='word_1_422' title='bbox 1774 3123 2064 3183; x_wconf 60' lang='lat' dir='ltr'>Pravparat.</span> <span class='ocrx_word' id='word_1_423' title='bbox 2098 3121 2348 3182; x_wconf 74' lang='lat' dir='ltr'>Evangel.</span> <span class='ocrx_word' id='word_1_424' title='bbox 2367 3120 2455 3168; x_wconf 89' lang='lat' dir='ltr'>lib.</span> <span class='ocrx_word' id='word_1_425' title='bbox 2477 3133 2558 3170; x_wconf 79' lang='lat' dir='ltr'>vi.</span> <span class='ocrx_word' id='word_1_426' title='bbox 2584 3118 2748 3169; x_wconf 69' lang='grc' dir='ltr'><strong><em>ἕπεται</em></strong></span> 
     </span>
     <span class='ocr_line' id='line_1_88' title="bbox 1678 3196 2744 3260; baseline 0.001 -14"><span class='ocrx_word' id='word_1_427' title='bbox 1678 3198 1737 3246; x_wconf 76' lang='grc' dir='ltr'>τὸ</span> <span class='ocrx_word' id='word_1_428' title='bbox 1769 3197 2040 3260; x_wconf 72' lang='grc' dir='ltr'><strong><em>ὑπεξούσιον</em></strong></span> <span class='ocrx_word' id='word_1_429' title='bbox 2062 3199 2131 3259; x_wconf 70' lang='grc' dir='ltr'>τῷ</span> <span class='ocrx_word' id='word_1_430' title='bbox 2165 3196 2465 3258; x_wconf 59' lang='lat' dir='ltr'>ait-retondat·</span> <span class='ocrx_word' id='word_1_431' title='bbox 2483 3196 2655 3246; x_wconf 63' lang='lat' dir='ltr'>‘Adde</span> <span class='ocrx_word' id='word_1_432' title='bbox 2681 3199 2744 3247; x_wconf 78' lang='lat' dir='ltr'>E-</span> 
     </span>
     <span class='ocr_line' id='line_1_89' title="bbox 1683 3273 2747 3337; baseline -0.001 -16"><span class='ocrx_word' id='word_1_433' title='bbox 1683 3290 1832 3337; x_wconf 81' lang='lat' dir='ltr'>vang.</span> <span class='ocrx_word' id='word_1_434' title='bbox 1858 3289 1895 3322; x_wconf 84' lang='lat' dir='ltr'>r.</span> <span class='ocrx_word' id='word_1_435' title='bbox 1938 3282 1992 3323; x_wconf 87' lang='lat' dir='ltr'>et</span> <span class='ocrx_word' id='word_1_436' title='bbox 2031 3288 2107 3323; x_wconf 77' lang='lat' dir='ltr'>vi.</span> <span class='ocrx_word' id='word_1_437' title='bbox 2133 3274 2348 3322; x_wconf 83' lang='lat' dir='ltr'>Petron.</span> <span class='ocrx_word' id='word_1_438' title='bbox 2375 3273 2520 3335; x_wconf 82' lang='lat' dir='ltr'>Lips.</span> <span class='ocrx_word' id='word_1_439' title='bbox 2555 3273 2747 3322; x_wconf 88' lang='lat' dir='ltr'>Monit.</span> 
     </span>
     <span class='ocr_line' id='line_1_90' title="bbox 1682 3350 2751 3413; baseline -0.003 -12"><span class='ocrx_word' id='word_1_440' title='bbox 1682 3353 1797 3401; x_wconf 88' lang='lat' dir='ltr'>Pol.</span> <span class='ocrx_word' id='word_1_441' title='bbox 1821 3366 1940 3413; x_wconf 85' lang='lat' dir='ltr'>cap.</span> <span class='ocrx_word' id='word_1_442' title='bbox 1963 3356 2011 3399; x_wconf 87' lang='grc'>8.</span> <span class='ocrx_word' id='word_1_443' title='bbox 2039 3350 2256 3399; x_wconf 89' lang='lat' dir='ltr'>Gruter.</span> <span class='ocrx_word' id='word_1_444' title='bbox 2293 3350 2533 3398; x_wconf 73' lang='lat' dir='ltr'>Dis-curs.</span> <span class='ocrx_word' id='word_1_445' title='bbox 2561 3363 2680 3413; x_wconf 85' lang='lat' dir='ltr'>cap.</span> <span class='ocrx_word' id='word_1_446' title='bbox 2699 3354 2751 3398; x_wconf 81' lang='grc'><strong>6.</strong></span> 
     </span>
     <span class='ocr_line' id='line_1_91' title="bbox 1679 3425 2746 3489; baseline -0.001 -14"><span class='ocrx_word' id='word_1_447' title='bbox 1679 3435 1735 3475; x_wconf 91' lang='lat' dir='ltr'>et</span> <span class='ocrx_word' id='word_1_448' title='bbox 1760 3429 2010 3476; x_wconf 79' lang='lat' dir='ltr'>rationem</span> <span class='ocrx_word' id='word_1_449' title='bbox 2038 3426 2172 3489; x_wconf 86' lang='lat' dir='ltr'>apud</span> <span class='ocrx_word' id='word_1_450' title='bbox 2205 3426 2387 3474; x_wconf 88' lang='lat' dir='ltr'>Senec.</span> <span class='ocrx_word' id='word_1_451' title='bbox 2412 3425 2581 3474; x_wconf 84' lang='lat' dir='ltr'>Clem.</span> <span class='ocrx_word' id='word_1_452' title='bbox 2606 3438 2674 3476; x_wconf 83' lang='grc' dir='ltr'>ιι.</span> <span class='ocrx_word' id='word_1_453' title='bbox 2697 3428 2746 3475; x_wconf 81' lang='grc'><strong>2.</strong></span> 
     </span>
     <span class='ocr_line' id='line_1_92' title="bbox 1679 3504 1831 3552; baseline -0.013 0"><span class='ocrx_word' id='word_1_454' title='bbox 1679 3504 1831 3552; x_wconf 76' lang='lat' dir='ltr'>Bern-</span> 
     </span>
    </p>

    <p class='ocr_par' dir='ltr' id='par_1_14' title="bbox 1673 3574 2745 4334">
     <span class='ocr_line' id='line_1_93' title="bbox 1747 3574 2745 3641; baseline 0 -14"><span class='ocrx_word' id='word_1_455' title='bbox 1747 3579 2067 3641; x_wconf 79' lang='lat' dir='ltr'>Disciplinam</span> <span class='ocrx_word' id='word_1_456' title='bbox 2089 3574 2276 3638; x_wconf 82' lang='lat' dir='ltr'>capere]</span> <span class='ocrx_word' id='word_1_457' title='bbox 2311 3576 2357 3625; x_wconf 91' lang='lat'>1.</span> <span class='ocrx_word' id='word_1_458' title='bbox 2376 3590 2425 3625; x_wconf 89' lang='lat' dir='ltr'>e.</span> <span class='ocrx_word' id='word_1_459' title='bbox 2452 3578 2635 3640; x_wconf 75' lang='lat' dir='ltr'>vulgus</span> <span class='ocrx_word' id='word_1_460' title='bbox 2650 3579 2745 3628; x_wconf 87' lang='lat' dir='ltr'>eti·</span> 
     </span>
     <span class='ocr_line' id='line_1_94' title="bbox 1678 3651 2742 3717; baseline 0.002 -14"><span class='ocrx_word' id='word_1_461' title='bbox 1678 3669 1759 3703; x_wconf 90' lang='lat' dir='ltr'>am</span> <span class='ocrx_word' id='word_1_462' title='bbox 1805 3669 1970 3717; x_wconf 79' lang='lat' dir='ltr'>capax</span> <span class='ocrx_word' id='word_1_463' title='bbox 2006 3659 2088 3701; x_wconf 88' lang='lat' dir='ltr'>est</span> <span class='ocrx_word' id='word_1_464' title='bbox 2123 3651 2547 3702; x_wconf 81' lang='lat' dir='ltr'>accommodandi</span> <span class='ocrx_word' id='word_1_465' title='bbox 2583 3669 2641 3704; x_wconf 89' lang='lat' dir='ltr'>se</span> <span class='ocrx_word' id='word_1_466' title='bbox 2678 3656 2742 3705; x_wconf 88' lang='lat' dir='ltr'>ad</span> 
     </span>
     <span class='ocr_line' id='line_1_95' title="bbox 1677 3730 2744 3796; baseline 0 -14"><span class='ocrx_word' id='word_1_467' title='bbox 1677 3732 1972 3796; x_wconf 85' lang='lat' dir='ltr'>principum</span> <span class='ocrx_word' id='word_1_468' title='bbox 2008 3730 2354 3793; x_wconf 86' lang='lat' dir='ltr'>disciplinam,</span> <span class='ocrx_word' id='word_1_469' title='bbox 2389 3731 2649 3787; x_wconf 83' lang='lat' dir='ltr'>instituta.</span> <span class='ocrx_word' id='word_1_470' title='bbox 2688 3739 2744 3782; x_wconf 87' lang='lat' dir='ltr'>et</span> 
     </span>
     <span class='ocr_line' id='line_1_96' title="bbox 1676 3806 2744 3871; baseline 0.003 -15"><span class='ocrx_word' id='word_1_471' title='bbox 1676 3807 2119 3857; x_wconf 83' lang='lat' dir='ltr'>consuetudinem.</span> <span class='ocrx_word' id='word_1_472' title='bbox 2187 3806 2401 3856; x_wconf 80' lang='lat' dir='ltr'>Scilicet</span> <span class='ocrx_word' id='word_1_473' title='bbox 2443 3823 2610 3871; x_wconf 80' lang='lat' dir='ltr'>capere</span> <span class='ocrx_word' id='word_1_474' title='bbox 2650 3811 2744 3859; x_wconf 85' lang='lat' dir='ltr'>bac</span> 
     </span>
     <span class='ocr_line' id='line_1_97' title="bbox 1675 3884 2742 3940; baseline 0.004 -6"><span class='ocrx_word' id='word_1_475' title='bbox 1675 3888 1882 3934; x_wconf 85' lang='lat' dir='ltr'>notione</span> <span class='ocrx_word' id='word_1_476' title='bbox 1910 3884 2045 3933; x_wconf 89' lang='lat' dir='ltr'>idem</span> <span class='ocrx_word' id='word_1_477' title='bbox 2073 3892 2240 3940; x_wconf 84' lang='lat' dir='ltr'>notat,</span> <span class='ocrx_word' id='word_1_478' title='bbox 2269 3898 2331 3933; x_wconf 88' lang='lat' dir='ltr'>ac</span> <span class='ocrx_word' id='word_1_479' title='bbox 2356 3885 2600 3934; x_wconf 79' lang='lat' dir='ltr'>idoneum</span> <span class='ocrx_word' id='word_1_480' title='bbox 2628 3902 2742 3938; x_wconf 87' lang='lat' dir='ltr'>ease</span> 
     </span>
     <span class='ocr_line' id='line_1_98' title="bbox 1678 3959 2743 4025; baseline 0.002 -14"><span class='ocrx_word' id='word_1_481' title='bbox 1678 3963 1740 4011; x_wconf 88' lang='lat' dir='ltr'>ad</span> <span class='ocrx_word' id='word_1_482' title='bbox 1788 3962 1980 4025; x_wconf 84' lang='lat' dir='ltr'>aliquid</span> <span class='ocrx_word' id='word_1_483' title='bbox 2027 3960 2405 4022; x_wconf 84' lang='lat' dir='ltr'>recipiendum,</span> <span class='ocrx_word' id='word_1_484' title='bbox 2449 3959 2743 4018; x_wconf 82' lang='lat' dir='ltr'>ferendum,</span> 
     </span>
     <span class='ocr_line' id='line_1_99' title="bbox 1673 4037 2741 4102; baseline 0.002 -14"><span class='ocrx_word' id='word_1_485' title='bbox 1673 4037 2051 4095; x_wconf 81' lang='lat' dir='ltr'>sustinendum,</span> <span class='ocrx_word' id='word_1_486' title='bbox 2072 4045 2125 4085; x_wconf 88' lang='lat' dir='ltr'>et</span> <span class='ocrx_word' id='word_1_487' title='bbox 2158 4037 2428 4086; x_wconf 81' lang='lat' dir='ltr'>utendum.</span> <span class='ocrx_word' id='word_1_488' title='bbox 2464 4038 2631 4102; x_wconf 83' lang='lat' dir='ltr'>Cujus</span> <span class='ocrx_word' id='word_1_489' title='bbox 2655 4054 2741 4090; x_wconf 85' lang='lat' dir='ltr'>no·</span> 
     </span>
     <span class='ocr_line' id='line_1_100' title="bbox 1673 4112 2742 4177; baseline 0.001 -11"><span class='ocrx_word' id='word_1_490' title='bbox 1673 4118 1824 4166; x_wconf 87' lang='lat' dir='ltr'>tionis</span> <span class='ocrx_word' id='word_1_491' title='bbox 1849 4116 2089 4177; x_wconf 82' lang='lat' dir='ltr'>exempla</span> <span class='ocrx_word' id='word_1_492' title='bbox 2107 4112 2243 4177; x_wconf 86' lang='lat' dir='ltr'>apud</span> <span class='ocrx_word' id='word_1_493' title='bbox 2266 4115 2447 4164; x_wconf 72' lang='lat' dir='ltr'>Senec.</span> <span class='ocrx_word' id='word_1_494' title='bbox 2466 4115 2742 4167; x_wconf 72' lang='lat' dir='ltr'>val-Max.</span> 
     </span>
     <span class='ocr_line' id='line_1_101' title="bbox 1673 4190 2742 4254; baseline 0.001 -12"><span class='ocrx_word' id='word_1_495' title='bbox 1673 4201 1729 4242; x_wconf 87' lang='lat' dir='ltr'>et</span> <span class='ocrx_word' id='word_1_496' title='bbox 1770 4191 2003 4254; x_wconf 87' lang='lat' dir='ltr'>inprimis</span> <span class='ocrx_word' id='word_1_497' title='bbox 2049 4190 2303 4252; x_wconf 87' lang='lat' dir='ltr'>Curtium,</span> <span class='ocrx_word' id='word_1_498' title='bbox 2336 4200 2652 4252; x_wconf 61' lang='lat' dir='ltr'>occurs-unu</span> <span class='ocrx_word' id='word_1_499' title='bbox 2693 4208 2742 4243; x_wconf 76' lang='lat' dir='ltr'>v-</span> 
     </span>
     <span class='ocr_line' id='line_1_102' title="bbox 1674 4263 2738 4334; baseline 0.004 -16"><span class='ocrx_word' id='word_1_500' title='bbox 1674 4283 1723 4334; x_wconf 66' lang='grc' dir='ltr'><strong>ς.</strong></span> <span class='ocrx_word' id='word_1_501' title='bbox 1747 4268 1895 4319; x_wconf 88' lang='lat' dir='ltr'>Curt.</span> <span class='ocrx_word' id='word_1_502' title='bbox 1917 4277 1994 4317; x_wconf 80' lang='lat' dir='ltr'>tv.</span> <span class='ocrx_word' id='word_1_503' title='bbox 2018 4269 2067 4314; x_wconf 81' lang='lat'>5.</span> <span class='ocrx_word' id='word_1_504' title='bbox 2092 4270 2143 4314; x_wconf 77' lang='lat'>2.</span> <span class='ocrx_word' id='word_1_505' title='bbox 2164 4266 2178 4290; x_wconf 91' lang='lat'>‘</span> <span class='ocrx_word' id='word_1_506' title='bbox 2200 4264 2339 4315; x_wconf 81' lang='lat' dir='ltr'>Nihil</span> <span class='ocrx_word' id='word_1_507' title='bbox 2359 4263 2623 4318; x_wconf 84' lang='lat' dir='ltr'>difficilius</span> <span class='ocrx_word' id='word_1_508' title='bbox 2648 4278 2738 4331; x_wconf 74' lang='lat' dir='ltr'>est.</span> 
     </span>
    </p>
   </div>
  </div>
 </body>
</html>
