3060 4902
550 326 682 392 ¹706

543 495 698 547 quarn
728 480 1034 544 particulam
1056 481 1198 543 sicut,
1221 481 1306 531 hic
1328 482 1495 531 locum
1519 480 1612 531 ob-

545 560 715 608 tinere
739 558 951 607 debere.
1018 558 1150 609 Quoe
1185 558 1484 621 conjectura
1517 558 1615 606 eti·

547 649 629 684 am
666 634 864 698 placuit
899 634 1248 684 Rittershusio
1283 642 1339 683 et
1364 634 1613 683 Grutero.

545 713 703 763 Nunc
727 725 849 760 vero
869 710 1268 774 comprobandae
1294 710 1412 759 huic
1439 724 1613 759 emen·

540 788 745 837 dationi
790 788 1016 852 vestigia
1068 786 1351 836 ostendunt
1406 786 1612 836 codices

544 865 676 914 Mss.
702 865 963 926 Vaticani,
986 865 1222 914 Venetus
1244 869 1294 914 2.
1314 864 1612 928 Guelpber·

545 941 798 1005 bytanus,
834 956 895 991 ac
932 949 1142 1003 noster3
1180 941 1231 990 in
1266 941 1451 1005 quibus
1488 941 1613 1004 legi·

539 1034 654 1069 mus
677 1020 804 1076 Scis,
827 1024 882 1069 ιιι
910 1022 1009 1068 sint
1032 1020 1219 1069 diversa
1250 1025 1442 1067 nutura.
1508 1018 1614 1067 lm.

540 1111 625 1146 mo
661 1110 834 1144 veram
872 1096 1153 1144 lectionem
1191 1094 1390 1157 plenius
1424 1092 1611 1143 confir·

541 1179 650 1221 mat
672 1172 842 1221 codex
866 1171 1195 1233 Parisiensis,
1212 1171 1265 1219 in
1290 1185 1390 1235 quo
1412 1171 1609 1219 diserte

539 1249 793 1312 scriptum
819 1257 899 1297 est
925 1249 1054 1304 Scis,
1077 1254 1131 1298 ut
1162 1253 1271 1297 suut
1303 1248 1490 1297 diversa
1523 1262 1611 1298 nu·

541 1330 670 1375 tum.
734 1325 898 1374 Simili
930 1326 1127 1374 ratione
1161 1325 1391 1389 loquitur
1414 1323 1608 1376 Quinc·

539 1402 617 1450 til.
653 1402 830 1453 Instit.
856 1403 952 1452 Or.
986 1416 1072 1452 tx.
1095 1410 1143 1453 4.
1176 1402 1363 1464 ‘Haec,
1399 1409 1455 1451 nt
1487 1410 1608 1453 snnt

537 1478 743 1526 diversa
797 1486 1003 1540 natura,
1048 1479 1349 1528 dissimilem
1395 1493 1606 1542 compo·

536 1554 695 1604 nendi
732 1570 938 1621 quoque
985 1557 1237 1606 rationem
1276 1555 1611 1607 desiderant-⁹

539 1631 693 1681 Idem.

603 1709 729 1772 Scis,
761 1714 812 1757 at
850 1715 960 1758 sunt
996 1708 1207 1772 diversa]
1249 1708 1358 1757 Scis
1391 1713 1444 1757 at
1480 1710 1605 1758 sicut

538 1787 726 1834 diversa
751 1786 917 1834 Livin.
953 1787 1002 1835 in
1039 1794 1221 1846 textu3
1258 1786 1347 1834 sed
1385 1787 1436 1834 in
1470 1800 1604 1834 mar·

537 1863 678 1924 gine,
702 1860 872 1911 ‘forte
898 1862 1043 1912 sunt?
1092 1863 1282 1913 Probe.
1323 1863 1560 1912 Ritterslt.

602 1939 814 1987 Diversa
847 1939 1047 2002 nutura]
1079 1939 1275 1988 Tiberii
1312 1938 1507 1988 dictum
1543 1954 1604 1989 ea

534 2022 744 2063 mente:
780 2018 795 2043 ⁴
816 2015 1094 2064 Dominum
1122 2030 1177 2065 se
1204 2030 1489 2077 servorum,
1510 2016 1604 2065 im-

534 2099 831 2155 peratorem
878 2093 1095 2141 militum
1135 2106 1267 2153 esse,
1314 2092 1603 2156 principem

535 2165 865 2216 ceterorum.'
932 2168 1187 2231 Princeps
1219 2168 1374 2231 igitur
1410 2168 1599 2217 libero·

536 2258 665 2292 rum.
701 2244 838 2307 Lips.

601 2320 731 2380 Scis,
766 2325 819 2369 ut
853 2326 966 2369 suat
1005 2320 1215 2384 diversa]
1265 2320 1386 2369 Non
1425 2320 1605 2385 inepte

536 2396 848 2461 conjiciebat
878 2396 1159 2453 Livineius,
1183 2397 1278 2444 scis
1304 2403 1355 2445 ut
1387 2405 1497 2447 sunt
1529 2398 1601 2448 di·

531 2475 782 2534 venustt-
850 2472 1001 2523 Quod
1028 2480 1083 2522 et
1106 2475 1157 2521 iu
1183 2483 1407 2523 mentem
1429 2477 1601 2526 venie·

535 2549 626 2597 bat
649 2549 847 2609 optimo
873 2549 1175 2610 Bongarsio.
1215 2550 1360 2598 Grut.

596 2625 897 2679 Dominatio,
920 2630 964 2672 et
991 2625 1315 2690 principatus]
1355 2628 1600 2677 Domina·

534 2700 608 2747 tio
643 2709 726 2748 est
762 2700 1010 2748 malorum
1050 2702 1363 2764 principum,
1397 2703 1464 2752 de
1488 2705 1598 2768 qni-

535 2775 627 2824 bus
649 2775 759 2838 jam
797 2774 1015 2838 dictum,
1044 2776 1180 2839 quod
1217 2775 1411 2826 domiui
1450 2793 1598 2828 voca·

531 2849 754 2912 bantnr;
791 2852 1111 2915 principatus
1153 2859 1325 2901 autem
1366 2853 1481 2902 boni
1517 2863 1598 2904 est

532 2929 879 2993 imperatoris,
901 2930 987 2993 qui
1013 2943 1111 2977 non
1148 2938 1392 2994 tanquam
1417 2933 1598 2995 servis,

531 3006 622 3054 aed
664 3013 908 3070 tanquam
945 3004 1140 3068 liberis,
1170 3006 1409 3070 imperat.
1445 3010 1597 3057 Puta-

530 3085 619 3131 rol.

596 3158 857 3206 Dominum
891 3157 1180 3220 graventur]
1221 3158 1252 3208 i.
1288 3173 1338 3208 e.
1377 3169 1592 3222 gravate

528 3233 721 3293 ferant,
766 3240 858 3281 ant
904 3233 1013 3296 pati
1056 3242 1315 3283 recusent.
1395 3235 1593 3286 Omnes

527 3310 647 3359 libri
706 3309 959 3372 impressi,
1007 3325 1107 3359 una
1151 3326 1265 3361 cum
1323 3313 1592 3363 codicibus

529 3388 657 3437 Mss.
692 3386 993 3448 Parisieusi,
1029 3395 1246 3451 utroque
1273 3388 1502 3449 Veneto,
1537 3397 1593 3439 et

528 3477 662 3526 meo,
694 3463 993 3526 conspirant
1030 3463 1079 3510 in
1115 3464 1246 3512 hanc
1281 3465 1592 3526 lectionem;

529 3552 725 3598 verum,
779 3540 831 3586 in
889 3538 1153 3587 codicibus
1194 3539 1481 3597 Vaticanis,
1537 3551 1592 3592 et

527 3614 1011 3676 Guelpberbytano,
1047 3621 1193 3663 extat
1234 3616 1443 3664 dominio
1474 3632 1589 3678 gra.

526 3695 712 3738 ventur.
776 3690 839 3739 ln
886 3690 1263 3754 salisburgensi
1312 3707 1407 3755 per
1451 3709 1591 3744 com-

527 3770 771 3833 pendium
808 3771 1058 3834 scriptum
1090 3779 1170 3820 est
1191 3759 1283 3820 ἆῖο
1308 3777 1590 3832 graventur.

526 3848 646 3897 Non
673 3845 803 3895 adeo
821 3848 871 3896 in
897 3847 1079 3897 codice
1104 3846 1334 3910 Gnelph.
1358 3856 1416 3896 ut
1442 3856 1594 3898 notat

525 3922 860 3979 Arntzenins,
905 3924 996 3973 sed
1047 3925 1099 3973 in
1141 3923 1277 3973 libro
1315 3924 1592 3988 vossiano,

1659 798 1878 848 gravor
1922 786 2253 846 praesentiam
2301 787 2486 836 tuam.’

1244 339 1465 390 NOTAE
1512 340 1607 388 vA
1623 339 1923 389 monum
1979 342 2062 390 m

1686 488 1701 510 ·
1722 486 1806 530 est
1827 494 1968 544 egre
1993 478 2325 546 graviterque
2349 480 2508 533 ferre.
2573 483 2644 533 Et
2662 483 2759 534 bac

1685 557 1978 607 elocutione
2004 572 2106 607 uon
2142 558 2240 606 uisi
2276 573 2370 621 per
2403 561 2756 611 accusativum

1688 635 1901 693 utimur,
1924 639 1980 682 ut
2016 633 2092 682 sic
2127 633 2299 684 dicas:
2338 635 2542 685 Gravor
2566 638 2758 687 adveu-

1689 717 1798 759 tum
1823 715 1989 770 tuum,
2008 709 2058 758 id
2082 717 2182 768 est,
2206 712 2436 773 graviter
2460 711 2592 774 fero,
2611 714 2756 783 item,

2554 788 2755 839 Hacte-

1684 875 1781 909 nus
1811 860 2048 911 Servius.
2113 860 2203 911 Sic
2221 876 2345 911 vero
2362 868 2416 912 et
2438 864 2638 914 Lucan.
2655 878 2756 915 vu.

1684 939 1801 987 284.
1844 929 2090 1001 loquitur,
2123 944 2137 966 ‘
2160 938 2415 988 Romanoa
2451 939 2612 991 odere
2647 956 2754 992 om·

1688 1026 1798 1076 nes,
1818 1011 2157 1077 dominosque
2178 1015 2498 1078 gravantur.'
2538 1018 2754 1069 Sueton.

1688 1089 1866 1140 Vitell.
1889 1105 1935 1141 c.
1955 1095 2034 1140 12.
2059 1098 2073 1119 ⁸
2093 1090 2382 1142 Asiaticum
2403 1093 2668 1158 libertum,
2687 1095 2754 1147 ob

1686 1165 1893 1216 nimiam
1915 1168 2294 1219 contumaciam
2320 1177 2376 1219 et
2400 1168 2754 1234 ferocitatem,

1685 1243 1960 1306 gravatus.'
2028 1244 2117 1295 Sic
2151 1253 2208 1296 et
2239 1246 2434 1297 Justin.
2472 1261 2684 1300 xxxix.
2705 1254 2755 1299 4.

1687 1319 1780 1374 ait,
1814 1321 1829 1348 ‘
1854 1319 1929 1370 At
1957 1320 2008 1368 in
2035 1321 2265 1386 AEgypto
2290 1324 2597 1386 Cleopatra,
2634 1339 2751 1375 cum

1684 1407 1996 1458 gravaretur
2022 1398 2220 1447 socium
2256 1403 2415 1462 regui,
2439 1400 2599 1449 filium
2625 1401 2752 1451 Pto·

1682 1473 1954 1532 lemaeum‚’
1979 1474 2013 1522 i.
2032 1489 2079 1524 e.
2102 1490 2203 1524 non
2223 1474 2401 1525 ferret.
2466 1476 2658 1540 Immo,
2677 1480 2753 1530 sic

1683 1550 1841 1599 etiam
1867 1550 1978 1614 ipse
2002 1551 2141 1600 Plin.
2159 1552 2325 1615 Epist.
2349 1566 2438 1604 ιιι.
2456 1556 2533 1602 18.
2554 1554 2751 1606 ‘Quam

1682 1628 1952 1677 materiam
1978 1628 2031 1677 in
2056 1637 2243 1677 senatu
2270 1643 2495 1693 quoqne,
2519 1630 2608 1679 nbi
2635 1644 2752 1694 per·

1681 1705 1792 1767 peti
1821 1719 2033 1754 necesse
2069 1714 2201 1768 erat,
2225 1708 2429 1769 gravari
2465 1715 2641 1757 tamen
2667 1710 2752 1759 vel

1680 1788 1874 1843 puncto
1916 1782 2164 1845 temporis
2209 1783 2544 1833 solebamua’
2611 1785 2749 1835 Vide

1679 1855 1748 1905 de
1793 1857 1890 1907 hoc
1936 1859 2093 1908 verbo
2135 1859 2369 1909 Gronov.
2422 1861 2487 1909 ad
2530 1861 2750 1912 Seneca

1678 1934 1958 1998 Thyesten,
1984 1949 2057 1983 va.
2083 1940 2195 1985 106.
2240 1936 2484 1986 Scitam-2.

1741 2011 1883 2062 Secta
1915 2014 2055 2077 vitoe]
2103 2013 2138 2062 i.
2179 2028 2226 2062 e.
2265 2015 2445 2077 regula
2483 2023 2540 2065 et
2582 2030 2749 2079 genna

1680 2086 1821 2143 vitae,
1846 2089 1975 2136 ratio
2000 2097 2055 2137 et
2080 2089 2262 2138 modus
2284 2089 2492 2140 vivendi
2513 2106 2530 2152 ς
2567 2102 2751 2155 postea

1677 2162 1740 2210 ad
1764 2162 2068 2226 disciplinas
2093 2164 2512 2230 philosophorum
2544 2183 2749 2219 accom-

1678 2239 1933 2288 modatur.
2001 2242 2112 2291 Cic.
2159 2256 2254 2305 pro
2301 2243 2481 2293 Rabir.
2533 2259 2651 2309 cap.
2696 2251 2749 2296 8.

1678 2316 1692 2342 ‘
1715 2316 1881 2366 Quam
1922 2318 2128 2368 tandem
2167 2322 2554 2386 auctoritatem,
2589 2339 2746 2388 quam

1679 2406 1874 2456 vocem,
1895 2395 2045 2459 cujus
2075 2404 2271 2446 sectam
2295 2400 2457 2464 aequi,
2479 2401 2631 2465 cujus
2654 2402 2750 2453 im·

1678 2471 1821 2532 perio
1879 2486 2067 2535 parere
2122 2475 2465 2538 potissimum,
2515 2480 2677 2529 velles
2697 2482 2716 2530 θ
2735 2479 2749 2501 ’

1677 2548 1823 2595 Idem
1850 2549 2001 2599 Verr.
2030 2564 2082 2600 v.
2115 2555 2200 2601 70.
2233 2556 2249 2581 ⁴
2271 2552 2404 2604 Haec
2440 2555 2626 2608 eadem
2662 2564 2746 2608 est

1675 2631 1869 2672 nostrae
1907 2626 2117 2675 rationis
2150 2627 2291 2692 regio
2322 2637 2381 2678 et
2411 2631 2525 2692 νίας
2561 2632 2744 2683 borum

1674 2712 1768 2747 nos
1791 2700 2053 2749 hominnm
2077 2710 2273 2752 sectam
2310 2711 2466 2770 atque
2499 2707 2746 2758 instituta

1676 2777 2074 2841 persequimur.'
2139 2779 2289 2829 Idem
2324 2796 2419 2844 pro
2453 2783 2586 2833 cml.
2622 2799 2741 2848 cap.

1676 2856 1755 2899 15.
1790 2860 1804 2881 ‘
1828 2867 1919 2902 nos
1959 2854 2092 2904 hanc
2135 2862 2333 2905 sectam
2381 2858 2740 2924 rationemque

1672 2929 1815 2985 vitae,
1858 2943 1915 2978 re
1951 2931 2136 2993 magis,
2159 2946 2313 2995 quam
2350 2933 2538 2996 verbis,
2570 2937 2738 2986 secuti

1671 3018 1863 3054 sumus.
1889 3004 1901 3024 ⁹
1992 3007 2196 3057 Plinius
2244 3007 2380 3057 infra
2430 3024 2643 3061 mxxxv-
2688 3016 2739 3062 7.

1667 3082 1921 3133 ‘Placeat
1976 3084 2074 3135 tibi
2129 3100 2338 3150 semper
2391 3087 2503 3155 haic
2544 3090 2737 3141 secta-⁸

1735 3235 1874 3299 Ideo]
1910 3238 2117 3301 Fateor,
2136 3238 2189 3288 in
2224 3240 2492 3291 codicibus
2527 3241 2654 3291 Mss.
2680 3248 2735 3293 et

1669 3312 1865 3376 aliquot
1923 3314 2188 3378 impressis
2254 3323 2374 3366 aute
2427 3317 2732 3369 adverbium

1667 3389 1790 3447 ideo,
1830 3390 1960 3451 poni·
1998 3391 2302 3453 particulam
2337 3399 2421 3450 εἰς
2468 3408 2567 3445 nec
2604 3396 2733 3445 lianc

1669 3464 1777 3513 ullo
1800 3464 1954 3513 modo
1978 3465 2093 3516 loco
2116 3458 2423 3517 movendam
2445 3483 2738 3523 censerem,

1669 3539 1766 3588 nisi
1807 3555 1926 3590 mox
1963 3543 2127 3591 altera
2164 3543 2411 3606 periodus
2449 3545 2516 3594 ab
2551 3547 2731 3597 eadem

1667 3615 1925 3680 particula
1943 3615 2239 3683 exordiens,
2256 3620 2323 3668 Et
2337 3621 2548 3683 alioqui·
2562 3624 2734 3686 nmis,

1665 3700 1988 3757 sequeretur.
2052 3695 2123 3745 Et
2146 3694 2189 3744 si
2213 3696 2297 3744 vel
2319 3699 2542 3747 maxime
2568 3715 2597 3747 a
2626 3699 2736 3749 Pli-

1667 3770 1753 3818 nio
1780 3771 1977 3821 venerit
2004 3779 2222 3836 utraque
2247 3773 2506 3835 particula
2521 3781 2597 3834 et,-
2619 3790 2733 3826 cre·

1667 3845 1733 3894 do
1761 3854 1955 3909 tamen,
1975 3861 2094 3896 eum
2130 3848 2316 3911 ipsum.
2337 3850 2381 3898 si
2407 3850 2626 3914 ingrate
2649 3866 2736 3901 re·v

1668 3922 1933 3984 petitionis
1956 3923 2252 3973 admonitus
2271 3923 2479 3986 fuisset,
2494 3926 2631 3976 illam
2650 3942 2730 3977 re·

524 3999 780 4061 scriptum
816 4005 897 4047 est
933 4000 1174 4048 dominam
1208 4012 1408 4060 gravem
1441 3999 1595 4060 gerit.
1655 3996 1921 4060 jecturnm
1956 3998 2136 4049 fuisse.
2205 4000 2492 4051 Aunotarit
2518 4003 2730 4053 Arntse·

524 4074 881 4123 Veruntamen
905 4075 1030 4123 nihil
1056 4089 1265 4137 prorsus
1292 4076 1593 4125 mutandum

524 4155 609 4198 eat
642 4151 695 4198 in
721 4151 934 4215 vulgata
968 4152 1216 4201 lectione.
1280 4151 1491 4200 Servius
1523 4150 1592 4200 ad

526 4222 718 4297 Virgil.
738 4226 855 4277 AEu.
878 4231 1065 4277 x.628.
1088 4228 1104 4258 ‘
1120 4226 1381 4291 Gravari‚'
1403 4227 1591 4292 iuquit,

1666 4074 1799 4130 nius,
1833 4081 1954 4124 ante
1986 4075 2109 4139 ideo,
2139 4076 2451 4140 particulam
2483 4086 2533 4130 et
2575 4094 2726 4130 exsu-

1667 4150 1770 4199 lare
1795 4151 2014 4214 jnssisse
2050 4153 2381 4216 Asceusium,
2414 4155 2725 4221 Gryphium,

1669 4225 1975 4294 Hesi-nium,
1990 4228 2192 4281 indicta
2214 4243 2415 4283 anua.
2472 4232 2579 4283 Sed
2599 4244 2727 4298 pute
