3060 4902
459 361 590 429 778

1153 372 1372 422 No'rAE
1421 371 1831 420 vAtuoltust
1880 371 1958 420 IN

460 531 520 571 ut
539 519 750 571 lascivia
773 518 1066 583 verborum,
1094 525 1150 568 et
1173 519 1389 568 levitate
1405 531 1520 566 seu·
1595 518 1734 578 Deo,
1752 529 1969 578 nsquam
1983 521 2040 565 ut
2051 512 2521 570 numini,blandiri.
2549 511 2667 563 Ali-

461 598 757 653 tentiarum,
795 604 848 645 et
882 596 1096 645 licentia
1118 595 1522 657 compositionis,

461 676 792 725 ltistrionales
809 674 985 724 modos
1004 673 1319 737 exprimant.
1344 671 1521 724 Quod-

460 766 560 814 que
575 753 663 800 vix
683 751 863 800 auditu
888 749 969 799 fas
992 764 1107 799 esse
1120 748 1332 804 debeat,
1355 747 1523 797 laudis

461 837 515 877 et
536 829 715 891 gloriae
739 835 795 876 et
820 828 1013 891 ingenii
1034 828 1148 876 loco
1168 825 1404 890 plerique
1418 825 1524 888 jac·

462 913 590 966 tant,
608 906 802 955 cantari
828 905 1110 968 saltarique
1126 904 1522 952 commentarios

463 981 623 1038 suos,’
642 986 743 1030 &1:-
777 982 929 1031 Idem.

528 1058 858 1122 Snunrentur]
899 1058 941 1106 Α
965 1056 1311 1122 pantomimis.
1346 1056 1484 1116 Lips.

524 1134 857 1198 Effeminntt‘s]
883 1135 1017 1184 Sunt
1039 1148 1181 1189 sane,
1200 1141 1253 1182 et
1268 1130 1520 1196 quidquid

464 1209 529 1258 ad
561 1210 868 1268 histriones3
903 1222 1029 1272 quos
1062 1207 1179 1257 ideo
1201 1210 1216 1236 ‘
1238 1209 1416 1256 molles
1449 1207 1524 1254 vi-

466 1301 548 1335 ros
566 1286 580 1309 ’
605 1286 782 1335 Livius
806 1284 926 1335 aiibi
953 1285 1204 1347 appellat.
1242 1284 1391 1333 Idem.

528 1364 589 1412 Iu
612 1370 780 1413 senatu
798 1368 843 1411 et
868 1362 1030 1423 scena]
1056 1361 1238 1410 Celeb.
1259 1361 1524 1410 Heuman-

463 1454 577 1501 nus,
601 1440 652 1487 in
676 1438 1102 1488 annotationibus
1135 1439 1263 1487 Mss.
1288 1438 1449 1486 voluit
1469 1447 1525 1487 ut

462 1518 560 1564 ista
586 1515 744 1564 verba
780 1515 916 1564 bunc
948 1515 998 1563 in
1036 1514 1244 1563 modum
1287 1521 1523 1577 transpo-

462 1600 673 1653 nantur,
696 1594 854 1641 eodem
872 1596 1096 1652 tempore,
1133 1596 1182 1639 et
1209 1592 1261 1637 in
1297 1605 1432 1638 scena
1466 1590 1526 1638 nb

463 1670 709 1724 Marione,
735 1676 781 1716 et
803 1670 853 1716 ἐκ
872 1674 1042 1717 senatu
1077 1683 1107 1714 n
1136 1668 1339 1726 consule,
1361 1669 1527 1715 lauda-

461 1745 648 1795 bantur.
699 1744 801 1794 Sed
826 1745 1034 1806 elegans
1054 1750 1107 1791 et
1129 1742 1382 1791 Plinianae
1405 1757 1526 1790 con·

462 1821 701 1870 cinnitati
723 1832 1011 1882 congruens
1028 1828 1105 1868 est
1120 1820 1335 1881 vulgata
1349 1819 1526 1867 borum

464 1897 737 1944 verborum
761 1896 1053 1956 collocatio,
1079 1895 1164 1944 cni
1189 1902 1243 1943 et
1266 1895 1447 1943 similis
1473 1895 1526 1942 in

464 1971 562 2019 hoc
587 1971 895 2033 ipsocapite
916 1971 1179 2020 occurrit:
1204 1972 1219 1997 ‘
1240 1970 1526 2032 Incipimus

462 2046 602 2102 iade,
623 2046 907 2095 desinimus
934 2046 1004 2094 ibi
1028 2062 1042 2105 ;
1078 2060 1105 2095 a
1134 2059 1235 2109 quo
1259 2047 1434 2107 incipi,
1474 2047 1525 2095 iu

463 2137 564 2187 quo
585 2122 880 2178 desiui,sub
906 2122 1003 2171 alio
1029 2124 1265 2186 principe
1292 2137 1387 2170 non
1410 2137 1527 2185 pos·

464 2199 580 2248 set.’
645 2199 797 2251 Quod
823 2200 866 2248 si
886 2207 1195 2263 transponas
1231 2201 1328 2250 ista
1349 2200 1528 2261 verba,

462 2291 565 2324 nou
585 2291 764 2339 parum
784 2276 1065 2325 venustatis
1088 2275 1284 2326 adimes
1305 2278 1527 2328 orationi

466 2352 745 2401 Plinianoe.
777 2351 1023 2402 Schmun.

496 2426 764 2489 Aconsule]
783 2428 907 2490 Ipsa
921 2429 1201 2492 gratiarnm
1213 2429 1434 2479 solleuni
1447 2443 1533 2479 ac·

465 2504 624 2564 tione,
635 2507 837 2567 qualem
853 2504 1049 2552 Plinius
1064 2520 1201 2553 nunc
1215 2506 1533 2567 habet-Lips.

534 2581 606 2628 Ta
641 2582 807 2641 poculo
849 2595 881 2627 n
922 2580 994 2627 tui
1028 2582 1176 2640 cultu,
1217 2586 1270 2629 ta
1307 2579 1536 2642 ludicras]

467 2658 596 2706 Cunu
620 2655 683 2703 ad
707 2656 842 2705 hunc
868 2671 1029 2720 usque
1052 2658 1187 2703 diem
1219 2657 1271 2705 in
1289 2657 1532 2706 omuibus

466 2734 611 2781 libris
641 2732 908 2795 impressis
941 2733 1093 2795 hujus
1124 2734 1322 2796 Paneg.
1345 2735 1535 2795 legeri-

467 2824 580 2858 mus
628 2809 702 2857 Tu
740 2810 907 2872 procat
954 2824 986 2856 n
1035 2809 1109 2857 tus*
1151 2810 1282 2858 caua
1322 2811 1535 2858 ludicras

464 2892 594 2935 artes
605 2885 865 2946 removisti,
878 2900 975 2949 ego
991 2886 1119 2948 prim
1127 2900 1183 2934 us
1200 2887 1332 2935 banc
1347 2900 1529 2935 novam

468 2964 741 3014 lectionem
765 2978 794 3012 e
817 2962 1084 3012 codicibus
1098 2962 1227 3011 Mas.
1248 2970 1305 3011 et
1322 2962 1529 3025 quidem

468 3055 568 3091 non
587 3047 787 3090 tantum
809 3054 942 3099 meo,
958 3040 1049 3088 sed
1069 3040 1225 3088 etiam
1240 3040 1364 3088 Vat.
1381 3043 1529 3088 3461.

465 3126 625 3183 atque
649 3118 1135 3181 Guelpberbytano,
1150 3118 1206 3165 in
1221 3117 1387 3165 lucem
1413 3130 1530 3177 pro·

465 3195 597 3255 fero,
630 3198 941 3259 dignamque
985 3194 1168 3250 babeo,
1204 3209 1316 3257 quos
1356 3194 1532 3244 Plinio

467 3274 797 3323 restituatur.
865 3271 1127 3320 Convenit
1150 3271 1287 3320 euim
1322 3273 1533 3321 omnino

470 3348 743 3397 senteutiae
766 3348 1007 3403 oratoris,
1044 3347 1304 3396 laudantis
1327 3347 1530 3397 modes-

468 3425 592 3474 tiam
608 3425 844 3487 Trajani,
867 3425 954 3489 qui
982 3425 1150 3474 noluit
1174 3439 1359 3473 nomeu
1384 3439 1530 3473 suum

467 3501 753 3562 laudesque
814 3501 953 3549 inter
1019 3501 1411 3550 comissationes
1463 3500 1530 3549 ab

468 3575 821 3625 adulatoribus
845 3574 1132 3637 celebrari;
1157 3582 1245 3629 aut
1279 3583 1426 3624 certe
1451 3590 1530 3624 re-

466 3651 684 3711 cusavit,
711 3649 806 3696 sibi
841 3650 1070 3699 divinum
1095 3651 1359 3707 bonorem,
1394 3653 1536 3701 inter

466 3726 672 3791 pocula,
696 3724 906 3773 libando
929 3724 1106 3774 haberi
1132 3741 1149 3785 ς
1180 3728 1346 3790 qualis
1368 3728 1541 3777 bonor·

464 3804 578 3853 aliis
603 3801 939 3865 principibus,
974 3809 1212 3866 tanquam
1248 3804 1385 3865 Diis,
1408 3814 1537 3855 ante

464 3880 646 3930 haberi
669 3885 1031 3928 consueverat.
1066 3879 1203 3930 Quid
1226 3880 1364 3928 enim
1389 3881 1534 3931 aliud

467 3956 724 4021 significat
746 3954 874 4005 illud
901 3954 1088 4004 Horat.
1103 3955 1208 4004 Od.
1226 3970 1304 4005 tv.
1320 3962 1369 4009 6.
1393 3959 1532 4021 quod

468 4035 623 4084 modo
638 4034 701 4083 ad
721 4035 752 4098 ς
769 4038 816 4083 1.
830 4032 1074 4081 annotavi
1097 4032 1535 4098 ‘Quisque...hinc

469 4113 535 4163 ad
557 4116 674 4163 vina
698 4113 835 4163 redit
856 4113 1024 4175 laetus,
1043 4119 1098 4161 et
1115 4113 1295 4162 alteris
1319 4122 1372 4164 te
1390 4129 1534 4165 meu·-

467 4190 538 4240 sis
556 4191 765 4239 adhibet
781 4187 1132 4247 Deum,’&c.?
1166 4189 1417 4253 Trajanus
1441 4205 1539 4240 no·

469 4266 587 4330 luit,
618 4267 758 4316 cives
796 4266 1054 4316 Romanos
1080 4265 1182 4317 sibi
1214 4280 1434 4332 usquam
1472 4274 1535 4318 nt

1598 595 1666 644 ud
1714 611 1840 659 ergo
1885 604 1986 657 est,
2033 596 2232 658 poculis
2272 596 2448 644 libatis
2486 595 2666 644 colere

1600 673 1908 735 principem,
1923 680 1977 720 ut
1993 674 2163 721 Deum
2182 687 2197 731 3
2216 670 2663 733 aliud,bodierno,

1600 762 1766 812 eoque
1791 749 1928 798 civili
1953 750 2074 809 ritu,
2109 750 2250 797 iuter
2270 750 2475 798 laetiora
2501 763 2663 810 poen·

1602 825 1669 888 la,
1694 825 1855 873 libare
1870 825 2046 874 honori
2072 826 2350 887 principis;
2376 833 2465 873 aut
2483 825 2666 888 etiam,

1599 902 1738 950 inter
1776 903 2181 958 comissationes,
2212 903 2391 951 amicis
2416 902 2665 951 occinere

1600 977 1728 1025 illud
1768 978 2069 1027 Plautinum
2106 993 2170 1028 ex
2210 979 2395 1037 Persa,
2429 992 2486 1026 v.
2511 982 2559 1026 l.
2580 982 2665 1026 2⁰.

1600 1054 1777 1102 ‘Bene
1798 1055 1947 1103 milti!
1987 1055 2132 1103 Bene
2171 1053 2363 1105 vobisl'
2402 1058 2502 1104 otc.
2536 1053 2666 1103 item

1600 1144 1631 1179 e
1652 1132 1850 1186 Sticho,
1878 1136 1998 1180 vni.
2022 1135 2105 1181 27.
2140 1133 2319 1180 ‘Bene
2359 1133 2481 1180 vos!
2514 1131 2668 1181 Bene

1601 1209 1719 1256 nos!
1756 1209 1897 1256 Bene
1922 1211 2006 1258 tei
2046 1210 2191 1257 Beue
2215 1209 2328 1258 mel
2362 1208 2510 1256 Bene
2545 1222 2667 1256 nos-

1602 1292 1737 1334 tram
1763 1284 2104 1346 Stepltanium
2124 1282 2160 1330 Γ
2224 1283 2328 1333 Aut
2356 1283 2666 1346 ill‘ud‚qnod

1602 1361 1915 1411 moderatius
1951 1362 2174 1410 Horatio
2219 1363 2465 1425 proponit
2506 1361 2671 1411 ovid.
2758 1395 2770 1403 .

1604 1439 1751 1486 Fast.
1777 1452 1841 1487 n.
1863 1442 1978 1487 636.
2026 1437 2042 1465 ‘
2064 1439 2230 1498 Larga
2266 1443 2543 1500 precatura
2582 1452 2669 1485 sn-

1603 1516 1731 1567 mite
1756 1516 1872 1563 vina
1898 1528 2080 1563 manu:
2116 1515 2207 1567 Et,
2244 1514 2376 1562 bene
2399 1528 2525 1573 ποις
2563 1513 2670 1561 Pa·

1605 1592 1740 1652 triae,
1784 1591 1916 1640 bene
1960 1597 2031 1650 te,
2079 1590 2260 1645 Pater,
2306 1589 2501 1652 optime
2552 1588 2669 1638 (3ae-

1603 1682 1710 1725 sar,
1754 1668 1960 1729 Dicite;
1992 1666 2184 1716 suffuso
2215 1667 2321 1715 sint
2358 1672 2474 1714 rata
2508 1666 2674 1715 verba

1605 1757 1746 1791 mero
1764 1744 1795 1792 l'
1828 1742 2033 1793 Quibus
2058 1742 2228 1790 verbis
2254 1740 2528 1789 Ovidiauis
2552 1741 2670 1790 Cae·

1603 1833 1687 1866 sar
1709 1833 1829 1874 non,
1854 1825 1910 1867 ut
1929 1819 2099 1879 Deus,
2121 1816 2404 1875 colendus;
2437 1816 2533 1865 sed
2562 1816 2673 1873 Dii,

1605 1898 1792 1960 quibus
1837 1896 2029 1946 suffuso
2061 1911 2204 1944 mero
2250 1893 2533 1954 libandum,
2575 1908 2672 1956 pro

1603 1973 1768 2021 salute
1793 1973 2014 2021 Caesaris
2033 1979 2088 2021 et
2124 1971 2301 2034 populi
2337 1968 2574 2032 rogandi,
2598 1971 2672 2018 di·

1603 2056 1811 2099 cuntur.
1880 2050 2032 2101 Quod
2058 2050 2098 2098 si
2120 2050 2280 2111 igitur
2301 2047 2522 2110 recipias
2535 2047 2673 2096 itanc

1602 2126 1903 2186 lectionem,
1942 2140 1971 2173 a
2012 2140 2094 2174 me
2128 2140 2157 2175 e
2205 2124 2368 2173 tribus
2404 2123 2676 2173 codicibus

1605 2203 1735 2252 Mss.
1778 2204 2103 2267 productam,
2143 2202 2364 2265 videbis,
2397 2202 2475 2250 sic
2505 2202 2674 2263 pocula

1603 2285 1727 2339 apte
1774 2277 1956 2326 referri
2009 2291 2157 2340 posse
2203 2276 2267 2325 sd
2316 2276 2675 2325 ‘comissatio-

1603 2367 1695 2402 nes
1714 2353 1745 2413 ς’
1776 2360 1831 2402 at
1852 2360 1978 2403 ortes
2000 2353 2207 2403 ludicras
2229 2354 2293 2402 ad
2318 2352 2536 2415 ‘ludos,’
2559 2355 2677 2418 qui-

1610 2430 1705 2480 bus
1728 2431 1908 2481 laudes
1933 2432 2061 2480 alius
2088 2431 2415 2495 imperatoris
2437 2445 2505 2480 ex
2544 2433 2672 2480 adu·

1607 2509 1801 2558 latione
1835 2509 2124 2559 celebratas
2158 2508 2455 2573 fractasque
2493 2509 2677 2572 paullo

1609 2591 1730 2632 aute
1754 2585 1961 2633 dixerat
1998 2585 2221 2634 Plinius.
2287 2584 2375 2634 Sic
2397 2584 2556 2633 etiam
2581 2598 2683 2648 per

1608 2659 1851 2723 ἀναφορὰν
1872 2661 2206 2724 pronominis,
2239 2665 2311 2716 tir,
2346 2666 2421 2723 tn,
2465 2661 2673 2724 plenior

1607 2747 1662 2787 et
1705 2737 1926 2786 vividior
1963 2737 2203 2787 redditur
2237 2738 2422 2787 oratio.
2489 2736 2677 2800 Immo,

1607 2816 1771 2864 multo
1814 2816 2151 2880 ingeniosior,
2189 2826 2245 2866 et
2266 2816 2538 2865 contextui
2563 2829 2680 2863 ora-

1609 2892 1765 2941 tionis
1782 2893 2152 2956 congruentior
2173 2897 2254 2941 est
2270 2893 2384 2940 ltaec
2403 2897 2516 2942 tota
2541 2891 2679 2939 vari·

1608 2974 1741 3032 etas,
1774 2983 1926 3033 quam
1951 2975 2008 3017 ut
2033 2970 2114 3017 vel
2149 2968 2316 3017 errori
2349 2969 2434 3017 vel
2471 2967 2675 3017 libidini

1605 3044 1828 3107 alicujus
1852 3044 2066 3104 librarii,
2089 3052 2311 3107 accepta
2335 3041 2523 3093 referri
2558 3057 2681 3107 pos-

1608 3120 1695 3168 sit.
1763 3121 1879 3182 Ego
1907 3121 2001 3169 hac
2041 3127 2251 3182 reperta
2288 3118 2441 3183 fruge
2474 3134 2561 3174 me
2582 3119 2674 3169 ob·

1602 3196 1765 3259 lecto,
1804 3196 1992 3259 glande
2028 3196 2139 3245 aliis
2163 3211 2258 3261 pro
2282 3197 2449 3247 lubitu
2474 3196 2680 3246 relicta.

1607 3270 1856 3320 Schmun-z.

1674 3348 1928 3412 AEternus]
1961 3347 2046 3396 Ita
2073 3354 2173 3410 est,
2201 3348 2388 3397 scitote
2413 3347 2512 3397 boc
2532 3349 2673 3412 prin-

1608 3425 1768 3487 cipes.
1819 3425 1963 3475 Quos
1988 3424 2265 3473 Annalium
2291 3424 2379 3475 iile
2397 3424 2563 3473 bonor
2584 3424 2684 3474 lto-⁴

1609 3502 1855 3562 nestavit,
1870 3501 1980 3563 jam
2006 3501 2072 3550 ab
2090 3501 2217 3550 orbe
2236 3500 2451 3550 condito
2463 3500 2681 3550 bonesti

1608 3587 1748 3642 sunt,
1774 3585 1828 3628 et
1848 3579 1912 3627 ad
1934 3578 2254 3627 desinentem
2273 3580 2443 3628 eruut.
2474 3578 2616 3641 Πρω.

1674 3657 1875 3720 Brevis]
1911 3656 2043 3707 Quae
2080 3670 2194 3704 cum
2234 3668 2359 3704 voce
2395 3661 2452 3704 et
2492 3655 2676 3717 plausu

1609 3735 1767 3798 perit,
1793 3741 1846 3782 et
1872 3742 2041 3782 tamen
2066 3731 2243 3787 talem,
2267 3737 2385 3780 sunt
2407 3731 2495 3795 qui
2519 3731 2677 3781 bodie

1611 3812 1769 3860 etiam
1795 3809 1853 3874 (o
1878 3822 2015 3857 verae
2039 3806 2192 3856 farnae
2218 3806 2479 3868 imperitia
2495 3805 2541 3870 i)
2566 3821 2676 3871 prae

1612 3902 1794 3951 magna
1822 3893 1877 3936 et
1901 3887 2147 3935 diuturna
2171 3891 2370 3948 petant.
2403 3885 2557 3934 Ideni.

1676 3962 1932 4025 Pudeadn]
1968 3962 2050 4010 Ab
2073 3961 2172 4010 illis
2197 3959 2483 4023 propudiis.
2522 3962 2676 4011 Iden.

1676 4040 1972 4089 Proedients'o
1993 4038 2132 4102 colit]
2154 4037 2454 4088 Pndicatio
2475 4039 2598 4089 colet
2611 4038 2675 4088 C.

1608 4114 1772 4166 Livin-

1656 4191 1887 4255 Theatra]
1903 4190 2168 4240 Theatrici
2180 4196 2527 4254 spectatores.
2542 4189 2681 4254 Lips.

1677 4268 1907 4334 Theatra]
1940 4267 2221 4318 Theatrum
2246 4280 2342 4333 pro
2365 4268 2677 4334 spectatori-
