3060 4902
720 371 784 417 c.
832 371 1076 419 nimi
1128 370 1458 424 saeuum
1516 376 1792 428 ranno.
1867 379 1915 426 ι.
1945 363 2053 429 56.

315 503 544 554 direatur.
609 507 785 559 Quare
823 510 1010 560 Lucan.
1037 526 1089 560 v.
1124 516 1237 562 tile.
1279 513 1346 563 de

313 580 535 630 cesare:
566 581 582 610 ⁴
601 583 763 633 Stetit
793 599 988 649 aggere
1025 586 1188 638 fultus
1218 591 1344 640 Ces-

314 655 443 718 pitis‚
498 656 782 721 intrepidus
831 663 999 724 vultu,
1052 666 1346 729 meruitque

314 731 467 782 timeri
490 733 604 783 Non
640 744 899 800 metuens,
933 747 1088 803 atque
1112 740 1245 805 lime,
1270 742 1347 796 ira

308 808 539 868 dictante,
562 811 830 874 profatur.’
866 816 1086 865 Potor-ol.

368 887 578 937 Manu!
619 889 766 940 viridi
809 893 986 955 cespite
1028 896 1347 959 exstructum]

309 962 438 1013 Bene
459 964 653 1029 Lipsius
672 982 687 1015 ε
723 970 739 995 ⁶
755 969 1024 1028 Tribunal‚
1044 972 1094 1020 in
1108 987 1209 1037 quo
1224 987 1348 1022 con-

307 1038 376 1087 sul
396 1040 609 1097 sederet,
622 1042 712 1106 jus
737 1044 956 1102 diceret.
980 1049 1219 1110 querelas
1257 1064 1346 1098 an·

308 1114 446 1179 diret,
462 1125 546 1167 ant
563 1119 785 1181 preces!
827 1122 956 1170 Erat
977 1122 1101 1172 illud
1123 1124 1344 1173 tribunal

308 1206 335 1240 a
371 1193 488 1243 sella
526 1196 687 1245 curuli
726 1196 1048 1256 distinctum,
1088 1207 1245 1262 prout
1280 1214 1345 1248 ex

303 1266 403 1316 loco
440 1269 733 1320 Mamertini
779 1273 942 1322 citato
995 1274 1345 1336 intelligitur3

303 1343 413 1392 item
442 1351 491 1394 et
514 1360 577 1395 ex
605 1348 848 1397 Martiale
874 1363 953 1398 xi.
989 1354 1073 1406 98.
1115 1352 1129 1376 ⁴
1147 1350 1343 1401 Sedeas

303 1417 349 1468 in
369 1420 466 1469 alto
488 1429 539 1471 tu
569 1424 694 1473 licet
712 1424 997 1488 =tribunali,
1022 1427 1091 1476 Et
1113 1441 1145 1475 e
1177 1429 1343 1477 curuli

300 1495 409 1559 jura
442 1500 677 1561 gentibus
717 1501 942 1550 reddas?
1009 1503 1218 1552 Etenim
1251 1505 1343 1553 ali·

304 1572 490 1636 qnando
513 1575 737 1626 tribunal
779 1578 935 1625 etiam
974 1578 1152 1627 sellam
1190 1592 1341 1628 curu·

303 1646 390 1696 lem
413 1650 732 1715 sustinebat3
767 1653 904 1716 quod
937 1654 1149 1703 Tacitus
1180 1662 1340 1704 testa·

302 1728 391 1778 tur,
415 1724 589 1775 Annal.
611 1739 707 1776 xv.
733 1731 815 1776 29.
856 1734 870 1756 ⁸
892 1728 1072 1778 Medio
1113 1730 1339 1780 tribunal

300 1798 456 1849 sedem
478 1803 722 1857 curulem,
745 1811 799 1851 et
816 1803 969 1852 sedes
989 1802 1210 1867 effigiem
1229 1807 1278 1855 N
1285 1821 1339 1855 e-

300 1875 437 1932 ronia,
475 1878 802 1928 sustinebat!
883 1879 1174 1930 Tribunalis
1218 1898 1337 1932 usus

296 1958 342 1999 et
363 1950 409 1999 in
432 1952 552 2003 urbe
576 1956 705 2003 etin
735 1955 919 2003 castris
960 1963 1107 2017 ιιι-αις
1141 1956 1207 2005 de
1237 1973 1338 2021 quo

287 2025 384 2087 jam
417 2042 569 2090 supra
619 2029 682 2077 ad
733 2042 947 2079 xxvm.
988 2036 1039 2080 2.
1074 2046 1175 2081 non
1210 2033 1334 2082 niliil

292 2105 532 2153 annotavi.
566 2105 723 2168 Saepe
740 2121 861 2156 vero
878 2108 1237 2174 imperatores,
1262 2110 1338 2162 in·

290 2178 453 2241 primis
475 2183 761 2231 exercitum
802 2185 1094 2246 allocuturi,
1114 2200 1215 2235 non
1256 2202 1337 2236 se·

291 2250 499 2318 debant3
531 2257 626 2305 sed
648 2257 697 2306 in
711 2259 818 2306 solo
837 2260 1077 2308 tribunali
1098 2261 1336 2325 stabant3

289 2329 411 2392 quod
434 2332 562 2382 hand
588 2335 743 2395 pauci
771 2336 962 2384 nummi
983 2344 1213 2385 veterum
1236 2347 1337 2387 tes-

288 2411 466 2457 tantur.
530 2408 546 2434 ⁸
568 2409 852 2459 Tribunal'
876 2419 1048 2461 autem
1072 2418 1087 2440 ⁴
1107 2422 1338 2463 castren·

287 2482 367 2544 se‚'
389 2483 626 2536 tradente
649 2485 864 2550 Hygino
900 2487 966 2537 de
998 2497 1334 2539 castrameta-

286 2557 430 2622 tione,
450 2561 753 2626 adjunctum
797 2568 910 2612 erat
944 2566 1205 2628 praetorio,
1228 2567 1334 2616 sive

286 2634 605 2689 tabernaculo
645 2640 918 2688 castrensi.
991 2641 1334 2704 Auguratori·

288 2702 396 2774 um,
415 2714 604 2779 inquit,
630 2724 781 2780 parte
799 2716 984 2765 dextra
1017 2720 1247 2781 praetorii
1267 2719 1330 2767 ad

284 2788 404 2840 viam
446 2794 788 2858 principalem
834 2808 1170 2859 apponemus,
1193 2805 1247 2861 ut
1281 2797 1331 2846 in

283 2879 339 2915 eo
381 2871 644 2932 augurium
704 2877 850 2920 recte
894 2886 1086 2934 capere
1137 2875 1332 2935 possit3

280 2954 420 3007 parte
441 2949 569 2997 laeva
593 2949 822 2998 tribunal
855 2949 1122 3005 statuitur.
1144 2957 1217 3007 ut,
1242 2965 1332 2999 au·

279 3022 413 3082 gurio
435 3032 675 3088 accepto,
710 3025 923 3087 insuper
942 3025 1248 3082 adscendet,
1275 3033 1331 3075 et

278 3099 545 3150 exercitum
573 3101 716 3151 felici
750 3104 980 3167 auspicio
1015 3104 1328 3168 alloquatur.

275 3170 531 3233 Hactenus
556 3177 815 3241 Hyginus.
883 3177 1040 3227 Haud
1066 3195 1126 3228 eo
1163 3181 1329 3230 minus

275 3254 435 3299 tamen
477 3250 700 3314 factum,
731 3260 812 3315 ut,
851 3254 1037 3303 omisso
1081 3254 1328 3320 deinceps

271 3321 353 3373 illo
385 3326 447 3377 ad
489 3331 787 3390 pretorium
824 3330 1086 3386 tribunali.
1123 3340 1328 3382 vetusto

270 3411 420 3465 more,
464 3404 604 3453 aliud
654 3418 684 3453 e
739 3406 940 3467 cespite
997 3406 1328 3458 tumultuaria

271 3488 435 3538 opera.
460 3486 512 3528 et
547 3480 664 3529 loco
688 3480 753 3527 ad
780 3480 1028 3542 ejusmodi
1060 3484 1326 3533 allocutio-

269 3565 354 3601 nes
379 3565 698 3619 opportuno,
725 3566 1105 3606 exstrueretur.
1157 3561 1326 3612 Quale

267 3627 283 3653 ⁴
300 3631 614 3692 cespititium
637 3632 864 3682 ttibunal
887 3633 901 3655 ⁹
937 3650 967 3683 a
992 3635 1213 3699 vopisco
1250 3637 1324 3686 di-

266 3702 397 3752 citur
423 3707 473 3755 in
514 3709 712 3764 Probo.
737 3725 783 3759 c.
809 3715 889 3759 10.
916 3717 969 3759 et
993 3718 1007 3739 ⁴
1033 3725 1193 3774 agger
1216 3713 1323 3775 gle-

264 3779 384 3830 balis
402 3782 416 3804 '
442 3783 508 3832 ab
533 3781 809 3833 Ammiano
832 3786 1073 3835 Marcell.
1095 3790 1128 3835 l.
1150 3801 1321 3839 xxttt.

262 3871 309 3908 c.
330 3864 378 3909 5.
441 3862 580 3911 Vide
603 3864 881 3925 Spauliem.
904 3864 955 3912 in
982 3865 1323 3917 Observatio-

261 3934 407 3985 nibus
432 3937 500 3987 ad
524 3939 717 3990 Juliani
742 3940 877 4005 Imp.
904 3942 1059 3993 Orat.
1082 3957 1121 3992 ι.
1141 3958 1191 4007 p.
1209 3948 1325 3994 214.

261 4011 499 4063 Schmun.

319 4090 571 4155 Fusciani]
603 4092 678 4143 Ut
709 4092 761 4142 in
800 4109 948 4157 pace,
974 4111 1089 4145 cum
1118 4096 1322 4147 lictores

254 4168 687 4233 apparitoresque
755 4177 954 4221 tantum
1024 4174 1321 4224 circumsta-

255 4239 397 4292 bant.
432 4244 579 4307 Lips.

377 4325 562 4389 Delph.
577 4330 623 4376 et
649 4325 766 4377 ναν.
781 4329 909 4380 Clas.

1208 4334 1396 4395 Paneg.
1426 4331 1535 4383 Vel.

2360 367 2488 433 801

1486 519 1738 585 Fusciani]
1778 521 2041 572 Lictorum
2080 522 2297 586 insignia
2329 524 2494 576 notis-

1418 594 1549 644 sima
1592 594 1758 645 fasces
1797 607 1967 660 eraut,
2003 599 2189 664 quibus
2225 601 2488 650 consulem

1402 670 1711 720 anteibant.
1749 674 1967 723 Potnrol.

1485 745 1727 809 Pilorum]
1762 748 1941 798 Genus
1957 750 2213 814 quoddam
2233 765 2489 804 armorum

1420 820 1684 871 missilium
1711 833 1881 885 erant,
1905 827 2017 873 usui
2042 827 2274 889 peditum
2301 829 2490 879 Roma-

1421 910 1626 956 norum,
1665 896 1808 946 ferro
1856 901 2031 949 subtili
2085 902 2285 965 trigono
2325 905 2489 955 muni·

1421 980 1551 1022 tum.
1618 975 1886 1024 Describit
1916 977 2163 1040 Vegetius
2203 980 2240 1027 l.
2264 992 2303 1028 1.
2339 988 2396 1030 et
2423 995 2488 1033 ιι.

1422 1048 1575 1098 Idem.

1486 1126 1730 1192 Pilatum]
1765 1127 2070 1182 Hastarum.
2139 1132 2487 1185 Claudianus:

1418 1200 1623 1252 ‘Dictis
1657 1212 1777 1254 ante
1817 1214 1990 1256 tamen
2027 1210 2272 1273 princeps
2303 1210 2489 1262 contir-

1422 1288 1528 1329 mat
1553 1281 1730 1343 ituros,
1757 1281 1965 1345 Aggere
1995 1287 2325 1350 conspicuus.
2363 1286 2487 1340 Stat

1420 1356 1730 1406 circumfusa
1781 1359 2052 1420 juventus,
2109 1364 2248 1412 Nixa
2303 1366 2484 1429 itastis,

1421 1447 1713 1498 pronasque
1736 1432 1881 1483 ferox
1908 1440 2261 1489 accommodat
2288 1457 2459 1494 altres.
2476 1443 2490 1465 ⁹

1418 1507 1557 1571 Lips.

1482 1585 1855 1652 Signoramqae]
1899 1589 2220 1647 Ammianus.
2257 1594 2273 1623 ‘
2296 1594 2482 1645 Tribu-

1416 1661 1501 1709 nal
1551 1661 1815 1724 insistens,
1859 1665 2117 1730 signisque
2164 1669 2385 1720 ambitus
2430 1680 2484 1721 et

1416 1738 1637 1802 aquilis.’
1707 1741 1919 1789 Nummi
1976 1757 2116 1806 saepe
2171 1745 2267 1795 hoc
2311 1749 2485 1813 expri-

1413 1821 1563 1863 munt
1585 1829 1699 1863 cum
1726 1816 1884 1866 verbo
1907 1831 2234 1871 Αιιοεντιο.
2268 1823 2418 1872 Idem.

1480 1890 1766 1953 δίζηαι-ωτι]
1804 1892 2128 1958 AquHarum,
2152 1912 2268 1960 quae
2299 1899 2484 1950 Roma·

1415 1968 1465 2016 ni
1491 1970 1668 2030 populi
1693 1977 1907 2019 stemma
1934 1980 2098 2021 erant.
2134 1974 2353 2024 Putat-ol.

1481 2044 1580 2093 Sed
1631 2045 1835 2107 pilorum
1899 2049 2232 2113 signorumque
2285 2052 2482 2117 honore]

1417 2120 1544 2169 Cum
1571 2125 1936 2181 antecesserit,
1959 2127 2261 2185 mesae-ium
2276 2133 2480 2186 tontum,

1413 2212 1550 2247 nuuc
1572 2197 1709 2248 forte
1733 2207 2038 2261 expectares
2063 2203 2113 2250 in
2137 2204 2305 2251 altero
2320 2219 2481 2253 mem-

1416 2273 1508 2324 bro
1536 2275 1840 2337 particulam
1858 2276 2021 2332 etiam,
2043 2278 2113 2325 ita
2139 2279 2483 2341 positam,sed

1405 2350 1611 2413 pilorum
1637 2352 1783 2399 etium
1813 2352 2163 2416 signorumque,
2183 2356 2266 2416 ξε.
2334 2357 2479 2405 Nihil

1413 2426 1552 2475 enim
1580 2426 1754 2477 tritius
1790 2438 1890 2489 est,
1925 2444 2076 2493 quam
2114 2441 2172 2481 ut
2207 2433 2478 2495 particulis

1411 2508 1426 2530 ⁴
1445 2518 1545 2552 non
1572 2503 1775 2565 solum,'
1798 2505 1813 2532 ‘
1835 2518 1936 2554 non
1965 2507 2203 2568 tantum,'
2226 2508 2344 2559 ‘nec
2364 2518 2478 2561 tan·

1413 2579 1559 2642 tum,'
1579 2580 1594 2607 ‘
1617 2596 1719 2630 non
1744 2581 1931 2646 modo‚'
1955 2586 2326 2649 respondeant,
2353 2589 2488 2640 ‘sed

1409 2655 1606 2717 etiam,’
1628 2665 1641 2686 ⁸
1662 2672 1835 2706 verum
1862 2659 2057 2723 etiam‚’
2079 2662 2095 2687 ⁶
2114 2662 2205 2711 sed
2231 2665 2482 2728 quoque,'

1407 2731 1532 2779 ‘sed
1557 2731 1646 2794 et,'
1679 2740 1734 2782 et
1763 2733 1974 2783 similes.
2047 2735 2234 2786 Verum
2262 2740 2310 2786 in
2337 2742 2476 2791 nullo

1408 2807 1543 2857 libro
1567 2818 1790 2872 apparet
1817 2812 2087 2874 vestigium
2118 2815 2336 2879 alicujus
2362 2832 2477 2880 par·

1411 2887 1582 2936 ticulae.
1610 2890 1814 2949 generis
1851 2890 2100 2952 ejusdem.
2171 2893 2357 2956 Neque
2382 2910 2473 2944 ne-

1406 2976 1549 3011 cesse
1581 2973 1678 3019 est,
1705 2972 1759 3012 ut
1795 2966 1947 3012 talem
1984 2966 2191 3014 aliunde
2217 2969 2471 3019 adscisca-

1406 3053 1551 3099 mus;
1588 3055 1703 3089 cum
1730 3042 1813 3089 alii
1837 3056 2042 3104 quoque
2081 3043 2197 3091 boni
2234 3053 2474 3096 auctores

1407 3115 1709 3164 Latinitatis
1747 3116 2037 3178 hujusmodi
2089 3119 2372 3180 particulas
2417 3123 2471 3172 in

1404 3191 1504 3241 hac
1560 3191 1781 3241 formula
1828 3195 2265 3258 praetermittant5
2324 3213 2373 3248 v.
2418 3213 2472 3262 g.

1406 3268 1515 3316 Cic.
1541 3268 1605 3316 de
1631 3269 1784 3317 Orat.
1809 3282 1871 3316 tt.
1892 3272 1974 3317 89.
2004 3273 2018 3297 ‘
2044 3272 2163 3319 Non
2195 3272 2348 3323 modo
2375 3274 2471 3323 tibi

1404 3343 1736 3406 ignoscimus,
1780 3345 1870 3393 scd
1913 3352 1964 3394 te
2004 3347 2283 3410 diligimus,
2332 3366 2473 3413 niag-

1404 3433 1625 3483 namque
1651 3420 1742 3468 tibi
1763 3420 2009 3469 habemus
2033 3425 2284 3484 gratiam!
2323 3426 2470 3476 idem

1403 3494 1469 3543 de
1497 3495 1621 3546 Nat.
1649 3496 1805 3544 Deor.
1841 3511 1880 3545 ι.
1914 3502 1996 3546 43.
2030 3501 2044 3525 ‘
2066 3499 2147 3548 Ita
2171 3498 2250 3561 fit,
2274 3510 2328 3549 ut
2365 3516 2470 3553 non

1402 3569 1556 3620 modo
1589 3571 1818 3622 homiues
1859 3587 1889 3622 a
1925 3574 2063 3636 Diis,
2108 3576 2199 3625 sed
2247 3577 2344 3641 ipsi
2381 3580 2471 3629 Dii

1402 3646 1539 3694 inter
1581 3661 1658 3708 se,
1700 3648 1766 3697 ab
1804 3649 1918 3697 aliis
1958 3650 2066 3713 alii,
2102 3653 2469 3715 negligantur!

1400 3719 1548 3770 Idem
1587 3722 1651 3770 ad
1691 3724 1832 3772 Fam.
1856 3738 1892 3774 ι.
1917 3730 1966 3774 6.
2001 3726 2085 3775 ‘Is
2109 3728 2343 3777 omuibus
2380 3745 2469 3780 ne-

1397 3798 1555 3859 gotiis
1589 3812 1690 3846 non
1726 3799 1964 3849 interfuit
2000 3802 2186 3862 solum,
2207 3807 2296 3853 sed
2337 3820 2470 3867 prte-

1399 3872 1538 3921 fuit.'
1604 3875 1779 3925 Tacit.
1818 3876 2010 3924 Annal.
2054 3890 2143 3926 ιιι.
2183 3882 2264 3927 33.
2307 3880 2466 3930 ‘Non

1397 3947 1686 3998 imbecillus
1712 3957 1913 3999 tantum
1938 3957 1992 3999 et
2018 3952 2181 4012 impar
2204 3953 2466 4005 laboribus

1397 4036 1573 4086 sexus,
1613 4023 1721 4085 sed,
1759 4024 1801 4073 si
1838 4025 2052 4073 licentia
2087 4027 2241 4082 adsit,
2276 4042 2467 4092 saevus,

1399 4099 1740 4149 ambitiosus.'
1808 4101 1931 4149 Sine
1957 4114 2133 4149 caussa
2157 4111 2329 4150 autem
2355 4104 2464 4155 ido·

1398 4169 1492 4224 nea
1530 4176 1758 4238 Lipsius,
1782 4190 1877 4238 pro
1910 4177 2099 4235 honore,
2123 4175 2284 4241 (quod
2314 4194 2464 4241 voca.

1397 4250 1574 4300 bulum
1602 4260 1772 4301 tamen
1795 4253 1904 4302 siue
1928 4251 2066 4302 omni
2092 4255 2377 4307 mutatione
2414 4259 2468 4310 in

2224 4337 2336 4387 ΒΕ
