3060 4902
759 366 823 415 c.
869 363 1112 413 eumn
1158 361 1491 413 suenum
1544 363 1818 414 nnnc.
1895 367 1941 414 ι.
1984 348 2096 415 80.

321 508 519 562 Sicilie
565 508 850 573 legationes
890 508 1116 560 adsunt!
1200 509 1380 574 Nepos

325 590 512 652 Epam.
536 602 653 651 cap.
677 592 726 636 6.
762 588 777 614 ‘
797 588 927 637 Cum
957 586 1179 636 omnium
1214 587 1379 636 socio·

320 680 434 714 rnm
472 664 834 713 convenissent
868 664 1044 726 legati,
1083 678 1254 713 coram
1277 663 1378 713 fre·

318 742 658 807 quentissimo
683 740 994 803 legationum
1020 749 1278 790 conventu
1304 739 1379 790 sic

319 818 830 867 Lucedaemoniorum
867 816 1190 881 tyrannidem
1235 832 1378 866 coar·

321 894 472 957 gun-⁹
536 894 720 943 Victor
771 894 991 957 Epitom.
1037 909 1154 957 cap.
1188 898 1269 944 41.
1314 894 1379 943 de

319 972 663 1021 Constantino
688 971 925 1020 Caesare:
965 977 980 997 ‘
1012 970 1207 1019 Audire
1244 970 1379 1034 legs·

318 1049 488 1098 tiones
512 1056 568 1097 et
603 1048 942 1110 querimonias
965 1047 1381 1110 provinciarum.'

326 1125 486 1173 Turba
532 1124 835 1185 legationum,
879 1124 1087 1173 exclusa
1138 1123 1200 1172 sb
1235 1122 1378 1173 aditn

319 1200 632 1259 Domitiani,
662 1202 741 1247 vel
781 1200 909 1247 alius
943 1199 1150 1263 superbi
1186 1199 1378 1262 princi·

320 1279 426 1342 pis,
442 1277 530 1343 qni
551 1276 714 1325 noluit
741 1276 916 1324 statim
943 1277 1221 1325 admittere
1241 1278 1375 1339 legs·

317 1362 422 1414 tos,
444 1362 499 1403 et
521 1352 898 1417 provinciarum
921 1354 1265 1416 querimonias
1290 1370 1376 1403 au·

319 1430 453 1493 dire,
481 1429 671 1479 dieitur
691 1431 709 1457 ⁴
726 1429 986 1478 obsedisse
1012 1428 1149 1479 fores
1186 1431 1377 1493 princi·

322 1508 436 1571 pis:
466 1508 500 1557 i.
519 1522 566 1557 e.
598 1521 697 1555 non
732 1506 985 1556 hostiliter
1010 1509 1252 1570 palatium
1277 1509 1377 1557 cir·

317 1584 645 1634 cumdedisse
660 1599 675 1645 ;
690 1585 764 1633 uti
783 1584 920 1646 apud
938 1585 988 1635 N
994 1592 1135 1647 epot.
1147 1585 1374 1635 Hsunib.

318 1676 437 1725 cap.
464 1665 542 1711 12.
574 1661 731 1723 legati
757 1661 1102 1709 Romanorum
1132 1661 1377 1710 dicuntur

311 1740 332 1767 ⁴
361 1737 690 1788 multitudine
719 1737 925 1786 domum
951 1738 1252 1787 Hannibalis
1275 1739 1376 1787 cir·

314 1814 679 1875 cumdedisse‚'
708 1823 767 1863 nt
796 1816 837 1863 is
868 1814 1090 1878 undique
1113 1815 1375 1864 obsidere·

319 1903 438 1953 tnr;
473 1891 560 1942 sed
588 1897 707 1940 aute
741 1889 881 1940 fores
916 1892 1092 1953 palatii
1121 1892 1376 1955 principa·

317 1970 382 2018 lis
407 1971 704 2033 pra-stolata
736 1981 867 2023 esse,
892 1967 1056 2017 donec
1081 1967 1376 2017 admittere·

317 2056 427 2107 tur,
463 2047 546 2094 vel
584 2045 875 2109 egredienti
917 2046 1137 2110 principi
1174 2047 1376 2095 libellos

317 2122 584 2185 exhibere,
607 2130 696 2171 aut
720 2122 1064 2185 querimonias
1087 2123 1375 2185 provincia·

317 2216 430 2249 rum
467 2202 517 2250 in
549 2202 630 2249 via
652 2214 930 2263 exponere,
965 2208 1157 2264 posset.
1226 2201 1242 2229 ⁸
1265 2200 1375 2250 Ob·

315 2278 528 2339 sidere‚'
567 2286 622 2327 et
663 2278 681 2305 ‘
704 2277 964 2340 insidere,'
1009 2285 1129 2326 sunt
1167 2278 1374 2341 quidem

316 2356 443 2404 alias
479 2353 636 2403 verba
670 2352 734 2402 sd
765 2367 873 2402 rem
912 2354 1182 2402 militarem
1219 2355 1372 2417 perti·

315 2433 526 2494 neutia3
562 2432 769 2496 proprie
803 2431 937 2481 enim
978 2440 1184 2494 notant,
1219 2446 1371 2481 occu·

314 2525 445 2574 pare
487 2508 733 2565 sedendo,
776 2514 831 2557 et
877 2509 1021 2571 quiasi
1070 2523 1133 2556 ex
1180 2509 1373 2560 insidiis

317 2596 597 2650 expectare
650 2593 902 2634 exeuntes
970 2593 1062 2634 aut
1123 2592 1370 2648 praetere·

317 2675 499 2724 untes;
548 2662 638 2712 sed
690 2663 877 2711 deinde
927 2663 1088 2709 etiam
1133 2660 1196 2710 ad
1244 2662 1370 2710 alios

315 2747 659 2803 expectantes
704 2740 1047 2802 applicantur.
1125 2737 1265 2787 Vide
1306 2737 1372 2786 ad

316 2831 479 2868 xxvi.
525 2821 571 2865 1.
622 2816 703 2865 ubi
761 2817 873 2865 haec
926 2816 1180 2878 legimus:
1217 2818 1233 2845 ‘
1262 2816 1371 2866 Ob·

313 2908 524 2945 servare
557 2893 801 2956 principis
831 2906 1089 2956 egressum
1121 2894 1171 2941 in
1208 2893 1372 2955 publi-

315 2988 456 3034 cum,
493 2971 717 3020 insidere
759 2971 886 3026 vias,
930 2971 1165 3018 examina
1204 2967 1369 3018 infan-

315 3051 466 3109 tium,
521 3046 821 3112 futurusque
880 3047 1096 3110 populns
1136 3046 1373 3095 solebat.’

311 3127 402 3175 Sic
425 3133 478 3172 et
506 3138 559 3174 v,
582 3129 630 3173 4.
677 3127 692 3152 ⁶
718 3123 901 3173 Omnis
947 3123 1115 3178 turbs,
1156 3138 1268 3183 quae
1309 3124 1368 3172 li·

314 3219 433 3255 men
459 3202 753 3253 insederat.⁹
820 3202 1020 3251 Seneca
1055 3200 1118 3248 de
1145 3200 1253 3260 Ira,
1278 3214 1365 3249 ur.

312 3287 396 3332 87.
418 3284 433 3309 ⁶
450 3281 688 3330 Custodit
707 3281 1022 3342 litigatorum
1043 3277 1197 3326 turba
1217 3278 1366 3326 limen

313 3357 611 3409 obsessum-³
651 3358 816 3406 Tacit.
841 3356 1067 3405 An.xvt.
1092 3359 1170 3404 10.
1208 3359 1222 3383 ⁸
1246 3356 1367 3404 Pol·

311 3436 459 3492 lutis,
481 3437 594 3500 quis
623 3435 765 3483 aditu
803 3433 1028 3482 Neronis
1063 3431 1369 3494 prohibeba-

310 3523 419 3568 tur.
442 3525 678 3574 egressus
701 3506 1089 3569 obsidens,’&c.
1110 3507 1350 3556 Schmun.

378 3590 516 3638 CAP.
541 3600 708 3636 Lxxx.
767 3586 918 3649 Quid]
960 3585 1054 3633 Est
1090 3599 1187 3633 vox
1210 3585 1368 3634 iuter·

309 3665 530 3727 rogandi
566 3673 620 3712 et
655 3662 961 3723 admirandi,
989 3677 1103 3726 qum
1134 3662 1369 3711 absolute

308 3743 485 3805 posita
505 3739 800 3803 cumprimis
826 3753 968 3787 nsum
995 3739 1149 3788 babet
1174 3739 1223 3787 in
1247 3754 1370 3788 eon·

304 3818 582 3868 nectendis
626 3817 932 3877 sententiis;
980 3817 1130 3879 cujus
1173 3818 1370 3881 aliquot

306 3896 550 3958 exempla
582 3908 755 3959 supra,
785 3893 851 3942 ad
887 3909 938 3957 p.
970 3897 1085 3942 669.
1125 3893 1368 3943 indicavi.

307 3975 464 4023 Idem.

375 4051 437 4098 In
481 4047 694 4096 mnibus
736 4045 1112 4110 cognitionibus]
1170 4044 1367 4096 Omnes

307 4127 518 4176 codices
553 4126 679 4174 Mss.
715 4123 845 4171 hanc
878 4123 1146 4172 lectionem
1182 4120 1367 4171 confir·

303 4211 468 4268 mant,
511 4209 704 4267 preter
741 4197 972 4250 codicem
1012 4199 1366 4263 salisburgen-

2382 350 2511 418 981

1456 524 1564 559 sem
1607 518 1662 561 et
1699 525 1904 571 menm3
1954 511 2006 561 in
2046 509 2231 575 quibua
2267 509 2514 561 mendose

1455 585 1707 649 seriptum
1732 593 1829 644 est,
1842 589 1895 637 in
1913 587 2125 637 omnibus
2140 587 2487 636 conditionibus
2494 603 2516 647 ,⁰

1455 678 1744 727 quanquam
1770 666 1819 713 iu
1845 666 2247 729 salisburgensis
2282 668 2513 729 margine

1452 738 1521 787 sit
1545 747 1868 799 annotatum,
1904 741 2029 790 alios
2066 744 2239 804 legere
2268 743 2322 790 in
2364 743 2515 793 ornai-

1454 814 1539 864 bus
1579 817 1945 877 cognitionibus.
2012 817 2150 867 Illud
2188 820 2364 874 miror.
2389 836 2513 884 quio-

1454 893 1607 942 modo
1631 894 1767 941 aliud
1792 894 2029 943 mendum
2062 902 2140 943 tot
2164 895 2515 961 inquinaverit

1453 968 1608 1018 libros
1654 969 1953 1034 impressos,
1997 979 2055 1022 ut
2099 974 2149 1021 in
2191 972 2252 1020 iis
2288 973 2512 1035 legatur,

1457 1044 1630 1102 Quid?
1693 1048 1745 1095 in
1800 1049 2014 1097 omnibus
2068 1050 2513 1110 excogitationibus.

1453 1122 1706 1186 Equidem
1747 1124 1858 1187 jam
1903 1138 1985 1172 an.
2026 1128 2172 1174 1513.
2240 1125 2512 1188 cuspinia-

1452 1213 1549 1247 nus
1586 1214 1758 1248 veram
1809 1201 2083 1250 lectionem
2135 1202 2184 1249 in
2234 1201 2346 1264 ipso
2391 1216 2514 1250 con-

1455 1285 1603 1326 textu
1654 1279 1936 1343 evulgavit,
1987 1277 2156 1336 Quid?
2203 1279 2257 1329 in
2301 1280 2513 1331 omnibus

1450 1355 1795 1416 cognitionibus
1807 1373 1827 1413 ,·
1889 1356 2046 1405 nihilo
2100 1357 2264 1406 minus
2322 1367 2512 1414 tamen,

1452 1432 1608 1480 etiam
1631 1439 1747 1494 post
1767 1433 2159 1496 cuspinianum‚
2175 1434 2354 1489 Junta,
2375 1434 2513 1484 Rhe·

1452 1522 1633 1569 nanus,
1684 1509 2031 1573 philominus,
2094 1510 2402 1574 Cratander,
2443 1512 2512 1562 R.

1451 1583 1764 1647 Stephanus,
1789 1584 2085 1646 Ascensius,
2105 1593 2159 1636 et
2179 1588 2399 1645 Navius,
2421 1588 2512 1638 ad·

1452 1661 1551 1710 huc
1597 1661 1809 1711 edidere
1848 1663 2280 1725 excogitationibus
2291 1681 2312 1722 ,·
2359 1680 2513 1729 quam

1452 1737 1617 1800 ipsam
1640 1738 1867 1802 ineptam
1904 1740 2177 1789 lectionem
2201 1741 2436 1790 similiter
2459 1742 2513 1791 in

1451 1822 1702 1863 contextu
1776 1815 2038 1865 retinuere
2111 1817 2376 1882 Gryphius
2431 1833 2515 1867 an.

1454 1894 1600 1941 15³1.
1647 1891 1950 1952 Sichardus,
1981 1892 2265 1956 Livineius,
2302 1895 2373 1943 H.
2398 1895 2513 1945 Ste-

1454 1968 1672 2029 phanus,
1696 1969 1921 2027 Elsevir‚
1941 1970 2184 2030 Rivinns3
2205 1962 2443 2034 quamvis
2459 1972 2513 2021 in

1449 2046 1702 2107 margine,
1726 2053 1780 2094 et
1805 2048 1938 2094 inter
1959 2048 2221 2096 variantes
2244 2045 2515 2110 lectiones,

1452 2123 1753 2171 annotarint
1810 2123 2090 2180 meliorem,
2135 2124 2513 2184 cognitionibus,-

1450 2213 1604 2260 quam
1628 2197 1790 2247 ceteri
1816 2200 2023 2247 tandem
2055 2207 2239 2262 aperte
2263 2207 2383 2248 sunt
2407 2214 2514 2249 am-

1451 2275 1612 2338 plexi.
1680 2274 1883 2323 Dicitur
1923 2289 2045 2322 vero
2088 2274 2170 2323 hic
2212 2275 2515 2337 ‘cognitio,'

1441 2351 1695 2414 judicium
1721 2359 1873 2399 extra
1896 2352 2148 2407 ordinem,
2167 2359 2221 2399 et
2245 2366 2273 2398 a
2289 2351 2408 2412 jure
2431 2365 2511 2400 or-

1450 2427 1649 2476 dinario
1703 2425 2062 2490 distinguitur.
2149 2426 2317 2475 Fuere
2373 2428 2509 2476 enim

1448 2506 1464 2532 ⁸
1481 2503 1806 2567 cognitiones
1823 2501 1838 2524 '
1865 2504 2089 2566 propriae
2115 2502 2428 2566 principum,
2452 2512 2508 2553 et

1448 2590 1691 2643 senatns3
1724 2580 1815 2630 sed
1841 2589 1895 2630 et
1922 2581 2197 2645 presidum
2222 2582 2512 2644 provincia-

1449 2674 1581 2709 rum.
1649 2659 1839 2723 ltaque
1872 2666 1927 2707 et
1960 2658 2172 2707 verbum
2198 2659 2213 2685 ‘
2233 2673 2512 2721 cognosce·

1448 2737 1539 2792 re‚'
1574 2737 1710 2799 apud
1748 2745 1951 2785 veteres
1979 2736 2376 2798 jurisconsultos
2406 2746 2509 2800 est,

1439 2815 1529 2877 jus
1571 2814 1744 2863 dicere
1786 2821 1934 2863 extra
1974 2813 2237 2874 ordinem3
2273 2828 2334 2860 ac
2368 2828 2510 2877 soepe

1448 2891 1514 2939 de
1553 2889 1890 2954 principibus,
1914 2889 2015 2938 etsi
2052 2903 2150 2937 non
2188 2897 2361 2938 essent
2386 2904 2509 2938 con·

1448 2968 1601 3024 sules,
1653 2967 1896 3016 occurrit.
1979 2965 2118 3013 Hinc
2153 2965 2507 3028 jureconsulti

1448 3044 1463 3070 ‘
1481 3058 1655 3092 sacras
1678 3041 2000 3105 cognitiones
2022 3039 2035 3061 ’
2058 3049 2241 3087 vocant
2262 3055 2277 3098 ς
2313 3048 2365 3086 et
2392 3043 2406 3067 ⁸
2426 3055 2507 3088 sa·

1444 3135 1587 3170 erum
1611 3117 1964 3183 cognitorem,'
1995 3117 2080 3179 qui
2106 3116 2327 3165 Caesaris
2354 3117 2507 3179 jussu

1444 3200 1509 3249 de
1552 3215 1607 3248 re
1639 3213 1751 3263 quae
1784 3196 2090 3259 cognitionis
2126 3197 2211 3258 sit,
2254 3195 2364 3243 vice
2398 3196 2508 3259 ejus

1435 3277 1662 3340 judicet.
1731 3272 2040 3334 Hujusmodi
2080 3272 2096 3301 ⁶
2121 3271 2508 3334 coguitionum’

1444 3369 1476 3402 a
1496 3353 1717 3415 Trajano
1741 3358 2097 3411 susceptarum
2128 3348 2388 3397 luculenta
2413 3362 2505 3396 ex·

1443 3431 1615 3493 empla
1638 3425 1790 3477 affert
1822 3426 2046 3490 Plinius,
2073 3438 2151 3475 vr.
2173 3429 2255 3474 31.
2277 3425 2364 3473 ubi
2389 3440 2507 3473 nar·

1444 3514 1545 3562 rat.
1574 3520 1630 3555 se
1654 3513 1925 3554 evocatum
1956 3503 2007 3552 in
2044 3502 2309 3552 consilium
2347 3501 2505 3552 fuisse

1444 3599 1471 3632 a
1495 3585 1704 3634 Cesare
1728 3582 1791 3646 ..ἀ
1816 3580 2214 3636 Centumcellas,
2238 3579 2322 3628 ubi
2346 3579 2505 3629 varim

1441 3660 1667 3711 inductae
1713 3657 1908 3708 fuerint
1948 3656 2344 3721 ‘cognitiones,’
2388 3671 2504 3720 qum

1445 3739 1666 3786 virtutes
1704 3736 1899 3799 judicis
1947 3749 2040 3797 per
2083 3735 2255 3798 plures
2299 3734 2502 3795 species

1444 3813 1852 3876 comprobarint.
1920 3810 2078 3860 Plura
2111 3810 2176 3859 de
2210 3811 2286 3859 his
2324 3809 2499 3872 cogni·

1444 3891 1667 3941 tionibus
1692 3890 1904 3941 tradunt
1919 3886 2283 3950 jureconsulti,
2304 3894 2359 3935 et
2386 3899 2502 3948 pas-

1443 3967 1538 4016 sim
1571 3966 1637 4015 ad
1660 3967 1872 4015 Sueton.
1896 3980 1944 4011 v.
1969 3978 2020 4027 g.
2043 3964 2095 4011 in
2111 3963 2251 4014 ,lulio
2276 3962 2500 4023 cesare,

1443 4058 1562 4107 cap.
1594 4048 1678 4092 23.
1718 4042 1770 4090 in
1793 4039 2027 4094 Claudio,
2051 4053 2167 4100 cap.
2189 4042 2269 4087 25.
2301 4039 2354 4086 in
2388 4037 2498 4086 Ne·

1442 4134 1590 4179 rone,
1621 4132 1738 4181 cap.
1765 4121 1843 4166 15.
1878 4121 2307 4165 commentatores
2341 4128 2498 4163 anno·

1443 4205 1641 4246 tarum.
1709 4191 1789 4244 Cf.
1810 4192 2027 4242 Salmas.
2064 4190 2130 4239 de
2166 4189 2326 4240 Modo
2362 4189 2496 4241 Usu·
