3060 4902
508 386 639 452 680

511 556 569 596 ut
595 561 704 596 eam
730 544 988 608 receperit
1014 545 1065 594 in
1093 552 1416 594 contextum.
1457 545 1578 593 Pla·

512 631 690 673 cuerat
727 631 777 669 et
804 622 956 681 mibi;
992 621 1085 670 sed
1126 636 1225 670 non
1263 622 1353 680 ita,
1390 626 1445 669 ut
1473 621 1580 668 vnl-

512 710 688 765 gatam
732 701 1005 749 lectionem
1054 700 1172 748 ideo
1209 698 1581 748 exturbandam

511 777 836 838 censuerim;
884 784 1068 840 utpote
1105 779 1185 825 eui
1225 777 1433 825 lectioni
1474 777 1585 824 vnl-

510 863 646 918 gatae
673 856 840 903 locum
883 855 1150 903 vindicant
1186 867 1359 902 omnes
1398 851 1581 915 reliqui

510 932 721 980 codices
779 932 979 992 scripti,
1033 931 1249 995 librique
1308 929 1582 990 impressi3

512 1007 835 1071 eandemque
894 1009 1099 1072 oblique
1149 1006 1422 1057 confirmat
1471 1008 1581 1069 ipse

511 1085 651 1135 Plin.
679 1099 863 1134 xxvii.
884 1091 932 1133 2.
967 1085 982 1113 ⁴
1010 1085 1153 1133 Nihil
1178 1085 1424 1145 largiatur
1445 1085 1578 1145 prin·

512 1161 798 1224 ceps‚dnm
826 1162 949 1209 nillil
972 1159 1212 1209 aufei·at.'
1262 1160 1321 1207 Id
1348 1173 1469 1207 vero
1494 1159 1583 1207 ad-

513 1237 610 1285 buc
635 1237 1032 1292 observandum,
1058 1245 1175 1298 post
1200 1236 1309 1284 liaec
1336 1235 1512 1295 verba,
1535 1241 1580 1284 et

512 1314 635 1361 nihil
656 1315 882 1371 anseius,-
919 1323 1172 1375 praeterea
1210 1311 1499 1374 sequentia,
1529 1318 1584 1359 ut

509 1392 556 1439 si
577 1393 698 1440 nihil
719 1392 965 1453 largiaris,
1001 1397 1046 1439 el
1069 1392 1275 1450 auferas,
1301 1390 1507 1452 adjecta
1529 1389 1580 1436 in

515 1469 695 1517 codice
732 1470 939 1517 Veneto
973 1477 1026 1517 et
1052 1483 1185 1525 meo,
1211 1469 1330 1516 item
1357 1467 1406 1515 in
1430 1467 1583 1514 editi·

515 1558 616 1591 one
661 1544 986 1606 Caspium-sni,
1035 1552 1090 1591 et
1146 1541 1283 1605 apud
1339 1542 1583 1588 'rhomam

517 1621 829 1675 Hearnium,
856 1637 883 1668 a
905 1621 1017 1671 Jos.
1037 1619 1303 1681 Scaligero
1321 1625 1588 1677 annotata,

515 1696 868 1759 deprebendi5
906 1697 953 1744 in
979 1696 1156 1744 codice
1182 1705 1352 1743 autem
1393 1693 1584 1742 Parisi-

515 1774 645 1829 ensi,
672 1775 741 1820 ita
776 1786 890 1820 cum
927 1772 1362 1835 subsequentibus
1386 1771 1508 1832 legi,
1529 1776 1584 1819 ut

513 1851 557 1900 si
582 1850 702 1898 nihil
736 1850 983 1910 largiar-220,
1017 1854 1065 1898 et
1100 1849 1290 1907 auferas
1312 1849 1484 1902 omnia,
1507 1862 1584 1894 su·

509 1927 695 1990 per-sint
722 1928 895 1974 omnia.
964 1928 1043 1974 Ex
1085 1940 1183 1987 quo
1221 1926 1585 1987 supplemento

514 2004 626 2051 hoc
659 2002 876 2065 περίοδος
908 2003 1193 2051 existeret:
1232 2009 1245 2029 ⁸
1270 2002 1420 2056 Nam,
1456 1999 1581 2063 quid

516 2087 593 2128 est
634 2094 853 2140 caussae,
900 2096 992 2129 cur
1048 2080 1158 2129 aliis
1192 2078 1415 2143 quidem,
1467 2093 1582 2127 cum

517 2157 688 2205 omnia
712 2165 977 2219 raperent,
1002 2164 1054 2204 et
1090 2164 1239 2218 rapta
1277 2156 1585 2209 retinerent,

515 2242 575 2282 nt
622 2234 663 2282 si
709 2234 831 2281 niliil
876 2235 1183 2297 rapuissent,
1226 2234 1346 2281 nihil
1387 2234 1622 2281 retinn·'

519 2310 700 2370 issent,
744 2310 1005 2359 defuerim
1051 2311 1223 2359 omnia
1252 2326 1263 2355 z
1309 2310 1422 2368 tibi,
1467 2325 1582 2358 cum

519 2394 623 2435 tam
650 2388 811 2435 multa
844 2387 1082 2450 largiaris
1111 2394 1165 2435 et
1205 2386 1326 2434 nibil
1364 2384 1585 2442 auferas.

518 2474 575 2512 ut
619 2465 658 2512 si
699 2465 821 2513 nibil
857 2465 1103 2527 largiaris,
1146 2470 1200 2511 et
1238 2462 1443 2510 auferas
1480 2478 1586 2511 om·

519 2542 626 2602 nia,
684 2541 853 2589 omnia
923 2541 1228 2602 supersint?
1257 2538 1269 2560 ’
1343 2540 1587 2588 Concedo

517 2616 743 2680 quidem,
784 2618 857 2665 sic
912 2615 1316 2665 concinnitatem
1367 2616 1588 2678 periodi,

517 2707 661 2741 more
720 2700 953 2741 veterum
1013 2692 1377 2755 sophistarum,
1424 2694 1587 2741 videri

517 2769 802 2832 pleniorem
827 2769 939 2817 fieri
963 2786 977 2827 ;
1017 2771 1173 2818 nihilo
1203 2771 1367 2817 miuus
1394 2778 1590 2829 tamen,

520 2860 637 2894 cnm
663 2846 922 2894 sententia
948 2846 1096 2894 nimis
1131 2845 1236 2893 fere
1261 2856 1444 2908 arguta
1469 2845 1589 2895 hinc

521 2924 574 2972 in
601 2922 858 2987 quandam
895 2922 1241 2971 affectationis
1270 2932 1440 2970 notam
1465 2924 1589 2971 inci·

521 2999 632 3058 dat,
652 3013 966 3062 magnopere
989 3013 1184 3055 vereor,
1206 3014 1268 3047 ne
1288 3001 1398 3048 baec
1417 3009 1589 3062 poste-

523 3078 629 3126 rior
645 3077 827 3125 lacinia
844 3076 1051 3124 aliunde
1068 3076 1133 3125 sit
1151 3085 1336 3124 assuta.
1353 3078 1595 3126 Schwarz.

585 3156 769 3203 Fronte
799 3155 942 3214 gravi
975 3160 1021 3201 et
1049 3154 1182 3201 tristi
1215 3155 1488 3216 supercilio]
1530 3155 1595 3204 Η.

523 3246 572 3280 e.
594 3231 681 3294 qui
709 3231 946 3279 simulata
976 3230 1129 3278 animi
1156 3235 1413 3292 gravitate
1438 3243 1492 3280 et
1514 3247 1593 3282 se-

521 3307 745 3356 veritate
771 3305 973 3354 assidue
1001 3306 1185 3355 intenti
1214 3317 1382 3357 essent
1403 3324 1593 3371 augen-

523 3386 606 3434 dis
651 3384 758 3434 fisci
808 3384 1107 3434 commodis.
1180 3386 1310 3435 Hac
1356 3388 1596 3449 epitheta

522 3463 730 3512 inverso
767 3462 947 3510 ordine
972 3461 1290 3510 exhibentur
1327 3463 1376 3510 in
1401 3465 1595 3514 codici-

520 3539 620 3588 bus
640 3539 922 3600 Vaticanis,
944 3539 1243 3597 Parisiensi,
1264 3539 1485 3596 Veneto,
1502 3542 1594 3590 Sa-

524 3617 856 3678 lisbnrgensi,
882 3617 1367 3680 Gnelplierbytano‚
1383 3626 1434 3667 et
1457 3634 1593 3683 meo,

523 3695 604 3756 qui
616 3693 784 3752 fronte
807 3694 938 3740 tristi
960 3699 1005 3740 et
1025 3694 1171 3754 grati
1190 3694 1457 3754 supercilio.
1489 3696 1594 3745 Sed

523 3769 725 3833 opinor,
762 3783 823 3817 ea
861 3778 1080 3831 utroque
1114 3769 1266 3816 modo
1299 3779 1444 3820 recte
1478 3786 1592 3819 cum

523 3848 636 3895 istis
700 3844 1035 3894 substantivis
1097 3846 1343 3907 conjungi
1408 3861 1559 3909 posse
1583 3865 1597 3909 ;

526 3922 757 3984 quamvis
782 3919 949 3966 ordini
979 3919 1029 3967 in
1054 3918 1323 3968 codicibus
1346 3922 1478 3972 Mss.
1503 3923 1595 3973 ob-

525 3997 610 4046 vio
634 3997 796 4058 magis
821 3994 1045 4043 faveam.
1098 3998 1113 4023 ‘
1141 3996 1415 4061 'l‘ristitia,'
1439 4001 1454 4026 ‘
1475 4014 1593 4062 gra-

526 4071 696 4135 vitas,'
720 4076 735 4101 ⁸
760 4069 1049 4127 severitas,’
1081 4080 1202 4120 sunt
1234 4082 1471 4137 cognatas
1506 4092 1592 4125 na·

527 4156 678 4209 turae,
698 4162 796 4198 nec
821 4162 938 4196 raro
957 4147 1371 4212 conjunguntur;
1407 4152 1594 4215 quibus

526 4232 878 4287 opponuntur,
895 4224 1151 4280 remissio,
1173 4226 1418 4288 suavitas,
1436 4229 1591 4277 comi.

524 4308 623 4351 tas.
659 4302 836 4351 Cic-in
862 4302 1046 4364 Laelio,
1066 4316 1183 4366 cap.
1211 4304 1288 4355 18.
1322 4303 1338 4331 ‘
1362 4304 1598 4354 Tristitia

1209 402 1425 449 No'rAE
1476 400 1885 449 VARtoRUM
1939 401 2015 448 m

1656 552 1848 608 antem,
1871 553 1924 594 et
1947 546 1996 594 in
2023 544 2158 593 omni
2189 558 2242 591 re
2268 543 2537 607 severitas,
2559 544 2722 597 babet
2755 556 2758 559 ⁴

1658 623 1746 670 illa
1767 622 1968 686 quidem
1995 623 2335 685 gravitatem3
2369 625 2460 670 sed
2494 624 2724 672 amicitia

1659 700 1915 747 remissior
1951 713 2061 747 esse
2100 697 2281 757 debet,
2320 707 2375 747 et
2416 700 2646 761 liberior,
2669 705 2725 748 et

1657 776 1876 838 dulcior,
1904 783 1959 824 et
1989 775 2054 823 ad
2086 788 2287 823 omnem
2322 774 2619 823 comitatem
2644 774 2723 824 fa·

1659 856 2008 916 cilitatemque
2030 851 2346 915 proclivior!
2367 853 2480 902 Cic.
2496 841 2560 900 de
2575 853 2726 902 Orat.

1658 945 1721 980 n.
1746 936 1827 981 71.
1859 939 1872 959 ‘
1901 931 2089 978 Vultus
2115 929 2323 993 quidem
2358 944 2460 992 qno
2494 930 2726 979 severior

1657 1016 1710 1056 et
1730 1008 1948 1067 tristior,
1966 1015 2021 1056 ut
2041 1007 2091 1053 iu
2110 1012 2180 1061 te,
2198 1005 2529 1061 Crasse,'&c.
2566 1005 2721 1053 Plan·

1658 1093 1729 1147 to,
1766 1085 1993 1143 Tibullo,
2030 1091 2084 1132 et
2124 1083 2252 1136 aliis,
2289 1089 2304 1111 ⁸
2330 1079 2505 1130 frons'
2531 1081 2726 1131 dicitur

1656 1169 1669 1190 ‘
1698 1162 1859 1210 tristis
1883 1160 1924 1220 ;’
1961 1159 2228 1214 Lucretio,
2264 1159 2280 1185 ‘
2308 1158 2455 1207 triste
2489 1158 2726 1220 superci-

1656 1238 1814 1287 liuni.'
1864 1238 2035 1286 Etiam
2060 1236 2309 1292 Martiali,
2337 1250 2413 1284 xi.
2434 1240 2484 1284 2.
2516 1237 2531 1262 ‘
2552 1236 2727 1285 Triste

1656 1315 2010 1377 supercilium,
2042 1312 2259 1377 durique
2291 1326 2476 1361 severa
2512 1312 2729 1361 Catonis

1657 1392 1855 1440 Frons.’
1890 1394 1904 1417 ‘
1933 1389 2125 1439 Frons'
2150 1399 2322 1437 autem
2347 1405 2494 1453 a‘que
2519 1403 2581 1438 ac
2604 1392 2619 1417 ⁸
2640 1403 2725 1437 su-

1656 1471 1927 1533 percilium
1948 1469 1961 1489 '
1993 1468 2252 1516 habentur
2285 1467 2481 1515 indices
2509 1464 2728 1516 affectu·

1659 1559 1743 1593 nm
1792 1551 1846 1593 et
1891 1543 2286 1606 propensionum
2343 1542 2517 1591 animi.
2587 1542 2729 1591 Hinc

1657 1622 1858 1670 Plinius
1886 1620 2074 1680 Major,
2101 1633 2177 1667 xi.
2203 1622 2283 1666 37.
2318 1619 2333 1644 ‘
2359 1618 2520 1667 Frons
2543 1626 2598 1667 et
2619 1617 2730 1665 aliis

1656 1697 1998 1746 animantibus
2021 1714 2034 1754 ;
2057 1696 2146 1744 sed
2168 1694 2358 1742 bomini
2385 1702 2584 1743 tantum
2614 1695 2730 1743 tris·

1661 1774 1809 1836 titiae‚
1856 1773 2154 1834 hilaritatis,
2192 1772 2504 1826 clementiae‚
2536 1770 2733 1819 severi-

1660 1852 1800 1907 tatis,
1826 1849 2019 1899 index)
2087 1851 2171 1899 De
2197 1852 2212 1877 ‘
2240 1849 2533 1911 superciliis
2555 1847 2570 1868 ¹
2591 1847 2729 1897 idem

1660 1927 1882 1976 ibidem:
1934 1934 1948 1956 ⁸
1976 1927 2036 1975 Iu
2078 1927 2138 1974 iis
2177 1941 2297 1989 pars
2333 1926 2521 1974 animi:
2574 1939 2732 1987 nega·

1659 2017 1790 2059 mus,
1816 2018 1879 2051 an
1902 2003 2210 2051 annuimus?
2247 2002 2379 2050 Haec
2403 2003 2629 2050 maxime
2655 2004 2731 2051 in·

1659 2081 1834 2129 dicant
1857 2079 2066 2128 fastum.
2115 2078 2373 2139 Superbia
2394 2078 2583 2127 alicubi
2608 2091 2730 2127 con·

1659 2157 2007 2220 ceptaculum,
2047 2157 2137 2203 sed
2186 2155 2271 2203 liic
2316 2155 2509 2211 sedem,
2555 2157 2731 2205 habet.

1662 2234 1721 2281 Iu
1740 2234 1896 2281 corde
1918 2235 2146 2282 nascitur
2164 2250 2178 2292 ;
2204 2234 2300 2281 linc
2319 2234 2480 2286 subit,
2503 2233 2586 2281 liic
2605 2247 2732 2296 pen·

1662 2310 1787 2359 det)
1825 2312 1975 2359 Idem.

1730 2390 1828 2444 Qui
1854 2388 2021 2446 fronte
2055 2385 2223 2449 gravi]
2260 2385 2370 2434 viri
2411 2386 2620 2449 pessimi
2643 2400 2731 2434 ca-

1661 2467 1883 2515 lumnias
1920 2467 2215 2514 excitantes
2260 2466 2339 2513 vel
2381 2479 2530 2529 aeque
2568 2467 2730 2528 pessi·

1664 2558 1799 2591 nium
1828 2543 2114 2604 principem
2143 2541 2412 2604 docentes,
2448 2556 2551 2605 quo
2575 2542 2728 2591 modo

1663 2619 1854 2668 civium
1901 2619 2033 2666 bona
2081 2625 2335 2680 raperem
2387 2633 2503 2667 nam
2552 2622 2569 2648 ⁸
2598 2619 2733 2667 bona

1666 2694 1894 2743 vivorum
1926 2702 1980 2744 et
2006 2702 2321 2744 mortuorum
2347 2709 2737 2759 usquequaque,

1666 2771 1894 2835 quolibet
1939 2778 1993 2819 et
2033 2779 2357 2830 accusatore,
2399 2779 2456 2821 et
2498 2772 2735 2835 crimine,

1667 2846 2120 2910 corripiebantur.'
2157 2849 2376 2897 Patarol.

1738 2923 2117 2986 Contumaciter]
2152 2924 2298 2972 Alias
2324 2923 2515 2973 dicitur
2538 2938 2632 2987 pro
2657 2939 2737 2973 ar·

1670 3007 1914 3061 roganter
1957 3010 2114 3063 atque
2158 3001 2440 3049 insolenter
2483 3001 2737 3049 adversus

1669 3079 1982 3140 superiores.
2050 3080 2167 3128 Hoc
2207 3079 2321 3129 loco
2357 3078 2494 3128 idem
2541 3087 2641 3135 est,
2677 3093 2737 3128 ac

1672 3155 1876 3205 assidue
1933 3164 1988 3205 et
2049 3155 2563 3218 perseverantissimo
2633 3164 2740 3203 stu-

1672 3231 1777 3280 dio.
1842 3234 2040 3281 Seneca
2064 3233 2230 3296 Epist.
2252 3235 2335 3281 4⁵.
2371 3233 2386 3259 ‘
2411 3231 2739 3282 Qualescun·

1672 3320 1775 3369 que
1808 3315 1928 3356 sunt
1965 3307 2081 3356 libri
2122 3307 2239 3363 mei,
2272 3315 2325 3357 tu
2359 3306 2475 3355 illos
2503 3305 2578 3355 sic
2605 3306 2742 3368 lege,

1674 3393 1917 3448 tanquam
1955 3399 2134 3433 verum
2166 3398 2392 3446 qiiaeram
2417 3381 2607 3439 adhuc,
2640 3398 2738 3432 non

1671 3460 1830 3509 sciam
1857 3477 1874 3521 ;
1924 3468 1980 3510 et
2037 3460 2419 3511 contumaciter
2472 3458 2740 3525 queram-⁹

1672 3537 1910 3587 Schwarz.

1739 3615 1842 3677 Ipsi
1862 3631 1948 3664 sua
1970 3615 2160 3679 sponte]
2200 3614 2375 3677 Forte,
2412 3613 2514 3678 1ροί
2552 3614 2741 3677 quiden

1672 3706 1757 3739 sua
1779 3697 1959 3753 sponte.
1996 3691 2165 3741 Livin.

1737 3768 1778 3815 A
1805 3766 1962 3830 nobis]
1984 3764 2384 3816 Animadvertas
2401 3766 2524 3814 licet
2545 3765 2742 3816 variam

1673 3855 1990 3896 structuram
2038 3842 2185 3891 verbi
2231 3846 2246 3872 ‘
2280 3843 2519 3892 discere}
2605 3844 2740 3893 Boni

1672 3923 1807 3970 enirn
1837 3921 2025 3983 linguas
2059 3921 2258 3968 Latiuoe
2294 3928 2537 3970 auctores
2562 3922 2744 3971 dieunt

1672 4008 1686 4030 ⁴
1714 4000 1915 4047 discere
1940 3998 2006 4046 ab
2031 3997 2239 4061 aliquo,'
2274 3998 2289 4023 ⁸
2317 4011 2381 4046 ex
2406 3998 2617 4062 atiquo:
2640 4007 2655 4029 ⁸
2680 3999 2746 4048 de

1672 4073 1875 4140 aliquo,'
1912 4083 1968 4124 et
2004 4076 2021 4102 ⁸
2048 4074 2187 4136 apud
2227 4073 2483 4136 aliquem:
2530 4074 2746 4125 Terent.

1671 4155 1802 4204 Eun.
1826 4165 1887 4201 ιι.
1909 4155 1991 4201 31.
2008 4155 2059 4200 2.
2080 4152 2095 4178 ‘
2114 4151 2185 4199 Ut
2209 4150 2308 4199 sibi
2335 4151 2519 4199 liceret
2539 4152 2742 4203 discere

1671 4230 1721 4279 id
1747 4230 1813 4278 de
1837 4226 1954 4278 me.'
2023 4227 2128 4277 Ubi
2144 4228 2387 4277 Donatus
2412 4227 2525 4277 baec
2549 4236 2702 4279 notat
2732 4246 2746 4278 ε

1671 4306 1687 4334 ‘
1708 4306 1898 4369 Magis,
1923 4313 1936 4335 ⁴
1963 4303 2029 4354 de
2052 4304 2178 4367 illo,’
2196 4312 2251 4353 et
2272 4304 2288 4331 ‘
2306 4303 2372 4354 de
2396 4318 2480 4354 me
2504 4305 2741 4365 discere?
