3060 4902
737 383 805 432 ο.
850 379 1087 430 »mun
1138 380 1472 430 ssscuunt
1526 381 1802 431 muno.
1877 384 1926 432 ι.
1972 369 2080 432 47.

288 523 456 586 mes;'
505 523 581 573 ita
618 527 675 573 et
719 523 809 573 bic
846 537 941 587 pro
976 523 1234 586 luminibus,
1274 536 1359 573 co-

284 602 395 650 dex
425 600 723 649 Vaticanus
755 603 902 648 3461.
934 599 1090 648 babet
1111 600 1364 661 limitibus,

288 676 461 726 codex
484 676 772 725 Vaticanus
799 680 939 726 1776.
962 684 1016 725 et
1052 675 1360 725 parisiensis

285 752 562 801 luminibus.
626 752 729 801 Sed
754 753 920 801 locum
944 766 1088 800 snum
1112 759 1256 802 recte
1283 759 1361 801 tu·

284 835 414 878 etur
443 830 603 878 lectio
635 829 864 891 vulgata,
893 843 1044 893 quam
1080 830 1238 877 etiam
1273 842 1359 878 ce-

289 904 391 954 teri
427 905 637 954 codices
665 904 848 965 scripti
880 904 1205 955 confirmant.
1237 912 1252 935 ‘
1273 907 1359 955 Li-

285 980 441 1029 men'
462 981 673 1044 proprie
690 980 884 1031 dicitur
911 995 1028 1044 pars
1045 982 1359 1044 junuae‚sive

288 1058 438 1108 trabs
451 1059 692 1122 superior
705 1058 843 1114 ostii,
861 1067 915 1108 et
934 1057 1166 1108 inferior.
1203 1058 1356 1111 Quod

285 1148 477 1185 nomen
500 1137 688 1186 Festus
712 1150 743 1184 a
765 1135 782 1162 ‘
804 1135 926 1185 limo
941 1134 955 1158 ⁹
976 1137 1207 1189 deducit.
1243 1144 1257 1168 ‘
1277 1137 1359 1187 Li-

288 1210 447 1268 mus,’
470 1212 658 1274 inquit,
682 1216 699 1240 ‘
717 1212 973 1275 obliquus,
999 1213 1046 1262 id
1072 1220 1169 1275 est,
1194 1222 1360 1263 trans·

286 1299 506 1348 versun
542 1287 751 1337 undeet
769 1288 977 1337 limina.’
1034 1291 1101 1338 Et
1123 1291 1360 1339 Donatus

285 1363 344 1416 in
384 1364 622 1414 Terentii
666 1367 802 1414 Eun.
832 1379 921 1417 ιιι.
953 1372 999 1415 5.
1032 1371 1112 1415 53.
1158 1367 1173 1395 ‘
1200 1366 1360 1415 Limis

286 1448 375 1490 est
407 1449 768 1502 transversus3
807 1442 943 1490 unde
982 1442 1135 1492 limen
1169 1442 1362 1492 dicitur

284 1531 517 1582 quoqne,
538 1517 675 1582 quod
696 1517 1103 1581 ingredientibus
1126 1518 1360 1568 exeunti·

287 1592 491 1659 busque
512 1602 863 1644 transversum
884 1594 1000 1643 est)
1044 1594 1248 1644 Deinde
1274 1601 1289 1622 ‘
1304 1595 1361 1644 li·

286 1667 442 1718 men'
486 1683 586 1734 per
622 1669 934 1731 συνεκδοχὴν,
975 1671 1048 1719 uti
1089 1671 1186 1720 hoc
1226 1671 1361 1732 loco,

284 1744 489 1795 dicitnr
514 1760 608 1808 pro
623 1746 809 1808 janua,
833 1747 982 1803 ostio,
1006 1745 1231 1807 foribus3
1269 1747 1361 1795 im-

287 1834 372 1870 no
402 1821 685 1885 aliquando
720 1822 879 1871 etiam
916 1836 1010 1885 pro
1046 1830 1157 1870 tota
1191 1821 1361 1872 domo.

286 1897 474 1961 Vin-gil.
517 1897 715 1959 Georg.
763 1911 827 1947 n.
865 1902 978 1947 504.
1032 1899 1046 1927 ‘
1077 1899 1363 1948 Penetrsnt

287 1973 430 2022 sulas
461 1981 520 2022 et
552 1973 729 2022 limina
752 1973 967 2036 regum)
1034 1974 1200 2024 Quam
1226 1970 1361 2021 diffi-

284 2050 400 2100 cilis
432 2049 717 2114 aliquando
749 2048 908 2099 fuerit
936 2049 1218 2100 clientibus
1252 2050 1361 2098 adi-

286 2133 370 2175 tus
406 2126 475 2174 ad
507 2125 721 2186 divites,
754 2132 810 2175 et
847 2126 1080 2189 inprimis
1112 2124 1179 2174 ad
1222 2125 1360 2188 prin·

284 2200 434 2264 cipes
468 2201 744 2264 superbos,
777 2201 936 2251 etism
972 2208 1100 2256 tum.
1131 2214 1247 2250 cum
1283 2201 1362 2250 his

286 2277 556 2326 matutine
601 2277 926 2327 salutationis
964 2275 1187 2326 officium
1231 2291 1362 2340 prae-

283 2353 474 2402 staturi
519 2360 717 2412 essent,
754 2352 896 2415 (curn
939 2360 996 2403 et
1037 2352 1360 2415 principibus

285 2429 533 2479 solennes
554 2428 896 2478 salutationes
921 2425 1203 2491 ferrentur,
1226 2434 1361 2479 teste

284 2505 472 2555 Tacito
498 2504 689 2553 Annal.
713 2518 777 2554 11.
800 2504 908 2567 22.)
926 2504 1117 2555 indicat
1135 2505 1359 2569 cumpri-

283 2582 381 2631 mis
408 2583 617 2632 Seneca
641 2582 706 2631 de
729 2582 1001 2632 Brevitate
1023 2583 1182 2644 Vitae,
1206 2598 1255 2633 c.
1282 2587 1362 2632 14.

283 2665 299 2688 ·
323 2657 426 2708 Isti
460 2657 551 2724 qui
599 2672 695 2723 per
727 2656 898 2708 officia
929 2657 1243 2720 discursant,
1272 2658 1362 2724 qui

287 2750 343 2787 se
375 2736 613 2799 aliosque
648 2735 957 2800 inquietant,
979 2750 1094 2784 cum
1131 2736 1262 2784 bene
1285 2736 1361 2785 in-

286 2811 560 2866 sanierint,
586 2825 701 2860 cum
732 2811 957 2860 omnium
987 2811 1168 2860 limina
1193 2812 1361 2875 quoti·

285 2886 371 2936 die
388 2886 890 2952 perambulaverint,
902 2901 1000 2936 nec
1017 2887 1145 2936 ullas
1158 2895 1362 2950 apertas

284 2962 426 3014 fores
450 2964 837 3028 preterierinu
869 2977 985 3014 cum
1009 2978 1105 3027 per
1126 2964 1361 3016 diversas

284 3039 469 3090 domos
509 3040 828 3090 meritoriam
866 3040 1230 3090 salutationem
1266 3040 1361 3089 cir·

283 3115 630 3166 enmtnlerint
646 3131 662 3177 3
681 3125 1156 3180 quotumquemque
1172 3131 1237 3165 ex
1255 3125 1360 3165 tam

284 3191 559 3253 immensa,
595 3198 650 3241 et
686 3192 837 3241 variis
876 3191 1246 3256 cupiditatibus
1279 3193 1360 3241 di-

285 3266 497 3329 stricta,
518 3266 648 3316 urbe
686 3274 933 3331 poterunt
964 3267 1172 3317 videre?
1205 3282 1359 3331 quam

286 3344 435 3393 multi
456 3351 631 3401 erunt,
644 3358 857 3408 quornm
877 3344 1011 3406 illos,
1028 3351 1117 3393 aut
1134 3357 1362 3406 somnus,

287 3425 377 3468 ant
400 3417 632 3479 lux-uria,
657 3425 747 3467 aut
769 3417 1059 3468 humanitas
1088 3418 1357 3467 submove·

286 3496 375 3545 at?
399 3507 561 3559 quam
578 3494 847 3559 multi,qui
863 3495 997 3550 illos,
1012 3508 1128 3544 cum
1146 3493 1233 3543 diu
1254 3501 1359 3544 tor-

286 3572 474 3628 serint.
488 3570 728 3622 simulata
745 3569 1079 3621 festinatione
1100 3577 1358 3621 transcur-

286 3647 441 3697 rant?
474 3661 633 3712 quam
666 3648 813 3697 multi
852 3662 947 3709 per
981 3645 1230 3696 refertum
1265 3646 1360 3696 cli·

287 3724 501 3775 entibus
536 3723 724 3773 atrium
762 3723 973 3786 prodire
1008 3722 1267 3778 vitabunt,
1301 3730 1359 3772 et

288 3815 386 3864 per
416 3799 672 3851 obscuros
709 3799 892 3848 edium
928 3798 1099 3847 aditus
1133 3797 1358 3862 profugi-

289 3877 417 3926 ent?
447 3875 598 3939 qnasi
635 3887 739 3924 non
771 3874 1097 3923 inhumanius
1126 3874 1196 3923 sit
1221 3873 1360 3924 deci-

289 3965 435 4017 pere,
459 3966 618 4015 quam
640 3949 940 4000 excludere.
1007 3951 1176 4001 Quam
1196 3950 1362 4007 multi,

289 4026 532 4077 besterna
552 4026 771 4088 crapula
799 4025 1133 4074 semisomnes
1156 4036 1210 4074 et
1245 4039 1361 4087 gra·

293 4116 400 4161 ses.
422 4103 523 4153 illis
546 4103 750 4152 miseris
772 4115 1008 4151 somuum
1047 4117 1195 4152 suum
1227 4116 1360 4151 rum·

292 4180 555 4243 pentibus,
588 4186 647 4228 ut
688 4179 912 4228 alienum
944 4183 1241 4241 expectent,
1274 4178 1361 4227 vix

290 4258 523 4309 allevatis
569 4254 719 4305 labiis
764 4255 1136 4306 insusurratum
1178 4255 1363 4306 millies

422 4338 599 4404 Daph.
621 4342 671 4386 et
702 4335 818 4387 Ver.
849 4336 977 4387 ctu.

1254 4336 1439 4398 Paneg.
1474 4336 1583 4386 Vet-

2369 368 2497 434 721

1437 536 1623 573 nomen
1656 524 1963 574 oscitatione
1991 525 2359 590 superbissima
2387 528 2505 577 red-

1436 599 1604 647 dent.'
1668 599 1935 663 Ὓπερβολὴ
1979 616 2103 651 vero
2138 609 2219 651 est
2256 616 2504 665 superans

1434 671 1614 735 fidem,
1651 677 1860 738 quando
1897 677 2099 725 Plinius
2133 677 2286 734 dixit.
2321 679 2336 705 ‘
2362 679 2501 730 mille

1435 751 1651 809 limina,'
1691 752 1769 800 vel
1800 752 1951 814 ostia,
1985 756 2216 816 superari
2251 761 2306 804 et
2344 770 2505 818 peue-

1437 828 1561 875 trari
1594 828 1910 891 oportuisse,
1933 836 2208 892 antequam
2242 832 2505 896 principes

1434 902 1642 966 quidam
1676 903 1806 952 adiri
1846 905 2140 968 potuerint3
2179 905 2263 953 ubi
2305 908 2505 958 Seneca

1436 978 1501 1027 de
1528 977 1762 1029 Benefic.
1789 993 1869 1029 vr.
1901 984 1983 1029 33.
2007 980 2324 1030 moderatius
2347 984 2438 1045 ait,
2460 985 2505 1033 si

1433 1055 1549 1118 quis
1575 1061 1589 1083 ‘
1613 1055 1829 1118 gradum
1859 1057 2002 1106 intra
2023 1057 2229 1107 domum
2254 1061 2507 1123 posuerit,

1434 1129 1683 1194 deinceps
1718 1131 1880 1180 multa
1914 1129 2072 1181 fuisse
2107 1134 2398 1199 ostia,quae
2423 1150 2506 1185 re-

1434 1215 1618 1268 ceptos
1646 1221 1852 1271 quoque
1876 1210 2229 1259 excluserint.⁸
2264 1211 2415 1261 Idem.

1502 1283 1646 1330 Mille
1665 1283 1928 1347 liminibus]
1951 1286 2088 1335 Satis
2108 1287 2205 1337 hoc
2223 1287 2417 1350 laxum,
2437 1288 2504 1340 dc

1435 1358 1565 1406 mille
1603 1359 1880 1417 liminibus5
1912 1361 2004 1410 sed
2042 1364 2271 1412 oratoria
2297 1379 2503 1428 nempe,

1437 1448 1503 1484 an
1529 1434 1733 1497 poetica
1752 1437 2124 1499 superlatione.
2155 1440 2351 1490 Tamen
2380 1445 2503 1491 mul-

1441 1518 1493 1561 ta
1516 1511 1628 1560 liaec
1647 1513 1797 1574 ostia,
1819 1527 1883 1560 ex
1907 1528 2067 1576 more,
2091 1514 2358 1565 divitibus.
2413 1519 2500 1567 Se·

1439 1602 1567 1636 neca
1603 1587 1668 1636 de
1709 1587 1896 1638 Beuef.
1934 1604 2009 1640 vr.
2038 1594 2120 1639 33.
2159 1593 2266 1640 ‘Ut
2287 1593 2503 1655 gradum

1439 1663 1578 1713 intra
1600 1665 1807 1714 domum
1835 1680 2015 1729 ponas.
2053 1667 2105 1715 in
2126 1681 2228 1731 qua
2253 1668 2502 1734 deinceps

1438 1742 1601 1790 multa
1625 1750 1746 1791 suut
1768 1742 1922 1805 ostis,
1955 1759 2070 1807 quae
2106 1752 2352 1807 receptos
2376 1762 2503 1810 quo-

1438 1830 1542 1881 que
1565 1818 1890 1875 excluduut‚'
1922 1820 1988 1869 de
2024 1819 2151 1885 ipsis
2173 1820 2284 1871 istis
2307 1824 2500 1875 saluta·
2593 1815 2609 1829 ⁸

1428 1894 1688 1953 tionibus.
1722 1895 1860 1959 Lips.

1501 1972 1664 2020 Juxta
1687 1971 1758 2034 te]
1785 1972 2077 2022 Pronomen
2102 1977 2148 2024 te
2171 1973 2254 2023 hic
2279 1981 2500 2038 praeter·

1437 2046 1654 2096 mittunt
1693 2047 2036 2105 Puteolanus,
2078 2051 2371 2106 Catauaeus,
2410 2052 2502 2101 ΑΙ-

1437 2122 1551 2185 dus,
1588 2124 1774 2184 Juuta,
1810 2123 2111 2177 Rhenanus,
2152 2123 2500 2190 philominus,

1439 2208 1657 2264 uterque
1682 2199 2003 2263 Stephanus,
2027 2200 2319 2256 Plautinus,
2357 2203 2503 2251 Elze·

1438 2276 1576 2336 virii,
1620 2276 2003 2337 Berneggerus‚
2046 2274 2306 2330 Graevius,
2344 2277 2504 2333 Ceva.

1437 2350 1721 2414 Gesnerus,
1740 2349 2072 2400 Arntzenius.
2108 2351 2375 2400 Potuisset
2395 2353 2506 2402 lraec

1438 2428 1622 2478 vocula
1650 2427 1925 2492 praeteriri,
1963 2432 2018 2477 et
2054 2425 2204 2478 facile
2245 2430 2413 2492 repeti
2436 2445 2504 2480 ex

1437 2505 1898 2567 antecedentibus3
1947 2505 2039 2554 sed
2085 2507 2351 2569 anaphora
2408 2510 2503 2559 lioc

1432 2582 1547 2632 loco
1572 2583 1820 2646 repetita,
1845 2584 2023 2631 nescio
2064 2583 2342 2648 quomodo,
2381 2599 2500 2647 gra-

1438 2658 1542 2708 tior
1565 2658 1762 2707 accidit
1795 2658 2034 2707 auribus:
2072 2658 2254 2709 adhaec
2292 2660 2344 2709 in
2380 2676 2502 2712 ean·

1436 2734 1558 2783 dem
1584 2735 1820 2783 voculam
1846 2749 2022 2783 omnes
2059 2736 2243 2799 scripti
2276 2737 2505 2795 codices,

1434 2817 1490 2860 et
1510 2811 1619 2875 alii,
1638 2811 1678 2859 si
1696 2826 1725 2859 a
1744 2810 1914 2860 citatis
1940 2811 2262 2875 discesseris,
2277 2813 2393 2862 libri
2416 2828 2503 2863 ex-

1436 2886 1569 2948 cusi,
1586 2887 1935 2936 consentiunt.
1969 2887 2216 2937 Schwurz.

1504 2965 1711 3012 Tantum
1753 2963 1921 3024 ubique
1964 2963 2234 3024 silentium]
2288 2964 2336 3012 Ο
2383 2967 2501 3027 pul·

1437 3039 1588 3088 chre!
1645 3045 1701 3088 et
1742 3038 1839 3086 hoc
1885 3041 2089 3086 nomine
2147 3039 2368 3087 barbara
2417 3042 2502 3089 illa

1435 3116 1721 3165 Turenum
1746 3115 1891 3163 natio
1923 3113 2202 3177 laudanda,
2231 3112 2415 3178 quibus
2453 3116 2503 3164 iu

1436 3207 1534 3241 sua
1586 3192 1770 3255 Porta,
1818 3191 1959 3240 inter
2006 3190 2146 3240 mille
2189 3191 2512 3256 Janitzaros,

1437 3268 1695 3331 aliumque
1757 3264 2075 3330 contimtum,
2122 3266 2385 3318 silentium
2422 3279 2504 3321 est

1423 3356 1586 3407 ‚pene
1611 3341 1922 3390 solitudinis.
1956 3342 2091 3403 Lips.

1503 3420 1621 3467 Tam
1654 3420 1779 3465 ultus
1819 3417 1998 3480 pudor]
2035 3415 2259 3466 Codices
2294 3419 2503 3482 quidam

1435 3493 1702 3555 Vaticani,
1722 3501 1776 3543 ct
1800 3491 2143 3556 Guelphicus,
2178 3492 2374 3544 habent
2395 3501 2505 3547 tan-

1434 3577 1512 3620 tus
1528 3572 1700 3633 pudor.
1764 3569 1870 3618 Sed
1895 3569 2022 3618 nibil
2066 3579 2148 3620 cst
2179 3570 2499 3625 mutandum.

1436 3645 1713 3710 Equidem,
1770 3647 1784 3671 ‘
1810 3644 2110 3695 silentium'
2164 3646 2503 3710 utplurimum

1439 3730 1655 3771 vocatur
1679 3723 1871 3771 ‘altum
1893 3721 1926 3782 ς’
1961 3729 2192 3772 attamen
2235 3730 2288 3772 et
2321 3724 2503 3788 ingens

1433 3799 1584 3861 pudor
1607 3804 1752 3846 recte
1777 3796 1879 3846 dici
1907 3805 2084 3860 potest
2107 3801 2265 3858 ultus,-
2302 3800 2376 3849 uti
2399 3802 2502 3849 Ta-

1436 3875 1543 3923 cito
1585 3874 1774 3925 Annal.
1812 3888 1929 3925 xv1.
1953 3878 2035 3923 29.
2074 3875 2270 3925 dicitur
2304 3882 2318 3904 ‘
2342 3889 2502 3924 novus

1436 3956 1492 4000 et
1516 3951 1672 3999 altior
1694 3965 1853 4013 pavor
1871 3949 1907 4012 ς’
1940 3959 1994 3999 et
2019 3950 2270 3999 Petronio
2311 3964 2355 4000 c.
2388 3956 2504 3999 128.

1437 4035 1451 4057 ⁶
1477 4028 1629 4077 timor
1669 4025 1839 4088 altus(
1893 4027 1981 4091 qui
2040 4028 2248 4090 penitus
2296 4027 2504 4077 insedit.

1440 4106 1682 4159 Schmun-z.

1510 4182 1739 4243 Exempla
1762 4178 2059 4241 reserantur]
2095 4180 2183 4228 Sic
2208 4177 2426 4241 legimus
2450 4180 2502 4231 iu

1440 4257 1643 4304 excusis
1671 4255 2001 4320 plurimisque
2027 4254 2256 4318 scriptis·
2323 4255 2505 4304 Codex

2262 4335 2373 4386 22
