3060 4902
553 346 686 412 996

556 512 764 556 onustos
782 502 1014 568 impetus
1025 503 1233 555 faeere!
1266 505 1381 555 Nec
1397 503 1623 554 Porcius

554 584 711 632 Latro
742 596 772 630 a
807 581 979 630 studio
1013 581 1234 630 venandi
1263 579 1366 631 fuit
1404 583 1619 631 alienus.

554 659 709 707 Teste
753 657 894 706 onim
937 658 1139 706 Seneca
1185 657 1404 707 Praefat.
1451 659 1539 708 lib.
1577 673 1618 707 1.

554 736 889 785 Controvers.
940 736 955 762 ‘
983 737 1113 784 Cum
1150 749 1208 782 se
1251 736 1390 784 silvis
1427 736 1616 785 monti·

551 813 751 875 busque
778 811 1086 868 tradiderat,
1108 826 1283 861 ornnes
1307 813 1417 861 illos
1442 828 1616 875 agres-

553 898 630 937 tes
652 888 704 936 iu
726 888 866 936 silvis
884 902 944 937 ac
959 888 1214 937 montibus
1235 896 1401 951 natos,
1424 888 1616 938 laboris

549 965 824 1029 patientia,
848 979 908 1013 ac
928 964 1150 1013 venandi
1173 964 1403 1026 solertia,
1428 979 1616 1029 provo·

550 1041 741 1091 cahat?
779 1043 845 1090 Et
872 1042 997 1091 Cato
1023 1042 1213 1104 Major,
1236 1041 1373 1103 apud
1407 1041 1520 1090 Cic.
1548 1042 1612 1090 de

550 1118 858 1179 Senectute,
884 1132 998 1180 cap.
1026 1122 1103 1166 16.
1137 1119 1151 1144 ‘
1171 1116 1512 1180 Conditiora,’
1539 1119 1614 1167 in·

546 1196 679 1258 quit,
715 1196 728 1221 ‘
756 1193 885 1243 facit
916 1195 1027 1244 liaec
1061 1193 1354 1256 (commoda
1388 1194 1615 1257 agricul-

548 1268 706 1334 turae)
729 1271 1099 1333 supervacanei
1125 1270 1297 1330 operis
1333 1269 1613 1333 aucupium

545 1356 704 1410 atque
727 1342 966 1395 venatio-⁹
1013 1346 1295 1408 Septimius
1314 1347 1614 1410 Marcellus,

543 1425 701 1476 ducta
736 1425 946 1473 domum
972 1423 1169 1487 Sylvia,
1198 1423 1505 1486 plerumque
1532 1438 1613 1473 re·

543 1502 840 1552 nationibus
878 1513 1087 1562 operam
1127 1498 1303 1554 dabat,
1349 1498 1615 1548 referente

543 1579 826 1627 Plutarcho
863 1578 911 1625 in
947 1575 1082 1624 Vitis
1123 1574 1320 1623 Parall.
1356 1590 1474 1637 pag.
1497 1578 1613 1623 312.

546 1655 656 1704 Cic.
683 1654 747 1703 de
773 1655 895 1703 Nat.
928 1653 1085 1700 Deor.
1112 1665 1173 1699 n.
1195 1655 1278 1699 6⁴.
1308 1654 1324 1677 ‘
1349 1651 1612 1700 Immanes

542 1738 595 1779 et
618 1729 751 1779 feras
771 1731 968 1780 belluas
988 1730 1334 1777 nanciscimur
1352 1729 1608 1786 venando.

541 1813 672 1855 utet
699 1821 969 1855 vescamur
1002 1806 1083 1868 iis,
1111 1815 1162 1854 et
1196 1820 1532 1854 exerceamur
1557 1808 1607 1855 in

541 1883 796 1942 venando,
851 1882 913 1931 ad
970 1883 1356 1930 similitudinem
1406 1882 1609 1931 bellicae

541 1958 865 2021 disciplinae.'
932 1957 1100 2019 Idem,
1146 1958 1212 2005 de
1259 1956 1483 2005 moribus
1528 1957 1606 2005 sui

539 2035 808 2096 temporis,
856 2034 921 2081 de
961 2032 1116 2081 Offic.
1162 2048 1201 2082 ι.
1241 2037 1322 2081 29.
1355 2034 1369 2060 ⁴
1408 2034 1606 2096 Suppe-

539 2113 706 2161 ditant
748 2118 802 2162 et
845 2126 1058 2175 campus
1098 2119 1293 2166 noster,
1339 2119 1394 2160 et
1432 2112 1608 2161 studia

539 2190 784 2251 venandi,
827 2190 1037 2238 honesta
1079 2189 1320 2250 exempla
1360 2188 1608 2236 ludendi!

539 2267 696 2316 Orid.
720 2268 856 2315 inter
873 2267 1005 2314 seria
1028 2265 1253 2313 remedia
1273 2265 1474 2313 Amoris
1498 2272 1606 2314 stu-

537 2344 676 2393 dium
703 2342 923 2393 venaudi
942 2349 1204 2403 numerat,
1228 2356 1302 2388 vs.
1326 2345 1435 2389 199.
1462 2342 1478 2368 ‘
1504 2341 1604 2390 Vel

540 2429 594 2468 tu
642 2419 859 2469 venandi
897 2419 1124 2468 studium
1162 2418 1306 2467 cole:
1348 2431 1490 2481 saepe
1525 2432 1604 2466 re-

537 2498 693 2546 cessit
717 2496 969 2559 Turpiter
993 2510 1020 2543 a
1047 2493 1230 2543 Pboebi
1262 2493 1399 2542 vieta
1425 2508 1605 2543 sorore

537 2572 753 2629 Venus,'
775 2576 875 2622 διο.
916 2572 1102 2621 Horat.
1131 2571 1296 2634 Epist.
1332 2583 1370 2617 t.
1397 2574 1474 2620 18.
1515 2586 1602 2619 ve-

538 2651 802 2698 nationem
849 2655 1003 2697 vocat
1048 2650 1063 2676 ‘
1107 2647 1347 2696 Romanis
1391 2648 1602 2696 solenne

538 2728 659 2776 viris
699 2741 850 2788 opus,
891 2727 1014 2774 utile
1066 2725 1216 2773 famae
1260 2725 1504 2789 Vitoeque
1548 2733 1601 2774 et

535 2803 799 2862 membris,
833 2802 1126 2865 praesertim
1166 2817 1283 2850 cum
1321 2804 1509 2862 valeas,
1547 2810 1602 2852 et

533 2881 634 2928 Vel
669 2893 823 2928 cursu
857 2892 1104 2941 superare
1135 2892 1338 2933 canem,
1371 2877 1451 2925 vel
1484 2878 1602 2926 viri·

530 2957 625 3005 bns
682 2969 885 3019 aprum,
942 2954 1158 3004 Possis:
1226 2953 1378 3016 adde,
1435 2952 1602 3003 virilia

533 3033 668 3097 qtiod
710 3032 996 3097 speciosius
1036 3046 1178 3079 arma
1217 3032 1336 3079 Non
1373 3039 1474 3094 est,
1508 3034 1597 3096 qui

530 3108 760 3158 tractet-³
829 3109 957 3157 Cum
1002 3108 1157 3171 igitur
1197 3108 1403 3156 Sallust.
1442 3107 1599 3157 Catil.

530 3200 646 3247 cap.
671 3191 719 3235 4.
760 3193 954 3240 narret,
979 3198 1033 3232 se
1070 3190 1083 3211 ⁸
1110 3196 1279 3246 neque
1304 3197 1482 3244 agrum
1508 3199 1596 3233 co-

528 3262 702 3317 lendo,
728 3270 817 3310 aut
843 3260 1096 3321 venando,
1122 3258 1391 3308 servilibus
1415 3257 1596 3311 officiis

527 3339 806 3399 intentum,
853 3346 1063 3387 aetatem
1118 3352 1273 3400 agere
1321 3338 1543 3387 voluisse
1562 3337 1596 3400 ;'

529 3422 654 3462 tuuc
697 3413 849 3462 facile
887 3423 1054 3477 patet,
1090 3429 1204 3463 eum
1248 3430 1350 3463 non
1399 3415 1594 3479 simpli·

527 3487 675 3549 citer,
714 3490 804 3535 sed
845 3499 1143 3552 comparate
1173 3500 1226 3540 et
1261 3491 1461 3540 ratione
1486 3493 1592 3541 cul·

527 3572 664 3613 turoe
686 3564 838 3612 animi
866 3572 1022 3628 atque
1048 3567 1261 3628 ingenii,
1300 3569 1399 3616 ista
1423 3569 1594 3619 studia

528 3641 819 3705 appellasse
855 3642 870 3667 ‘
896 3639 1065 3689 officia
1113 3643 1355 3704 servilia,’
1407 3654 1594 3707 quate-

527 3733 621 3766 nus
667 3725 819 3766 antea
861 3715 1087 3771 dixerat.
1132 3731 1225 3766 uos
1259 3719 1274 3744 ‘
1300 3721 1454 3766 animi
1500 3720 1593 3768 im-

528 3794 691 3857 perio,
730 3792 958 3856 corporis
993 3792 1229 3853 servitio,
1269 3794 1431 3856 magis
1465 3797 1538 3843 uti
1560 3796 1594 3856 ;'

527 3881 682 3934 prout
706 3872 856 3919 istum
881 3869 1110 3918 Sallustii
1135 3869 1303 3918 locum
1332 3876 1475 3919 recte
1500 3885 1591 3920 ex-

529 3947 683 4007 plicat
712 3945 940 3994 Cottius.
1007 3944 1252 3993 Ceterum
1274 3945 1473 4007 Lipsius
1498 3948 1591 3996 du-

525 4024 710 4071 bitavit
751 4037 816 4070 au
857 4037 974 4075 non,
1010 4036 1103 4082 pro
1134 4023 1445 4086 experientia,
1486 4026 1589 4089 legi

523 4098 717 4146 debeat
760 4097 1097 4159 experimenta.
1174 4099 1389 4156 Verum,
1431 4102 1587 4151 nolim

522 4174 785 4223 solicitarc
813 4173 1090 4222 lectionem
1113 4174 1389 4238 vulgatam,
1409 4184 1464 4227 et
1482 4192 1589 4228 om-

525 4250 664 4299 nium
683 4249 933 4299 librorum
951 4252 1266 4302 auctoritate
1285 4254 1590 4304 stabilitam.

1173 360 1176 365 ’
1262 358 1473 409 No’rAE
1523 358 1932 409 vuttonust
1986 360 2068 409 nt

1696 500 2014 568 Experimtia
2050 503 2135 554 bic
2171 502 2367 553 dicitur
2406 504 2611 563 notitia,
2646 506 2765 558 sira

1694 577 1933 641 facultas,
1949 588 2003 630 et
2021 579 2279 632 calliditas
2296 580 2557 644 quoedarn,
2576 583 2763 632 crebro

1693 656 1869 705 labore
1892 666 1946 706 et
1968 672 2060 706 usu
2082 657 2356 721 acquisita.
2425 658 2509 706 Sic
2537 658 2762 708 Plancus

1693 735 1831 797 apud
1848 735 1959 784 Cic.
1980 735 2122 783 Fam.
2146 748 2201 783 x.
2222 738 2303 783 18.
2323 735 2340 762 ⁶
2356 734 2486 786 Qua,-
2510 737 2551 785 si
2570 736 2763 785 adven·

1693 817 1775 859 tus
1788 826 1930 860 meus
1945 812 2269 874 represserit,
2280 825 2428 874 agam
2444 814 2641 875 gratias
2658 813 2762 862 for-

1691 892 1830 936 tnnae
1849 889 2264 951 constantioeqne
2282 903 2432 943 meae,
2457 904 2575 952 qun
2596 905 2678 938 me
2698 890 2763 939 ad

1690 964 1824 1012 hanc
1850 965 2228 1028 experientiam
2252 965 2539 1015 excitavit?
2577 967 2762 1032 virgil.

1692 1039 1885 1103 Georg.
1914 1055 1954 1089 r.
1978 1046 2029 1091 4.
2064 1049 2081 1071 ‘
2110 1041 2314 1104 Apibus
2335 1050 2531 1106 quanta
2555 1044 2763 1107 experi-

1690 1119 1831 1166 entia
1856 1118 2067 1182 μαι-οἱς)
2132 1119 2217 1168 Aet
2242 1134 2393 1183 quem
2419 1120 2593 1168 locum
2615 1129 2761 1172 recta

1692 1195 1936 1245 Servius:
1974 1203 1987 1224 ⁸
2016 1195 2394 1260 Experientia,’
2425 1196 2479 1244 id
2504 1204 2605 1253 est,
2625 1198 2642 1225 ⁶
2668 1214 2763 1248 usu

1690 1280 1811 1320 nata
1838 1273 2091 1321 doctrina.
2159 1272 2279 1322 Hoc
2311 1280 2393 1321 eat
2427 1272 2460 1331 ἦ
2484 1275 2643 1336 πεῖρα,
2680 1275 2761 1325 vel

1688 1349 1914 1397 notitia.'
1950 1350 2195 1399 Schwarz.

1754 1425 1859 1473 His
1876 1426 2083 1490 artibus]
2112 1426 2235 1474 Duo
2259 1424 2470 1475 codices
2489 1427 2759 1492 Vaticani,

1688 1516 1877 1565 nempe
1929 1507 2073 1551 1475.
2117 1514 2174 1552 et
2218 1506 2368 1553 ascl.
2412 1519 2509 1567 pro
2553 1506 2760 1568 artibus,

1688 1579 1937 1628 exhibent
1960 1579 2181 1638 adibam
2215 1579 2303 1629 nbi
2338 1580 2494 1630 litera
2527 1596 2557 1629 r
2592 1597 2758 1645 prono

1687 1656 1835 1717 lapsu
1904 1664 2106 1704 mutata
2170 1662 2250 1704 est
2312 1656 2364 1704 in
2424 1672 2470 1706 c.
2575 1656 2757 1707 Codex

1688 1730 2201 1793 Gnelpberbytanus‚
2239 1746 2336 1794 pro
2377 1731 2543 1782 verbo
2577 1733 2760 1783 inbue-

1687 1806 1875 1861 bantur.
1900 1806 2128 1869 reposuit
2147 1807 2497 1865 induebantur&
2521 1823 2630 1857 nou
2645 1810 2756 1872 qui·

1685 1880 1801 1929 dem
1826 1881 2260 1944 incongruentem
2285 1890 2515 1932 attamen
2541 1884 2754 1934 verbm·

1681 1958 2011 2008 imbuebantur
2055 1960 2180 2007 satis
2226 1960 2525 2009 Plinianurn
2566 1969 2665 2023 est,
2698 1968 2757 2011 et

1682 2042 1972 2083 ceterorum
2036 2035 2279 2085 librorum
2334 2035 2584 2102 suffragio
2631 2052 2753 2088 cou-

1679 2108 1932 2160 flrmatur.
2004 2111 2247 2160 Ceterum
2283 2114 2515 2163 notanda
2544 2122 2628 2164 eat
2664 2130 2753 2179 pe·

1682 2187 1887 2235 culiaris
1929 2188 2106 2236 borum
2149 2188 2424 2238 verborum
2464 2197 2750 2254 structura,

1679 2264 1756 2311 bis
1799 2264 1984 2313 artibus
2029 2264 2377 2322 imbuebantur,
2424 2273 2631 2331 cenare,
2671 2272 2753 2331 &e-

1681 2342 1878 2389 etiamsi
1899 2341 2008 2390 baec
2027 2356 2235 2407 quoque
2253 2345 2543 2406 posteriora
2563 2344 2752 2394 referri

1680 2418 1876 2480 possint
1896 2418 1958 2466 ad
1988 2419 2255 2483 superiora
2282 2418 2441 2469 rerba
2476 2427 2491 2448 ·
2516 2422 2632 2471 baec
2662 2435 2752 2471 ex·

1681 2495 1938 2557 perientia
1972 2496 2289 2559 juventutis,
2345 2497 2458 2547 boec
2507 2498 2751 2563 valuptas

1679 2581 1824 2632 ποις
1861 2571 2103 2628 certare,'
2127 2576 2228 2622 ἁσ.
2271 2573 2421 2623 Idem.

1743 2651 1969 2701 Submota
2025 2655 2203 2716 campis
2256 2654 2466 2717 irruptio
2500 2654 2751 2722 strenas]

1679 2727 1895 2777 Dubitat
1922 2730 1999 2777 vir
2029 2744 2262 2792 magnus,
2302 2731 2565 2793 quomodo
2586 2731 2747 2781 verba

1677 2804 1860 2853 isthaec
1903 2805 2299 2867 interpretanda
2341 2807 2461 2866 sint,
2501 2814 2555 2856 et
2596 2809 2748 2858 aliter

1676 2886 1832 2941 atque
1847 2880 1996 2928 aliter
2008 2879 2258 2942 explicat.
2274 2879 2489 2936 Verum,
2501 2896 2618 2931 mea
2631 2896 2747 2931 sen·

1676 2958 1856 3011 tentia,
1874 2958 1982 3006 vult
1999 2965 2185 3006 auctor
2199 2971 2298 3006 uon
2317 2966 2530 3007 coactos
2547 2973 2746 3010 eocasa

1675 3033 1890 3081 rusticos
1905 3032 2168 3082 custodire
2183 3046 2417 3082 arvorum
2434 3048 2647 3083 suorum
2659 3050 2746 3085 va-

1676 3110 1750 3157 ria
1772 3111 1912 3170 loca,
1938 3124 2000 3157 ue
2025 3111 2374 3173 irrumperent
2403 3111 2453 3159 in
2494 3126 2559 3159 ea
2594 3111 2740 3168 fert,

1673 3202 1702 3235 a
1720 3187 1906 3250 quibus
1930 3186 2074 3250 quasi
2095 3185 2486 3235 obsidebantur.
2526 3188 2680 3237 Grac.

1742 3263 1999 3312 Obsidione
2020 3263 2245 3327 quadam]
2281 3263 2430 3313 Utne
2456 3263 2558 3328 ipsi
2590 3266 2745 3317 obsc-

1671 3336 1864 3393 derint,
1902 3346 1957 3388 et
1997 3339 2238 3402 indagine
2274 3339 2410 3389 feras
2442 3342 2744 3393 cinxerint?

1670 3430 1733 3464 an
1781 3423 1836 3464 ut
1882 3417 2153 3465 liberarint
2198 3414 2422 3466 ferarum
2466 3418 2741 3469 obsidione

1668 3494 1934 3556 agrestes?
1969 3492 2104 3556 Lipa.

1734 3569 2016 3630 Agr-estium
2053 3568 2210 3634 labor]
2261 3569 2355 3618 Est
2393 3572 2745 3635 metm-tea

1668 3645 1911 3709 loquendi
1940 3647 2091 3709 ratio,
2125 3647 2160 3696 i.
2185 3659 2234 3695 e.
2270 3646 2379 3710 agri
2404 3647 2583 3696 labore
2604 3650 2743 3712 agri-

1669 3722 1898 3772 colarum
1943 3724 2092 3779 culti,
2131 3737 2227 3787 per
2263 3723 2569 3773 venationes
2610 3725 2740 3774 libe·

1669 3807 1850 3849 rantur
1905 3799 2177 3849 obsidione
2232 3798 2481 3864 ferarum,
2541 3803 2657 3852 sive
2707 3817 2740 3851 a

1667 3874 1867 3923 damnis
1904 3884 1961 3924 et
2000 3874 2345 3925 incommodis
2380 3874 2612 3927 serarum
2648 3878 2736 3927 ob·-

1666 3950 1986 4012 sidentium;
2023 3960 2206 4015 utpote
2258 3966 2375 4018 quo
2410 3951 2542 4003 fert.
2587 3966 2736 4018 agr-oa

1668 4028 1813 4090 quasi
1850 4027 2186 4090 obsederant,
2217 4035 2274 4079 et
2312 4028 2551 4093 depastae
2580 4030 2735 4093 depo-

1667 4105 1961 4168 pulataeque
1982 4111 2149 4161 erant,
2185 4105 2277 4160 ita,
2301 4112 2360 4153 nt
2384 4115 2622 4167 tempora
2647 4119 2735 4166 pa-

1664 4181 1735 4230 cis
1779 4195 1982 4230 ornnem
2027 4180 2257 4231 fructum
2303 4180 2496 4229 laboris
2541 4181 2736 4245 agrico-

1664 4257 1830 4306 larum
1855 4255 2258 4322 interceperint3
2293 4255 2431 4308 band
2469 4271 2639 4312 secus,
2676 4270 2736 4308 aa
