<?xml version="1.0" encoding="UTF-8"?>
<!DOCTYPE html PUBLIC "-//W3C//DTD XHTML 1.0 Transitional//EN"
    "http://www.w3.org/TR/xhtml1/DTD/xhtml1-transitional.dtd">
<html xmlns="http://www.w3.org/1999/xhtml" xml:lang="en" lang="en">
 <head>
  <title>
</title>
<meta http-equiv="Content-Type" content="text/html;charset=utf-8" />
  <meta name='ocr-system' content='tesseract 3.04.00' />
  <meta name='ocr-capabilities' content='ocr_page ocr_carea ocr_par ocr_line ocrx_word'/>
</head>
<body>
  <div class='ocr_page' id='page_1' title='image "./panegyriciveter02unkngoog_0436.png"; bbox 0 0 3060 4902; ppageno 0'>
   <div class='ocr_carea' id='block_1_1' title="bbox 556 314 694 381">
    <p class='ocr_par' dir='ltr' id='par_1_1' title="bbox 556 314 694 381">
     <span class='ocr_line' id='line_1_1' title="bbox 556 314 694 381; baseline 0 0"><span class='ocrx_word' id='word_1_1' title='bbox 556 314 694 381; x_wconf 81' lang='lat'>890</span> 
     </span>
    </p>
   </div>
   <div class='ocr_carea' id='block_1_2' title="bbox 533 474 1624 4227">
    <p class='ocr_par' dir='ltr' id='par_1_2' title="bbox 533 474 1624 4227">
     <span class='ocr_line' id='line_1_2' title="bbox 624 474 1621 538; baseline 0.001 -15"><span class='ocrx_word' id='word_1_2' title='bbox 624 477 691 523; x_wconf 78' lang='lat' dir='ltr'>Et</span> <span class='ocrx_word' id='word_1_3' title='bbox 727 489 813 537; x_wconf 78' lang='lat' dir='ltr'>pro</span> <span class='ocrx_word' id='word_1_4' title='bbox 848 476 999 524; x_wconf 72' lang='lat' dir='ltr'>salute</span> <span class='ocrx_word' id='word_1_5' title='bbox 1032 474 1326 538; x_wconf 75' lang='lat' dir='ltr'>principum]</span> <span class='ocrx_word' id='word_1_6' title='bbox 1359 476 1423 524; x_wconf 92' lang='lat' dir='ltr'>In</span> <span class='ocrx_word' id='word_1_7' title='bbox 1461 478 1621 524; x_wconf 86' lang='lat' dir='ltr'>omni·</span> 
     </span>
     <span class='ocr_line' id='line_1_3' title="bbox 558 554 1624 617; baseline 0 -14"><span class='ocrx_word' id='word_1_8' title='bbox 558 555 655 603; x_wconf 90' lang='lat' dir='ltr'>bus</span> <span class='ocrx_word' id='word_1_9' title='bbox 676 554 877 603; x_wconf 86' lang='lat' dir='ltr'>excusis</span> <span class='ocrx_word' id='word_1_10' title='bbox 894 554 1056 617; x_wconf 85' lang='lat' dir='ltr'>libris,</span> <span class='ocrx_word' id='word_1_11' title='bbox 1081 570 1175 616; x_wconf 89' lang='lat' dir='ltr'>pro</span> <span class='ocrx_word' id='word_1_12' title='bbox 1195 569 1319 604; x_wconf 79' lang='lat' dir='ltr'>voce</span> <span class='ocrx_word' id='word_1_13' title='bbox 1341 555 1624 617; x_wconf 71' lang='lat' dir='ltr'>principuus,</span> 
     </span>
     <span class='ocr_line' id='line_1_4' title="bbox 557 629 1621 691; baseline 0.003 -15"><span class='ocrx_word' id='word_1_14' title='bbox 557 629 772 691; x_wconf 76' lang='lat' dir='ltr'>legimus</span> <span class='ocrx_word' id='word_1_15' title='bbox 803 630 995 678; x_wconf 73' lang='lat' dir='ltr'>eiciunt.</span> <span class='ocrx_word' id='word_1_16' title='bbox 1061 630 1327 680; x_wconf 80' lang='lat' dir='ltr'>Livineius</span> <span class='ocrx_word' id='word_1_17' title='bbox 1356 630 1490 679; x_wconf 86' lang='lat' dir='ltr'>hanc</span> <span class='ocrx_word' id='word_1_18' title='bbox 1516 632 1621 679; x_wconf 86' lang='lat' dir='ltr'>lec-</span> 
     </span>
     <span class='ocr_line' id='line_1_5' title="bbox 557 707 1623 771; baseline 0 -16"><span class='ocrx_word' id='word_1_19' title='bbox 557 707 749 755; x_wconf 84' lang='lat' dir='ltr'>tionem</span> <span class='ocrx_word' id='word_1_20' title='bbox 793 715 945 756; x_wconf 78' lang='lat' dir='ltr'>vocat</span> <span class='ocrx_word' id='word_1_21' title='bbox 982 708 1255 770; x_wconf 86' lang='lat' dir='ltr'>ineptam;</span> <span class='ocrx_word' id='word_1_22' title='bbox 1296 707 1536 771; x_wconf 76' lang='lat' dir='ltr'>quonism</span> <span class='ocrx_word' id='word_1_23' title='bbox 1571 707 1623 755; x_wconf 91' lang='lat' dir='ltr'>in</span> 
     </span>
     <span class='ocr_line' id='line_1_6' title="bbox 559 782 1619 846; baseline 0.002 -16"><span class='ocrx_word' id='word_1_24' title='bbox 559 791 765 832; x_wconf 84' lang='lat' dir='ltr'>vetusto</span> <span class='ocrx_word' id='word_1_25' title='bbox 800 782 983 832; x_wconf 86' lang='lat' dir='ltr'>codice</span> <span class='ocrx_word' id='word_1_26' title='bbox 1022 798 1116 831; x_wconf 88' lang='lat' dir='ltr'>suo</span> <span class='ocrx_word' id='word_1_27' title='bbox 1155 791 1422 846; x_wconf 86' lang='lat' dir='ltr'>repererat</span> <span class='ocrx_word' id='word_1_28' title='bbox 1459 784 1619 846; x_wconf 83' lang='lat' dir='ltr'>scrip·</span> 
     </span>
     <span class='ocr_line' id='line_1_7' title="bbox 557 859 1620 923; baseline -0.001 -16"><span class='ocrx_word' id='word_1_29' title='bbox 557 867 686 919; x_wconf 80' lang='lat' dir='ltr'>tum,</span> <span class='ocrx_word' id='word_1_30' title='bbox 724 875 810 923; x_wconf 77' lang='lat' dir='ltr'>pre</span> <span class='ocrx_word' id='word_1_31' title='bbox 852 862 1006 908; x_wconf 76' lang='lat' dir='ltr'>salute</span> <span class='ocrx_word' id='word_1_32' title='bbox 1046 860 1351 923; x_wconf 73' lang='lat' dir='ltr'>principum5</span> <span class='ocrx_word' id='word_1_33' title='bbox 1398 867 1454 907; x_wconf 88' lang='lat' dir='ltr'>et</span> <span class='ocrx_word' id='word_1_34' title='bbox 1499 859 1620 922; x_wconf 88' lang='lat' dir='ltr'>quia</span> 
     </span>
     <span class='ocr_line' id='line_1_8' title="bbox 555 936 1617 1000; baseline -0.001 -15"><span class='ocrx_word' id='word_1_35' title='bbox 555 952 673 985; x_wconf 74' lang='lat' dir='ltr'>mox</span> <span class='ocrx_word' id='word_1_36' title='bbox 716 937 828 1000; x_wconf 86' lang='lat' dir='ltr'>ipsc</span> <span class='ocrx_word' id='word_1_37' title='bbox 868 937 1070 986; x_wconf 80' lang='lat' dir='ltr'>Plinius</span> <span class='ocrx_word' id='word_1_38' title='bbox 1103 937 1174 985; x_wconf 83' lang='lat' dir='ltr'>ita</span> <span class='ocrx_word' id='word_1_39' title='bbox 1209 951 1265 985; x_wconf 85' lang='lat' dir='ltr'>se</span> <span class='ocrx_word' id='word_1_40' title='bbox 1302 936 1539 998; x_wconf 85' lang='lat' dir='ltr'>corrigit,</span> <span class='ocrx_word' id='word_1_41' title='bbox 1563 945 1617 985; x_wconf 92' lang='lat' dir='ltr'>ut</span> 
     </span>
     <span class='ocr_line' id='line_1_9' title="bbox 557 1013 1619 1063; baseline 0.001 -4"><span class='ocrx_word' id='word_1_42' title='bbox 557 1028 657 1062; x_wconf 87' lang='lat' dir='ltr'>uon</span> <span class='ocrx_word' id='word_1_43' title='bbox 678 1014 772 1062; x_wconf 82' lang='lat' dir='ltr'>nisi</span> <span class='ocrx_word' id='word_1_44' title='bbox 794 1013 1028 1063; x_wconf 81' lang='lat' dir='ltr'>ordinem</span> <span class='ocrx_word' id='word_1_45' title='bbox 1045 1015 1221 1062; x_wconf 85' lang='lat' dir='ltr'>talium</span> <span class='ocrx_word' id='word_1_46' title='bbox 1242 1021 1476 1061; x_wconf 82' lang='lat' dir='ltr'>votorum</span> <span class='ocrx_word' id='word_1_47' title='bbox 1494 1027 1619 1061; x_wconf 86' lang='lat' dir='ltr'>con·</span> 
     </span>
     <span class='ocr_line' id='line_1_10' title="bbox 558 1091 1617 1151; baseline 0.001 -14"><span class='ocrx_word' id='word_1_48' title='bbox 558 1100 762 1141; x_wconf 82' lang='lat' dir='ltr'>vertere</span> <span class='ocrx_word' id='word_1_49' title='bbox 787 1092 1009 1140; x_wconf 80' lang='lat' dir='ltr'>voluisse</span> <span class='ocrx_word' id='word_1_50' title='bbox 1036 1092 1288 1146; x_wconf 80' lang='lat' dir='ltr'>videatur,</span> <span class='ocrx_word' id='word_1_51' title='bbox 1310 1091 1393 1140; x_wconf 87' lang='lat' dir='ltr'>ubi</span> <span class='ocrx_word' id='word_1_52' title='bbox 1414 1093 1504 1151; x_wconf 82' lang='lat' dir='ltr'>ait,</span> <span class='ocrx_word' id='word_1_53' title='bbox 1527 1092 1617 1138; x_wconf 78' lang='lat' dir='ltr'>im-</span> 
     </span>
     <span class='ocr_line' id='line_1_11' title="bbox 556 1168 1618 1231; baseline -0.002 -15"><span class='ocrx_word' id='word_1_54' title='bbox 556 1185 629 1216; x_wconf 81' lang='lat' dir='ltr'>mo</span> <span class='ocrx_word' id='word_1_55' title='bbox 650 1184 736 1231; x_wconf 84' lang='lat' dir='ltr'>pro</span> <span class='ocrx_word' id='word_1_56' title='bbox 756 1169 904 1216; x_wconf 71' lang='lat' dir='ltr'>solute</span> <span class='ocrx_word' id='word_1_57' title='bbox 923 1168 1209 1231; x_wconf 70' lang='lat' dir='ltr'><strong><em>principum.</em></strong></span> <span class='ocrx_word' id='word_1_58' title='bbox 1246 1168 1308 1216; x_wconf 92' lang='lat' dir='ltr'>In</span> <span class='ocrx_word' id='word_1_59' title='bbox 1325 1182 1423 1230; x_wconf 90' lang='lat' dir='ltr'>qua</span> <span class='ocrx_word' id='word_1_60' title='bbox 1444 1182 1618 1215; x_wconf 84' lang='lat' dir='ltr'>emen·</span> 
     </span>
     <span class='ocr_line' id='line_1_12' title="bbox 555 1244 1617 1308; baseline -0.001 -17"><span class='ocrx_word' id='word_1_61' title='bbox 555 1244 766 1293; x_wconf 84' lang='lat' dir='ltr'>datione</span> <span class='ocrx_word' id='word_1_62' title='bbox 793 1259 893 1293; x_wconf 91' lang='lat' dir='ltr'>nou</span> <span class='ocrx_word' id='word_1_63' title='bbox 918 1245 1179 1308; x_wconf 81' lang='lat' dir='ltr'>acquievit</span> <span class='ocrx_word' id='word_1_64' title='bbox 1206 1244 1433 1306; x_wconf 87' lang='lat' dir='ltr'>Lipsius,</span> <span class='ocrx_word' id='word_1_65' title='bbox 1456 1249 1617 1300; x_wconf 83' lang='lat' dir='ltr'>ratus,</span> 
     </span>
     <span class='ocr_line' id='line_1_13' title="bbox 559 1319 1621 1381; baseline 0 -15"><span class='ocrx_word' id='word_1_66' title='bbox 559 1323 734 1381; x_wconf 86' lang='lat' dir='ltr'>priore</span> <span class='ocrx_word' id='word_1_67' title='bbox 774 1322 889 1368; x_wconf 86' lang='lat' dir='ltr'>loco</span> <span class='ocrx_word' id='word_1_68' title='bbox 923 1320 1148 1369; x_wconf 82' lang='lat' dir='ltr'><strong>Plinium</strong></span> <span class='ocrx_word' id='word_1_69' title='bbox 1173 1320 1384 1374; x_wconf 82' lang='lat' dir='ltr'>dixisse,</span> <span class='ocrx_word' id='word_1_70' title='bbox 1419 1319 1621 1381; x_wconf 84' lang='lat' dir='ltr'>antiqui</span> 
     </span>
     <span class='ocr_line' id='line_1_14' title="bbox 556 1392 1617 1460; baseline -0.003 -15"><span class='ocrx_word' id='word_1_71' title='bbox 556 1397 781 1446; x_wconf 89' lang='lat' dir='ltr'>instituti</span> <span class='ocrx_word' id='word_1_72' title='bbox 809 1397 859 1444; x_wconf 91' lang='lat' dir='ltr'>in</span> <span class='ocrx_word' id='word_1_73' title='bbox 888 1396 1156 1460; x_wconf 73' lang='lat' dir='ltr'>republica</span> <span class='ocrx_word' id='word_1_74' title='bbox 1179 1396 1339 1444; x_wconf 82' lang='lat' dir='ltr'>libera</span> <span class='ocrx_word' id='word_1_75' title='bbox 1363 1392 1540 1449; x_wconf 85' lang='lat' dir='ltr'>fuisse,</span> <span class='ocrx_word' id='word_1_76' title='bbox 1562 1403 1617 1442; x_wconf 89' lang='lat' dir='ltr'>ut</span> 
     </span>
     <span class='ocr_line' id='line_1_15' title="bbox 555 1471 1618 1535; baseline -0.001 -15"><span class='ocrx_word' id='word_1_77' title='bbox 555 1482 677 1523; x_wconf 80' lang='lat' dir='ltr'>vota</span> <span class='ocrx_word' id='word_1_78' title='bbox 712 1471 916 1535; x_wconf 85' lang='lat' dir='ltr'>publica</span> <span class='ocrx_word' id='word_1_79' title='bbox 951 1488 1044 1535; x_wconf 93' lang='lat' dir='ltr'>pro</span> <span class='ocrx_word' id='word_1_80' title='bbox 1081 1472 1285 1534; x_wconf 84' lang='lat' dir='ltr'>imperii</span> <span class='ocrx_word' id='word_1_81' title='bbox 1322 1472 1618 1519; x_wconf 68' lang='lat' dir='ltr'>aeternitate</span> 
     </span>
     <span class='ocr_line' id='line_1_16' title="bbox 555 1551 1619 1611; baseline -0.001 -13"><span class='ocrx_word' id='word_1_82' title='bbox 555 1559 608 1598; x_wconf 85' lang='lat' dir='ltr'>et</span> <span class='ocrx_word' id='word_1_83' title='bbox 653 1553 822 1598; x_wconf 86' lang='lat' dir='ltr'>salute</span> <span class='ocrx_word' id='word_1_84' title='bbox 867 1551 1055 1598; x_wconf 85' lang='lat' dir='ltr'>civium</span> <span class='ocrx_word' id='word_1_85' title='bbox 1100 1551 1526 1611; x_wconf 52' lang='lat' dir='ltr'>suscipere-utum</span> <span class='ocrx_word' id='word_1_86' title='bbox 1563 1554 1619 1597; x_wconf 84' lang='lat' dir='ltr'>at</span> 
     </span>
     <span class='ocr_line' id='line_1_17' title="bbox 556 1629 1613 1691; baseline -0.002 -15"><span class='ocrx_word' id='word_1_87' title='bbox 556 1643 691 1677; x_wconf 89' lang='lat' dir='ltr'>nuuc</span> <span class='ocrx_word' id='word_1_88' title='bbox 728 1635 851 1678; x_wconf 83' lang='lat' dir='ltr'>vota</span> <span class='ocrx_word' id='word_1_89' title='bbox 883 1629 1170 1691; x_wconf 87' lang='lat' dir='ltr'>nuncupari</span> <span class='ocrx_word' id='word_1_90' title='bbox 1210 1630 1377 1676; x_wconf 81' lang='lat' dir='ltr'>solere</span> <span class='ocrx_word' id='word_1_91' title='bbox 1420 1642 1512 1691; x_wconf 87' lang='lat' dir='ltr'>pro</span> <span class='ocrx_word' id='word_1_92' title='bbox 1538 1641 1613 1676; x_wconf 88' lang='lat' dir='ltr'>sa-</span> 
     </span>
     <span class='ocr_line' id='line_1_18' title="bbox 557 1707 1616 1769; baseline 0 -14"><span class='ocrx_word' id='word_1_93' title='bbox 557 1709 667 1756; x_wconf 88' lang='lat' dir='ltr'>lute</span> <span class='ocrx_word' id='word_1_94' title='bbox 705 1707 991 1769; x_wconf 77' lang='lat' dir='ltr'>principum</span> <span class='ocrx_word' id='word_1_95' title='bbox 1032 1715 1088 1755; x_wconf 90' lang='lat' dir='ltr'>et</span> <span class='ocrx_word' id='word_1_96' title='bbox 1128 1708 1426 1755; x_wconf 71' lang='lat' dir='ltr'>aeternitate</span> <span class='ocrx_word' id='word_1_97' title='bbox 1457 1707 1616 1768; x_wconf 87' lang='lat' dir='ltr'>impe-</span> 
     </span>
     <span class='ocr_line' id='line_1_19' title="bbox 554 1783 1616 1847; baseline -0.001 -15"><span class='ocrx_word' id='word_1_98' title='bbox 554 1786 638 1834; x_wconf 86' lang='lat' dir='ltr'>rii.</span> <span class='ocrx_word' id='word_1_99' title='bbox 702 1786 917 1846; x_wconf 87' lang='lat' dir='ltr'>Verum,</span> <span class='ocrx_word' id='word_1_100' title='bbox 941 1799 1039 1834; x_wconf 89' lang='lat' dir='ltr'>nec</span> <span class='ocrx_word' id='word_1_101' title='bbox 1063 1785 1182 1833; x_wconf 76' lang='lat' dir='ltr'>mihi</span> <span class='ocrx_word' id='word_1_102' title='bbox 1217 1783 1468 1833; x_wconf 68' lang='lat' dir='ltr'>satisfacit</span> <span class='ocrx_word' id='word_1_103' title='bbox 1494 1786 1616 1847; x_wconf 88' lang='lat' dir='ltr'>Lip-</span> 
     </span>
     <span class='ocr_line' id='line_1_20' title="bbox 553 1861 1616 1923; baseline 0.002 -15"><span class='ocrx_word' id='word_1_104' title='bbox 553 1863 690 1920; x_wconf 62' lang='grc' dir='ltr'>εἰμες</span> <span class='ocrx_word' id='word_1_105' title='bbox 729 1862 967 1923; x_wconf 87' lang='lat' dir='ltr'>primum,</span> <span class='ocrx_word' id='word_1_106' title='bbox 1011 1861 1248 1923; x_wconf 88' lang='lat' dir='ltr'>quoniam</span> <span class='ocrx_word' id='word_1_107' title='bbox 1287 1861 1616 1910; x_wconf 78' lang='lat' dir='ltr'>manifestum</span> 
     </span>
     <span class='ocr_line' id='line_1_21' title="bbox 552 1938 1616 2000; baseline -0.001 -14"><span class='ocrx_word' id='word_1_108' title='bbox 552 1946 652 1997; x_wconf 87' lang='lat' dir='ltr'>est,</span> <span class='ocrx_word' id='word_1_109' title='bbox 669 1940 892 1986; x_wconf 80' lang='lat' dir='ltr'>Plinium</span> <span class='ocrx_word' id='word_1_110' title='bbox 910 1954 1007 1985; x_wconf 90' lang='lat' dir='ltr'>non</span> <span class='ocrx_word' id='word_1_111' title='bbox 1025 1938 1161 2000; x_wconf 88' lang='lat' dir='ltr'>loqui</span> <span class='ocrx_word' id='word_1_112' title='bbox 1181 1938 1244 1984; x_wconf 90' lang='lat' dir='ltr'>de</span> <span class='ocrx_word' id='word_1_113' title='bbox 1263 1952 1400 1985; x_wconf 87' lang='lat' dir='ltr'>more</span> <span class='ocrx_word' id='word_1_114' title='bbox 1422 1938 1616 1985; x_wconf 83' lang='lat' dir='ltr'>veteris</span> 
     </span>
     <span class='ocr_line' id='line_1_22' title="bbox 552 2014 1616 2078; baseline 0 -15"><span class='ocrx_word' id='word_1_115' title='bbox 552 2015 874 2078; x_wconf 80' lang='lat' dir='ltr'>reipublicae,</span> <span class='ocrx_word' id='word_1_116' title='bbox 896 2016 984 2063; x_wconf 86' lang='lat' dir='ltr'>scd</span> <span class='ocrx_word' id='word_1_117' title='bbox 1022 2022 1222 2063; x_wconf 88' lang='lat' dir='ltr'>tantum</span> <span class='ocrx_word' id='word_1_118' title='bbox 1255 2014 1318 2062; x_wconf 87' lang='lat' dir='ltr'>de</span> <span class='ocrx_word' id='word_1_119' title='bbox 1344 2028 1487 2062; x_wconf 89' lang='lat' dir='ltr'>more</span> <span class='ocrx_word' id='word_1_120' title='bbox 1516 2015 1616 2063; x_wconf 84' lang='lat' dir='ltr'>Ro·</span> 
     </span>
     <span class='ocr_line' id='line_1_23' title="bbox 552 2090 1618 2155; baseline -0.001 -15"><span class='ocrx_word' id='word_1_121' title='bbox 552 2106 815 2140; x_wconf 78' lang='lat' dir='ltr'>manorum</span> <span class='ocrx_word' id='word_1_122' title='bbox 853 2092 949 2140; x_wconf 92' lang='lat' dir='ltr'>sub</span> <span class='ocrx_word' id='word_1_123' title='bbox 983 2090 1399 2155; x_wconf 75' lang='lat' dir='ltr'>imperatoribus,</span> <span class='ocrx_word' id='word_1_124' title='bbox 1435 2091 1618 2151; x_wconf 77' lang='lat' dir='ltr'>praeci-</span> 
     </span>
     <span class='ocr_line' id='line_1_24' title="bbox 551 2167 1618 2232; baseline -0.002 -15"><span class='ocrx_word' id='word_1_125' title='bbox 551 2184 652 2232; x_wconf 87' lang='lat' dir='ltr'>pue</span> <span class='ocrx_word' id='word_1_126' title='bbox 670 2170 984 2225; x_wconf 85' lang='lat' dir='ltr'>durioribus.</span> <span class='ocrx_word' id='word_1_127' title='bbox 1000 2170 1309 2228; x_wconf 82' lang='lat' dir='ltr'>viventium3</span> <span class='ocrx_word' id='word_1_128' title='bbox 1332 2170 1450 2216; x_wconf 89' lang='lat' dir='ltr'>dum</span> <span class='ocrx_word' id='word_1_129' title='bbox 1473 2167 1618 2224; x_wconf 81' lang='lat' dir='ltr'>dicit.</span> 
     </span>
     <span class='ocr_line' id='line_1_25' title="bbox 549 2244 1619 2312; baseline -0.003 -17"><span class='ocrx_word' id='word_1_130' title='bbox 549 2262 817 2312; x_wconf 75' lang='lat' dir='ltr'>nuncupare</span> <span class='ocrx_word' id='word_1_131' title='bbox 829 2247 1301 2297; x_wconf 60' lang='lat' dir='ltr'>cotun-solebamus.</span> <span class='ocrx_word' id='word_1_132' title='bbox 1340 2244 1430 2305; x_wconf 82' lang='lat' dir='ltr'>At,</span> <span class='ocrx_word' id='word_1_133' title='bbox 1452 2245 1492 2292; x_wconf 85' lang='lat' dir='ltr'>si</span> <span class='ocrx_word' id='word_1_134' title='bbox 1517 2246 1619 2306; x_wconf 85' lang='lat' dir='ltr'>pri-</span> 
     </span>
     <span class='ocr_line' id='line_1_26' title="bbox 551 2323 1612 2392; baseline -0.007 -15"><span class='ocrx_word' id='word_1_135' title='bbox 551 2343 688 2377; x_wconf 86' lang='lat' dir='ltr'>mum</span> <span class='ocrx_word' id='word_1_136' title='bbox 707 2329 771 2376; x_wconf 87' lang='lat' dir='ltr'>de</span> <span class='ocrx_word' id='word_1_137' title='bbox 790 2328 1034 2392; x_wconf 76' lang='lat' dir='ltr'>antiquis,</span> <span class='ocrx_word' id='word_1_138' title='bbox 1057 2325 1247 2374; x_wconf 87' lang='lat' dir='ltr'>deiude</span> <span class='ocrx_word' id='word_1_139' title='bbox 1272 2323 1337 2371; x_wconf 91' lang='lat' dir='ltr'>de</span> <span class='ocrx_word' id='word_1_140' title='bbox 1356 2324 1461 2372; x_wconf 83' lang='lat' dir='ltr'>suis</span> <span class='ocrx_word' id='word_1_141' title='bbox 1490 2333 1612 2371; x_wconf 86' lang='lat' dir='ltr'>tem·</span> 
     </span>
     <span class='ocr_line' id='line_1_27' title="bbox 550 2398 1617 2470; baseline -0.006 -17"><span class='ocrx_word' id='word_1_142' title='bbox 550 2405 780 2470; x_wconf 84' lang='lat' dir='ltr'>poribus,</span> <span class='ocrx_word' id='word_1_143' title='bbox 815 2404 953 2468; x_wconf 86' lang='lat' dir='ltr'>loqui</span> <span class='ocrx_word' id='word_1_144' title='bbox 980 2402 1250 2460; x_wconf 80' lang='lat' dir='ltr'>voluisset3</span> <span class='ocrx_word' id='word_1_145' title='bbox 1290 2400 1396 2446; x_wconf 83' lang='lat' dir='ltr'>sine</span> <span class='ocrx_word' id='word_1_146' title='bbox 1439 2398 1617 2453; x_wconf 87' lang='lat' dir='ltr'>dubio.</span> 
     </span>
     <span class='ocr_line' id='line_1_28' title="bbox 550 2481 1619 2539; baseline -0.005 -9"><span class='ocrx_word' id='word_1_147' title='bbox 550 2481 1007 2530; x_wconf 83' lang='lat' dir='ltr'>discernendorum</span> <span class='ocrx_word' id='word_1_148' title='bbox 1034 2488 1324 2539; x_wconf 83' lang='lat' dir='ltr'>temporum</span> <span class='ocrx_word' id='word_1_149' title='bbox 1345 2490 1543 2531; x_wconf 83' lang='lat' dir='ltr'>caussa,</span> <span class='ocrx_word' id='word_1_150' title='bbox 1569 2491 1619 2525; x_wconf 89' lang='lat' dir='ltr'>a·</span> 
     </span>
     <span class='ocr_line' id='line_1_29' title="bbox 550 2551 1613 2617; baseline -0.005 -12"><span class='ocrx_word' id='word_1_151' title='bbox 550 2560 632 2607; x_wconf 85' lang='lat' dir='ltr'>liis</span> <span class='ocrx_word' id='word_1_152' title='bbox 660 2557 828 2605; x_wconf 83' lang='lat' dir='ltr'>verbis</span> <span class='ocrx_word' id='word_1_153' title='bbox 843 2566 897 2603; x_wconf 89' lang='lat' dir='ltr'>et</span> <span class='ocrx_word' id='word_1_154' title='bbox 921 2556 1084 2617; x_wconf 79' lang='lat' dir='ltr'>signis</span> <span class='ocrx_word' id='word_1_155' title='bbox 1112 2567 1295 2600; x_wconf 87' lang='lat' dir='ltr'>usurus</span> <span class='ocrx_word' id='word_1_156' title='bbox 1321 2551 1503 2599; x_wconf 78' lang='lat' dir='ltr'>fuisset</span> <span class='ocrx_word' id='word_1_157' title='bbox 1530 2567 1613 2610; x_wconf 82' lang='lat' dir='ltr'>;v.</span> 
     </span>
     <span class='ocr_line' id='line_1_30' title="bbox 548 2628 1614 2695; baseline -0.004 -14"><span class='ocrx_word' id='word_1_158' title='bbox 548 2649 599 2695; x_wconf 78' lang='lat' dir='ltr'>g.</span> <span class='ocrx_word' id='word_1_159' title='bbox 632 2633 886 2695; x_wconf 82' lang='lat' dir='ltr'>‘majores</span> <span class='ocrx_word' id='word_1_160' title='bbox 927 2629 1128 2689; x_wconf 52' lang='lat' dir='ltr'>nostri(</span> <span class='ocrx_word' id='word_1_161' title='bbox 1162 2632 1176 2657; x_wconf 77' lang='lat'>⁸</span> <span class='ocrx_word' id='word_1_162' title='bbox 1219 2628 1370 2687; x_wconf 82' lang='lat' dir='ltr'>nos;’</span> <span class='ocrx_word' id='word_1_163' title='bbox 1416 2631 1430 2656; x_wconf 77' lang='lat'>⁸</span> <span class='ocrx_word' id='word_1_164' title='bbox 1452 2629 1614 2691; x_wconf 87' lang='lat' dir='ltr'>olim,’</span> 
     </span>
     <span class='ocr_line' id='line_1_31' title="bbox 547 2703 1613 2771; baseline -0.002 -15"><span class='ocrx_word' id='word_1_165' title='bbox 547 2717 560 2738; x_wconf 80' lang='lat'><strong><em>⁴</em></strong></span> <span class='ocrx_word' id='word_1_166' title='bbox 584 2708 803 2771; x_wconf 83' lang='lat' dir='ltr'>postea,’</span> <span class='ocrx_word' id='word_1_167' title='bbox 823 2711 922 2758; x_wconf 65' lang='lat' dir='ltr'>&amp;m</span> <span class='ocrx_word' id='word_1_168' title='bbox 986 2707 1088 2756; x_wconf 86' lang='lat' dir='ltr'>Sed</span> <span class='ocrx_word' id='word_1_169' title='bbox 1124 2720 1222 2754; x_wconf 89' lang='lat' dir='ltr'>nec</span> <span class='ocrx_word' id='word_1_170' title='bbox 1261 2703 1415 2754; x_wconf 79' lang='lat' dir='ltr'>facile</span> <span class='ocrx_word' id='word_1_171' title='bbox 1440 2721 1613 2754; x_wconf 83' lang='lat' dir='ltr'>exem-</span> 
     </span>
     <span class='ocr_line' id='line_1_32' title="bbox 548 2781 1613 2848; baseline -0.002 -16"><span class='ocrx_word' id='word_1_172' title='bbox 548 2787 688 2847; x_wconf 90' lang='lat' dir='ltr'>plum</span> <span class='ocrx_word' id='word_1_173' title='bbox 713 2785 906 2848; x_wconf 83' lang='lat' dir='ltr'>poterit</span> <span class='ocrx_word' id='word_1_174' title='bbox 946 2781 1188 2847; x_wconf 76' lang='lat' dir='ltr'>proferri,</span> <span class='ocrx_word' id='word_1_175' title='bbox 1225 2782 1331 2837; x_wconf 84' lang='lat' dir='ltr'>ubi,</span> <span class='ocrx_word' id='word_1_176' title='bbox 1355 2782 1405 2829; x_wconf 92' lang='lat' dir='ltr'>in</span> <span class='ocrx_word' id='word_1_177' title='bbox 1434 2792 1613 2831; x_wconf 79' lang='lat' dir='ltr'>vetere</span> 
     </span>
     <span class='ocr_line' id='line_1_33' title="bbox 548 2857 1614 2925; baseline -0.003 -15"><span class='ocrx_word' id='word_1_178' title='bbox 548 2861 834 2925; x_wconf 72' lang='lat' dir='ltr'>republica,</span> <span class='ocrx_word' id='word_1_179' title='bbox 855 2868 973 2909; x_wconf 82' lang='lat' dir='ltr'>vota</span> <span class='ocrx_word' id='word_1_180' title='bbox 998 2858 1137 2908; x_wconf 82' lang='lat' dir='ltr'>facta</span> <span class='ocrx_word' id='word_1_181' title='bbox 1160 2857 1358 2907; x_wconf 83' lang='lat' dir='ltr'>fuerint</span> <span class='ocrx_word' id='word_1_182' title='bbox 1381 2858 1395 2884; x_wconf 85' lang='lat'>‘</span> <span class='ocrx_word' id='word_1_183' title='bbox 1421 2871 1518 2921; x_wconf 89' lang='lat' dir='ltr'>pro</span> <span class='ocrx_word' id='word_1_184' title='bbox 1545 2874 1614 2907; x_wconf 79' lang='lat' dir='ltr'>ae·</span> 
     </span>
     <span class='ocr_line' id='line_1_34' title="bbox 546 2935 1613 2999; baseline -0.003 -12"><span class='ocrx_word' id='word_1_185' title='bbox 546 2938 799 2988; x_wconf 82' lang='lat' dir='ltr'>ternitate</span> <span class='ocrx_word' id='word_1_186' title='bbox 846 2935 1114 2999; x_wconf 85' lang='lat' dir='ltr'>imperii;’</span> <span class='ocrx_word' id='word_1_187' title='bbox 1167 2948 1456 2998; x_wconf 76' lang='lat' dir='ltr'>quanquam</span> <span class='ocrx_word' id='word_1_188' title='bbox 1501 2935 1613 2984; x_wconf 81' lang='lat' dir='ltr'>Cic.</span> 
     </span>
     <span class='ocr_line' id='line_1_35' title="bbox 546 3013 1614 3079; baseline -0.006 -13"><span class='ocrx_word' id='word_1_189' title='bbox 546 3030 642 3079; x_wconf 87' lang='lat' dir='ltr'>pro</span> <span class='ocrx_word' id='word_1_190' title='bbox 677 3016 919 3077; x_wconf 80' lang='lat' dir='ltr'>Murena,</span> <span class='ocrx_word' id='word_1_191' title='bbox 953 3029 997 3065; x_wconf 89' lang='lat' dir='ltr'>c.</span> <span class='ocrx_word' id='word_1_192' title='bbox 1026 3018 1071 3063; x_wconf 89' lang='lat'>1.</span> <span class='ocrx_word' id='word_1_193' title='bbox 1097 3028 1238 3063; x_wconf 89' lang='lat' dir='ltr'>more</span> <span class='ocrx_word' id='word_1_194' title='bbox 1275 3013 1614 3074; x_wconf 86' lang='lat' dir='ltr'>institutoque</span> 
     </span>
     <span class='ocr_line' id='line_1_36' title="bbox 544 3090 1612 3158; baseline -0.007 -15"><span class='ocrx_word' id='word_1_195' title='bbox 544 3094 792 3158; x_wconf 85' lang='lat' dir='ltr'>majorum</span> <span class='ocrx_word' id='word_1_196' title='bbox 830 3092 1149 3155; x_wconf 72' lang='lat' dir='ltr'>deprecatus</span> <span class='ocrx_word' id='word_1_197' title='bbox 1183 3098 1263 3140; x_wconf 84' lang='lat' dir='ltr'>est</span> <span class='ocrx_word' id='word_1_198' title='bbox 1296 3105 1324 3138; x_wconf 89' lang='lat' dir='ltr'>a</span> <span class='ocrx_word' id='word_1_199' title='bbox 1361 3090 1489 3146; x_wconf 82' lang='lat' dir='ltr'>Diis,</span> <span class='ocrx_word' id='word_1_200' title='bbox 1524 3090 1612 3137; x_wconf 89' lang='lat' dir='ltr'>illo</span> 
     </span>
     <span class='ocr_line' id='line_1_37' title="bbox 544 3166 1610 3236; baseline -0.006 -17"><span class='ocrx_word' id='word_1_201' title='bbox 544 3172 649 3230; x_wconf 86' lang='lat' dir='ltr'>die,</span> <span class='ocrx_word' id='word_1_202' title='bbox 679 3186 780 3236; x_wconf 89' lang='lat' dir='ltr'>quo</span> <span class='ocrx_word' id='word_1_203' title='bbox 804 3170 1078 3234; x_wconf 84' lang='lat' dir='ltr'>auspicato</span> <span class='ocrx_word' id='word_1_204' title='bbox 1102 3166 1324 3217; x_wconf 89' lang='lat' dir='ltr'>comitiis</span> <span class='ocrx_word' id='word_1_205' title='bbox 1350 3166 1610 3215; x_wconf 87' lang='lat' dir='ltr'>centuria-</span> 
     </span>
     <span class='ocr_line' id='line_1_38' title="bbox 545 3243 1612 3297; baseline -0.004 -2"><span class='ocrx_word' id='word_1_206' title='bbox 545 3250 612 3296; x_wconf 83' lang='lat' dir='ltr'>tis</span> <span class='ocrx_word' id='word_1_207' title='bbox 653 3249 712 3297; x_wconf 83' lang='lat' dir='ltr'>L.</span> <span class='ocrx_word' id='word_1_208' title='bbox 744 3249 1016 3297; x_wconf 87' lang='lat' dir='ltr'>Murenam</span> <span class='ocrx_word' id='word_1_209' title='bbox 1050 3246 1309 3295; x_wconf 81' lang='lat' dir='ltr'>consulem</span> <span class='ocrx_word' id='word_1_210' title='bbox 1349 3243 1612 3292; x_wconf 81' lang='lat' dir='ltr'>renuntia·</span> 
     </span>
     <span class='ocr_line' id='line_1_39' title="bbox 546 3321 1611 3384; baseline -0.002 -14"><span class='ocrx_word' id='word_1_211' title='bbox 546 3326 637 3378; x_wconf 78' lang='lat' dir='ltr'>vit,</span> <span class='ocrx_word' id='word_1_212' title='bbox 673 3331 688 3353; x_wconf 72' lang='lat'>⁸</span> <span class='ocrx_word' id='word_1_213' title='bbox 714 3333 769 3372; x_wconf 94' lang='lat' dir='ltr'>ut</span> <span class='ocrx_word' id='word_1_214' title='bbox 805 3338 868 3371; x_wconf 86' lang='lat' dir='ltr'>ea</span> <span class='ocrx_word' id='word_1_215' title='bbox 908 3339 992 3372; x_wconf 84' lang='lat' dir='ltr'>res</span> <span class='ocrx_word' id='word_1_216' title='bbox 1028 3323 1145 3381; x_wconf 84' lang='lat' dir='ltr'>sibi,</span> <span class='ocrx_word' id='word_1_217' title='bbox 1188 3321 1611 3384; x_wconf 83' lang='lat' dir='ltr'>magistratuique</span> 
     </span>
     <span class='ocr_line' id='line_1_40' title="bbox 541 3396 1607 3461; baseline -0.001 -15"><span class='ocrx_word' id='word_1_218' title='bbox 541 3412 652 3456; x_wconf 83' lang='lat' dir='ltr'>suo,</span> <span class='ocrx_word' id='word_1_219' title='bbox 690 3400 882 3460; x_wconf 91' lang='lat' dir='ltr'>populo</span> <span class='ocrx_word' id='word_1_220' title='bbox 907 3398 1149 3461; x_wconf 82' lang='lat' dir='ltr'>plebique</span> <span class='ocrx_word' id='word_1_221' title='bbox 1186 3399 1451 3452; x_wconf 71' lang='lat' dir='ltr'>Romanae,</span> <span class='ocrx_word' id='word_1_222' title='bbox 1476 3396 1607 3445; x_wconf 88' lang='lat' dir='ltr'>bene</span> 
     </span>
     <span class='ocr_line' id='line_1_41' title="bbox 541 3472 1609 3536; baseline -0.001 -14"><span class='ocrx_word' id='word_1_223' title='bbox 541 3482 700 3536; x_wconf 84' lang='lat' dir='ltr'>atque</span> <span class='ocrx_word' id='word_1_224' title='bbox 738 3472 964 3522; x_wconf 83' lang='lat' dir='ltr'>feliciter</span> <span class='ocrx_word' id='word_1_225' title='bbox 988 3472 1256 3521; x_wconf 83' lang='lat' dir='ltr'>eveniret.’</span> <span class='ocrx_word' id='word_1_226' title='bbox 1324 3474 1452 3522; x_wconf 88' lang='lat' dir='ltr'>Cum</span> <span class='ocrx_word' id='word_1_227' title='bbox 1484 3486 1609 3521; x_wconf 80' lang='lat' dir='ltr'>vero</span> 
     </span>
     <span class='ocr_line' id='line_1_42' title="bbox 541 3547 1606 3598; baseline 0 0"><span class='ocrx_word' id='word_1_228' title='bbox 541 3549 741 3598; x_wconf 84' lang='lat' dir='ltr'>Plinius</span> <span class='ocrx_word' id='word_1_229' title='bbox 768 3564 869 3598; x_wconf 90' lang='lat' dir='ltr'>non</span> <span class='ocrx_word' id='word_1_230' title='bbox 894 3550 987 3597; x_wconf 76' lang='lat' dir='ltr'>nisi</span> <span class='ocrx_word' id='word_1_231' title='bbox 1012 3548 1075 3595; x_wconf 86' lang='lat' dir='ltr'>de</span> <span class='ocrx_word' id='word_1_232' title='bbox 1116 3547 1336 3596; x_wconf 83' lang='lat' dir='ltr'>formula</span> <span class='ocrx_word' id='word_1_233' title='bbox 1374 3558 1606 3598; x_wconf 77' lang='lat' dir='ltr'>votorum</span> 
     </span>
     <span class='ocr_line' id='line_1_43' title="bbox 540 3622 1608 3688; baseline 0.001 -17"><span class='ocrx_word' id='word_1_234' title='bbox 540 3623 862 3688; x_wconf 89' lang='lat' dir='ltr'>publicorum</span> <span class='ocrx_word' id='word_1_235' title='bbox 901 3623 997 3670; x_wconf 80' lang='lat' dir='ltr'>sub</span> <span class='ocrx_word' id='word_1_236' title='bbox 1034 3622 1449 3684; x_wconf 80' lang='lat' dir='ltr'>imperatoribus,</span> <span class='ocrx_word' id='word_1_237' title='bbox 1475 3638 1608 3686; x_wconf 66' lang='lat' dir='ltr'>pras-</span> 
     </span>
     <span class='ocr_line' id='line_1_44' title="bbox 538 3699 1608 3764; baseline -0.003 -13"><span class='ocrx_word' id='word_1_238' title='bbox 538 3703 694 3764; x_wconf 87' lang='lat' dir='ltr'>cipue</span> <span class='ocrx_word' id='word_1_239' title='bbox 728 3699 1040 3761; x_wconf 88' lang='lat' dir='ltr'>durioribus‚</span> <span class='ocrx_word' id='word_1_240' title='bbox 1072 3709 1504 3762; x_wconf 80' lang='lat' dir='ltr'>nuncupatorum,</span> <span class='ocrx_word' id='word_1_241' title='bbox 1537 3701 1608 3749; x_wconf 88' lang='lat' dir='ltr'>lo·</span> 
     </span>
     <span class='ocr_line' id='line_1_45' title="bbox 539 3776 1605 3842; baseline 0 -16"><span class='ocrx_word' id='word_1_242' title='bbox 539 3786 746 3842; x_wconf 81' lang='lat' dir='ltr'>quatur,</span> <span class='ocrx_word' id='word_1_243' title='bbox 771 3776 946 3826; x_wconf 86' lang='lat' dir='ltr'>nescio</span> <span class='ocrx_word' id='word_1_244' title='bbox 980 3790 1075 3824; x_wconf 88' lang='lat' dir='ltr'>cur</span> <span class='ocrx_word' id='word_1_245' title='bbox 1113 3790 1208 3839; x_wconf 88' lang='lat' dir='ltr'>pro</span> <span class='ocrx_word' id='word_1_246' title='bbox 1239 3776 1451 3835; x_wconf 72' lang='lat' dir='ltr'>vulgata</span> <span class='ocrx_word' id='word_1_247' title='bbox 1478 3792 1605 3826; x_wconf 82' lang='lat' dir='ltr'>voce</span> 
     </span>
     <span class='ocr_line' id='line_1_46' title="bbox 534 3853 1604 3917; baseline -0.005 -11"><span class='ocrx_word' id='word_1_248' title='bbox 534 3858 728 3917; x_wconf 75' lang='lat' dir='ltr'>civium,</span> <span class='ocrx_word' id='word_1_249' title='bbox 765 3870 865 3903; x_wconf 93' lang='lat' dir='ltr'>non</span> <span class='ocrx_word' id='word_1_250' title='bbox 903 3856 1140 3917; x_wconf 85' lang='lat' dir='ltr'>recipere</span> <span class='ocrx_word' id='word_1_251' title='bbox 1177 3853 1390 3901; x_wconf 83' lang='lat' dir='ltr'>velimus</span> <span class='ocrx_word' id='word_1_252' title='bbox 1428 3868 1604 3903; x_wconf 86' lang='lat' dir='ltr'>vocem</span> 
     </span>
     <span class='ocr_line' id='line_1_47' title="bbox 533 3931 1608 3997; baseline -0.002 -15"><span class='ocrx_word' id='word_1_253' title='bbox 533 3933 836 3997; x_wconf 60' lang='lat' dir='ltr'>principium</span> <span class='ocrx_word' id='word_1_254' title='bbox 886 3932 1007 3997; x_wconf 85' lang='lat' dir='ltr'>quia</span> <span class='ocrx_word' id='word_1_255' title='bbox 1047 3937 1171 3980; x_wconf 88' lang='lat' dir='ltr'>tunc</span> <span class='ocrx_word' id='word_1_256' title='bbox 1203 3931 1408 3980; x_wconf 88' lang='lat' dir='ltr'>omuino</span> <span class='ocrx_word' id='word_1_257' title='bbox 1446 3934 1608 3994; x_wconf 77' lang='lat' dir='ltr'>magis</span> 
     </span>
     <span class='ocr_line' id='line_1_48' title="bbox 539 4008 1605 4074; baseline 0.001 -17"><span class='ocrx_word' id='word_1_258' title='bbox 539 4020 658 4059; x_wconf 84' lang='lat' dir='ltr'>vota</span> <span class='ocrx_word' id='word_1_259' title='bbox 685 4024 778 4073; x_wconf 91' lang='lat' dir='ltr'>pro</span> <span class='ocrx_word' id='word_1_260' title='bbox 809 4011 980 4059; x_wconf 84' lang='lat' dir='ltr'>salute</span> <span class='ocrx_word' id='word_1_261' title='bbox 1004 4008 1311 4072; x_wconf 83' lang='lat' dir='ltr'>principum,</span> <span class='ocrx_word' id='word_1_262' title='bbox 1331 4023 1483 4074; x_wconf 86' lang='lat' dir='ltr'>quam</span> <span class='ocrx_word' id='word_1_263' title='bbox 1509 4023 1605 4071; x_wconf 90' lang='lat' dir='ltr'>pro</span> 
     </span>
     <span class='ocr_line' id='line_1_49' title="bbox 536 4085 1606 4149; baseline -0.002 -14"><span class='ocrx_word' id='word_1_264' title='bbox 536 4089 703 4137; x_wconf 84' lang='lat' dir='ltr'>salute</span> <span class='ocrx_word' id='word_1_265' title='bbox 741 4086 950 4148; x_wconf 84' lang='lat' dir='ltr'>civium,</span> <span class='ocrx_word' id='word_1_266' title='bbox 990 4086 1159 4135; x_wconf 89' lang='lat' dir='ltr'>locum</span> <span class='ocrx_word' id='word_1_267' title='bbox 1199 4085 1387 4134; x_wconf 82' lang='lat' dir='ltr'>babere</span> <span class='ocrx_word' id='word_1_268' title='bbox 1424 4093 1606 4149; x_wconf 87' lang='lat' dir='ltr'>potue·</span> 
     </span>
     <span class='ocr_line' id='line_1_50' title="bbox 539 4161 1611 4227; baseline 0.001 -16"><span class='ocrx_word' id='word_1_269' title='bbox 539 4169 678 4212; x_wconf 88' lang='lat' dir='ltr'>runt.</span> <span class='ocrx_word' id='word_1_270' title='bbox 747 4161 966 4227; x_wconf 74' lang='lat' dir='ltr'>Adhaec,</span> <span class='ocrx_word' id='word_1_271' title='bbox 1017 4175 1113 4212; x_wconf 82' lang='lat' dir='ltr'>nec</span> <span class='ocrx_word' id='word_1_272' title='bbox 1155 4161 1483 4227; x_wconf 80' lang='lat' dir='ltr'>aspernanda</span> <span class='ocrx_word' id='word_1_273' title='bbox 1525 4169 1611 4212; x_wconf 85' lang='lat' dir='ltr'>est</span> 
     </span>
    </p>
   </div>
   <div class='ocr_carea' id='block_1_3' title="bbox 1265 332 2074 384">
    <p class='ocr_par' dir='ltr' id='par_1_3' title="bbox 1265 332 2074 384">
     <span class='ocr_line' id='line_1_51' title="bbox 1265 332 2074 384; baseline 0.006 -5"><span class='ocrx_word' id='word_1_274' title='bbox 1265 332 1479 381; x_wconf 60' lang='lat' dir='ltr'><strong>⁸0¹1·AE</strong></span> <span class='ocrx_word' id='word_1_275' title='bbox 1535 334 1936 382; x_wconf 71' lang='lat' dir='ltr'>vamonun</span> <span class='ocrx_word' id='word_1_276' title='bbox 1988 336 2074 384; x_wconf 77' lang='grc' dir='ltr'>ΙΝ</span> 
     </span>
    </p>
   </div>
   <div class='ocr_carea' id='block_1_4' title="bbox 1685 481 2772 4228">
    <p class='ocr_par' dir='ltr' id='par_1_4' title="bbox 1685 481 2772 4228">
     <span class='ocr_line' id='line_1_52' title="bbox 1700 481 2772 549; baseline 0.01 -24"><span class='ocrx_word' id='word_1_277' title='bbox 1700 481 1987 528; x_wconf 63' lang='lat' dir='ltr'>minoritas</span> <span class='ocrx_word' id='word_1_278' title='bbox 2034 481 2224 529; x_wconf 72' lang='lat' dir='ltr'>vetusti</span> <span class='ocrx_word' id='word_1_279' title='bbox 2281 481 2481 532; x_wconf 86' lang='lat' dir='ltr'>codicis</span> <span class='ocrx_word' id='word_1_280' title='bbox 2529 484 2772 549; x_wconf 73' lang='lat' dir='ltr'>Lirineii,</span> 
     </span>
     <span class='ocr_line' id='line_1_53' title="bbox 1696 557 2767 624; baseline 0.007 -20"><span class='ocrx_word' id='word_1_281' title='bbox 1696 557 1779 604; x_wconf 87' lang='lat' dir='ltr'>cui</span> <span class='ocrx_word' id='word_1_282' title='bbox 1798 565 1851 604; x_wconf 82' lang='lat' dir='ltr'>et</span> <span class='ocrx_word' id='word_1_283' title='bbox 1880 558 2043 605; x_wconf 70' lang='lat' dir='ltr'>nostri</span> <span class='ocrx_word' id='word_1_284' title='bbox 2067 560 2277 607; x_wconf 79' lang='lat' dir='ltr'>codices</span> <span class='ocrx_word' id='word_1_285' title='bbox 2300 575 2538 622; x_wconf 84' lang='lat' dir='ltr'>maguam</span> <span class='ocrx_word' id='word_1_286' title='bbox 2564 573 2767 624; x_wconf 81' lang='lat' dir='ltr'>partem</span> 
     </span>
     <span class='ocr_line' id='line_1_54' title="bbox 1697 632 2770 701; baseline 0.007 -20"><span class='ocrx_word' id='word_1_287' title='bbox 1697 632 2066 696; x_wconf 80' lang='lat' dir='ltr'>suffragantur.</span> <span class='ocrx_word' id='word_1_288' title='bbox 2134 636 2279 686; x_wconf 83' lang='lat' dir='ltr'>Licet</span> <span class='ocrx_word' id='word_1_289' title='bbox 2304 639 2439 685; x_wconf 83' lang='lat' dir='ltr'>enim</span> <span class='ocrx_word' id='word_1_290' title='bbox 2465 639 2518 686; x_wconf 88' lang='lat' dir='ltr'>iu</span> <span class='ocrx_word' id='word_1_291' title='bbox 2540 641 2770 701; x_wconf 73' lang='lat' dir='ltr'>plurimis</span> 
     </span>
     <span class='ocr_line' id='line_1_55' title="bbox 1696 711 2768 779; baseline 0.002 -22"><span class='ocrx_word' id='word_1_292' title='bbox 1696 711 1968 760; x_wconf 70' lang='lat' dir='ltr'>codicibus</span> <span class='ocrx_word' id='word_1_293' title='bbox 1992 713 2073 760; x_wconf 85' lang='lat' dir='ltr'>hic</span> <span class='ocrx_word' id='word_1_294' title='bbox 2095 714 2236 761; x_wconf 89' lang='lat' dir='ltr'>locus</span> <span class='ocrx_word' id='word_1_295' title='bbox 2253 722 2504 774; x_wconf 80' lang='lat' dir='ltr'>corrupte</span> <span class='ocrx_word' id='word_1_296' title='bbox 2521 715 2591 764; x_wconf 84' lang='lat' dir='ltr'>sit</span> <span class='ocrx_word' id='word_1_297' title='bbox 2608 717 2768 779; x_wconf 82' lang='lat' dir='ltr'>scrip.</span> 
     </span>
     <span class='ocr_line' id='line_1_56' title="bbox 1699 788 2766 853; baseline 0.007 -19"><span class='ocrx_word' id='word_1_298' title='bbox 1699 791 1794 848; x_wconf 86' lang='lat' dir='ltr'>tus,</span> <span class='ocrx_word' id='word_1_299' title='bbox 1837 796 2055 850; x_wconf 80' lang='lat' dir='ltr'>propter</span> <span class='ocrx_word' id='word_1_300' title='bbox 2080 788 2331 838; x_wconf 79' lang='lat' dir='ltr'>vocabula</span> <span class='ocrx_word' id='word_1_301' title='bbox 2362 791 2657 853; x_wconf 72' lang='lat' dir='ltr'>principuus.</span> <span class='ocrx_word' id='word_1_302' title='bbox 2678 793 2766 841; x_wconf 76' lang='lat' dir='ltr'>iar·</span> 
     </span>
     <span class='ocr_line' id='line_1_57' title="bbox 1691 863 2767 927; baseline 0.007 -17"><span class='ocrx_word' id='word_1_303' title='bbox 1691 863 1831 925; x_wconf 67' lang='lat' dir='ltr'>pern&#39;,</span> <span class='ocrx_word' id='word_1_304' title='bbox 1856 871 1909 912; x_wconf 81' lang='lat' dir='ltr'>et</span> <span class='ocrx_word' id='word_1_305' title='bbox 1928 865 2117 927; x_wconf 79' lang='lat' dir='ltr'>salutis,</span> <span class='ocrx_word' id='word_1_306' title='bbox 2141 867 2191 913; x_wconf 88' lang='lat' dir='ltr'>in</span> <span class='ocrx_word' id='word_1_307' title='bbox 2216 880 2316 914; x_wconf 90' lang='lat' dir='ltr'>uno</span> <span class='ocrx_word' id='word_1_308' title='bbox 2352 867 2631 916; x_wconf 82' lang='lat' dir='ltr'>verborum</span> <span class='ocrx_word' id='word_1_309' title='bbox 2663 883 2767 917; x_wconf 74' lang='lat' dir='ltr'>aut·</span> 
     </span>
     <span class='ocr_line' id='line_1_58' title="bbox 1696 939 2766 1001; baseline 0.005 -14"><span class='ocrx_word' id='word_1_310' title='bbox 1696 939 1806 987; x_wconf 87' lang='lat' dir='ltr'>bitu</span> <span class='ocrx_word' id='word_1_311' title='bbox 1835 941 1911 988; x_wconf 86' lang='lat' dir='ltr'>bis</span> <span class='ocrx_word' id='word_1_312' title='bbox 1933 943 2289 1001; x_wconf 81' lang='lat' dir='ltr'>occurrentia;</span> <span class='ocrx_word' id='word_1_313' title='bbox 2330 943 2665 992; x_wconf 71' lang='lat' dir='ltr'>nihilominus</span> <span class='ocrx_word' id='word_1_314' title='bbox 2688 953 2766 992; x_wconf 81' lang='lat' dir='ltr'>ta·</span> 
     </span>
     <span class='ocr_line' id='line_1_59' title="bbox 1695 1015 2765 1080; baseline 0.009 -21"><span class='ocrx_word' id='word_1_315' title='bbox 1695 1029 1809 1062; x_wconf 72' lang='lat' dir='ltr'>suen</span> <span class='ocrx_word' id='word_1_316' title='bbox 1834 1016 1885 1064; x_wconf 85' lang='lat' dir='ltr'>hi</span> <span class='ocrx_word' id='word_1_317' title='bbox 1909 1016 2004 1076; x_wconf 83' lang='lat' dir='ltr'>ipsi</span> <span class='ocrx_word' id='word_1_318' title='bbox 2029 1015 2235 1066; x_wconf 89' lang='lat' dir='ltr'>codices</span> <span class='ocrx_word' id='word_1_319' title='bbox 2259 1018 2422 1080; x_wconf 76' lang='lat' dir='ltr'>tnagis</span> <span class='ocrx_word' id='word_1_320' title='bbox 2455 1016 2637 1068; x_wconf 76' lang='lat' dir='ltr'>favent</span> <span class='ocrx_word' id='word_1_321' title='bbox 2662 1020 2765 1069; x_wconf 85' lang='lat' dir='ltr'>lec·</span> 
     </span>
     <span class='ocr_line' id='line_1_60' title="bbox 1697 1091 2762 1157; baseline 0.006 -19"><span class='ocrx_word' id='word_1_322' title='bbox 1697 1091 1823 1139; x_wconf 92' lang='lat' dir='ltr'>tioni</span> <span class='ocrx_word' id='word_1_323' title='bbox 1864 1091 2154 1154; x_wconf 75' lang='lat' dir='ltr'>principum,</span> <span class='ocrx_word' id='word_1_324' title='bbox 2198 1108 2349 1157; x_wconf 82' lang='lat' dir='ltr'>quam</span> <span class='ocrx_word' id='word_1_325' title='bbox 2394 1093 2590 1144; x_wconf 67' lang='lat' dir='ltr'>cicius.</span> <span class='ocrx_word' id='word_1_326' title='bbox 2660 1095 2762 1145; x_wconf 85' lang='lat' dir='ltr'>Sed</span> 
     </span>
     <span class='ocr_line' id='line_1_61' title="bbox 1694 1166 2766 1235; baseline 0.007 -22"><span class='ocrx_word' id='word_1_327' title='bbox 1694 1166 1826 1214; x_wconf 84' lang='lat' dir='ltr'>bona</span> <span class='ocrx_word' id='word_1_328' title='bbox 1852 1166 1953 1214; x_wconf 82' lang='lat' dir='ltr'>fide</span> <span class='ocrx_word' id='word_1_329' title='bbox 1992 1171 2265 1217; x_wconf 81' lang='lat' dir='ltr'>varietates</span> <span class='ocrx_word' id='word_1_330' title='bbox 2303 1170 2581 1231; x_wconf 67' lang='lat' dir='ltr'>sctipturae</span> <span class='ocrx_word' id='word_1_331' title='bbox 2615 1171 2766 1235; x_wconf 84' lang='lat' dir='ltr'>hujus</span> 
     </span>
     <span class='ocr_line' id='line_1_62' title="bbox 1695 1243 2762 1308; baseline 0.007 -18"><span class='ocrx_word' id='word_1_332' title='bbox 1695 1243 1795 1291; x_wconf 89' lang='lat' dir='ltr'>loci</span> <span class='ocrx_word' id='word_1_333' title='bbox 1819 1257 1847 1290; x_wconf 89' lang='lat' dir='ltr'>e</span> <span class='ocrx_word' id='word_1_334' title='bbox 1872 1243 2141 1293; x_wconf 75' lang='lat' dir='ltr'>codicibus</span> <span class='ocrx_word' id='word_1_335' title='bbox 2165 1246 2292 1294; x_wconf 77' lang='lat' dir='ltr'>Mas.</span> <span class='ocrx_word' id='word_1_336' title='bbox 2314 1245 2597 1308; x_wconf 76' lang='lat' dir='ltr'>proferam.</span> <span class='ocrx_word' id='word_1_337' title='bbox 2653 1250 2762 1298; x_wconf 50' lang='lat' dir='ltr'>Sci,</span> 
     </span>
     <span class='ocr_line' id='line_1_63' title="bbox 1693 1320 2765 1376; baseline 0.006 -8"><span class='ocrx_word' id='word_1_338' title='bbox 1693 1320 1815 1370; x_wconf 85' lang='lat' dir='ltr'>licet</span> <span class='ocrx_word' id='word_1_339' title='bbox 1838 1320 2044 1370; x_wconf 83' lang='lat' dir='ltr'>codices</span> <span class='ocrx_word' id='word_1_340' title='bbox 2084 1322 2325 1373; x_wconf 84' lang='lat' dir='ltr'>Vaticani</span> <span class='ocrx_word' id='word_1_341' title='bbox 2359 1328 2510 1373; x_wconf 71' lang='lat'><strong>3⁴61.</strong></span> <span class='ocrx_word' id='word_1_342' title='bbox 2543 1329 2689 1376; x_wconf 83' lang='grc'><strong>1775.</strong></span> <span class='ocrx_word' id='word_1_343' title='bbox 2710 1333 2765 1375; x_wconf 85' lang='lat' dir='ltr'>et</span> 
     </span>
     <span class='ocr_line' id='line_1_64' title="bbox 1696 1398 2765 1462; baseline 0.007 -17"><span class='ocrx_word' id='word_1_344' title='bbox 1696 1401 1840 1446; x_wconf 80' lang='lat'><strong>1776.</strong></span> <span class='ocrx_word' id='word_1_345' title='bbox 1896 1398 2017 1445; x_wconf 83' lang='lat' dir='ltr'>item</span> <span class='ocrx_word' id='word_1_346' title='bbox 2064 1406 2119 1447; x_wconf 86' lang='lat' dir='ltr'>et</span> <span class='ocrx_word' id='word_1_347' title='bbox 2163 1407 2380 1462; x_wconf 82' lang='lat' dir='ltr'>uterque</span> <span class='ocrx_word' id='word_1_348' title='bbox 2426 1401 2667 1451; x_wconf 79' lang='lat' dir='ltr'>Venetus</span> <span class='ocrx_word' id='word_1_349' title='bbox 2711 1411 2765 1452; x_wconf 85' lang='lat' dir='ltr'>et</span> 
     </span>
     <span class='ocr_line' id='line_1_65' title="bbox 1693 1471 2767 1541; baseline 0.008 -22"><span class='ocrx_word' id='word_1_350' title='bbox 1693 1471 2194 1536; x_wconf 84' lang='lat' dir='ltr'>Guelpherbytauus</span> <span class='ocrx_word' id='word_1_351' title='bbox 2242 1476 2455 1536; x_wconf 80' lang='lat' dir='ltr'>habent,</span> <span class='ocrx_word' id='word_1_352' title='bbox 2509 1477 2767 1541; x_wconf 62' lang='lat' dir='ltr'>Nnc-up·-</span> 
     </span>
     <span class='ocr_line' id='line_1_66' title="bbox 1693 1552 2767 1617; baseline 0.007 -21"><span class='ocrx_word' id='word_1_353' title='bbox 1693 1563 1743 1596; x_wconf 83' lang='lat' dir='ltr'>re</span> <span class='ocrx_word' id='word_1_354' title='bbox 1764 1555 1890 1612; x_wconf 78' lang='lat' dir='ltr'>coto,</span> <span class='ocrx_word' id='word_1_355' title='bbox 1911 1555 1958 1598; x_wconf 89' lang='lat' dir='ltr'>et</span> <span class='ocrx_word' id='word_1_356' title='bbox 1975 1565 2063 1612; x_wconf 82' lang='lat' dir='ltr'>pro</span> <span class='ocrx_word' id='word_1_357' title='bbox 2086 1552 2357 1601; x_wconf 72' lang='lat' dir='ltr'>eternitate</span> <span class='ocrx_word' id='word_1_358' title='bbox 2379 1553 2594 1617; x_wconf 66' lang='lat' dir='ltr'>imperii,</span> <span class='ocrx_word' id='word_1_359' title='bbox 2614 1560 2664 1604; x_wconf 79' lang='lat' dir='ltr'>et</span> <span class='ocrx_word' id='word_1_360' title='bbox 2683 1570 2767 1617; x_wconf 77' lang='lat' dir='ltr'>pre</span> 
     </span>
     <span class='ocr_line' id='line_1_67' title="bbox 1690 1627 2765 1695; baseline 0.005 -21"><span class='ocrx_word' id='word_1_361' title='bbox 1690 1628 1844 1675; x_wconf 78' lang='lat' dir='ltr'>solute</span> <span class='ocrx_word' id='word_1_362' title='bbox 1881 1627 2167 1690; x_wconf 68' lang='lat' dir='ltr'>principum,</span> <span class='ocrx_word' id='word_1_363' title='bbox 2204 1644 2260 1677; x_wconf 81' lang='lat' dir='ltr'>uc</span> <span class='ocrx_word' id='word_1_364' title='bbox 2290 1633 2487 1691; x_wconf 71' lang='lat' dir='ltr'>propter</span> <span class='ocrx_word' id='word_1_365' title='bbox 2528 1630 2643 1679; x_wconf 77' lang='lat' dir='ltr'>illos</span> <span class='ocrx_word' id='word_1_366' title='bbox 2681 1646 2765 1695; x_wconf 79' lang='lat' dir='ltr'>pre</span> 
     </span>
     <span class='ocr_line' id='line_1_68' title="bbox 1691 1706 2765 1767; baseline 0.006 -16"><span class='ocrx_word' id='word_1_367' title='bbox 1691 1708 1961 1754; x_wconf 67' lang='lat' dir='ltr'>eternitate</span> <span class='ocrx_word' id='word_1_368' title='bbox 2003 1706 2211 1767; x_wconf 70' lang='lat' dir='ltr'>imperii,</span> <span class='ocrx_word' id='word_1_369' title='bbox 2246 1706 2522 1755; x_wconf 68' lang='lat' dir='ltr'>solebamus.</span> <span class='ocrx_word' id='word_1_370' title='bbox 2592 1707 2658 1755; x_wconf 84' lang='lat' dir='ltr'>ln</span> <span class='ocrx_word' id='word_1_371' title='bbox 2683 1722 2765 1757; x_wconf 83' lang='lat' dir='ltr'>eo·</span> 
     </span>
     <span class='ocr_line' id='line_1_69' title="bbox 1694 1781 2768 1847; baseline 0.007 -20"><span class='ocrx_word' id='word_1_372' title='bbox 1694 1781 1808 1829; x_wconf 85' lang='lat' dir='ltr'>dice</span> <span class='ocrx_word' id='word_1_373' title='bbox 1851 1783 2134 1831; x_wconf 75' lang='lat' dir='ltr'>Patavina:</span> <span class='ocrx_word' id='word_1_374' title='bbox 2178 1784 2459 1846; x_wconf 73' lang='lat' dir='ltr'>Nunc-pm</span> <span class='ocrx_word' id='word_1_375' title='bbox 2478 1788 2595 1833; x_wconf 74' lang='lat' dir='ltr'>vota</span> <span class='ocrx_word' id='word_1_376' title='bbox 2614 1789 2663 1833; x_wconf 82' lang='lat' dir='ltr'>et</span> <span class='ocrx_word' id='word_1_377' title='bbox 2680 1800 2768 1847; x_wconf 71' lang='lat' dir='ltr'>pro</span> 
     </span>
     <span class='ocr_line' id='line_1_70' title="bbox 1692 1858 2767 1922; baseline 0.005 -18"><span class='ocrx_word' id='word_1_378' title='bbox 1692 1858 1963 1907; x_wconf 69' lang='lat' dir='ltr'>eternitate</span> <span class='ocrx_word' id='word_1_379' title='bbox 1978 1858 2188 1920; x_wconf 80' lang='lat' dir='ltr'>imperii,</span> <span class='ocrx_word' id='word_1_380' title='bbox 2206 1864 2252 1908; x_wconf 88' lang='lat' dir='ltr'>et</span> <span class='ocrx_word' id='word_1_381' title='bbox 2272 1874 2359 1922; x_wconf 81' lang='lat' dir='ltr'>pro</span> <span class='ocrx_word' id='word_1_382' title='bbox 2377 1860 2534 1910; x_wconf 65' lang='lat' dir='ltr'>solue</span> <span class='ocrx_word' id='word_1_383' title='bbox 2554 1861 2733 1910; x_wconf 60' lang='grc' dir='ltr'>εἰεί..</span> <span class='ocrx_word' id='word_1_384' title='bbox 2745 1876 2767 1918; x_wconf 82' lang='grc'>,·</span> 
     </span>
     <span class='ocr_line' id='line_1_71' title="bbox 1693 1934 2767 2000; baseline 0.005 -19"><span class='ocrx_word' id='word_1_385' title='bbox 1693 1935 1835 1981; x_wconf 83' lang='lat' dir='ltr'>immo</span> <span class='ocrx_word' id='word_1_386' title='bbox 1857 1949 1943 1996; x_wconf 77' lang='lat' dir='ltr'>pro</span> <span class='ocrx_word' id='word_1_387' title='bbox 1976 1936 2128 1983; x_wconf 77' lang='lat' dir='ltr'>solute</span> <span class='ocrx_word' id='word_1_388' title='bbox 2158 1934 2441 1999; x_wconf 68' lang='lat' dir='ltr'>principun.</span> <span class='ocrx_word' id='word_1_389' title='bbox 2475 1951 2536 1985; x_wconf 72' lang='lat' dir='ltr'>ue</span> <span class='ocrx_word' id='word_1_390' title='bbox 2570 1942 2767 2000; x_wconf 65' lang='lat' dir='ltr'>proptu·</span> 
     </span>
     <span class='ocr_line' id='line_1_72' title="bbox 1694 2009 2767 2075; baseline 0.007 -19"><span class='ocrx_word' id='word_1_391' title='bbox 1694 2009 1800 2056; x_wconf 79' lang='lat' dir='ltr'>illos</span> <span class='ocrx_word' id='word_1_392' title='bbox 1832 2025 1919 2072; x_wconf 75' lang='lat' dir='ltr'>pro</span> <span class='ocrx_word' id='word_1_393' title='bbox 1952 2011 2223 2060; x_wconf 68' lang='lat' dir='ltr'>aeteraium</span> <span class='ocrx_word' id='word_1_394' title='bbox 2254 2013 2459 2075; x_wconf 71' lang='lat' dir='ltr'>inperii,</span> <span class='ocrx_word' id='word_1_395' title='bbox 2491 2013 2767 2063; x_wconf 55' lang='lat' dir='ltr'>anteum</span> 
     </span>
     <span class='ocr_line' id='line_1_73' title="bbox 1694 2084 2766 2142; baseline 0.007 -7"><span class='ocrx_word' id='word_1_396' title='bbox 1694 2084 1765 2135; x_wconf 84' lang='lat' dir='ltr'>At</span> <span class='ocrx_word' id='word_1_397' title='bbox 1811 2087 1860 2134; x_wconf 91' lang='lat' dir='ltr'>in</span> <span class='ocrx_word' id='word_1_398' title='bbox 1898 2087 2080 2136; x_wconf 81' lang='lat' dir='ltr'>codice</span> <span class='ocrx_word' id='word_1_399' title='bbox 2124 2088 2381 2138; x_wconf 86' lang='lat' dir='ltr'>Vaticano</span> <span class='ocrx_word' id='word_1_400' title='bbox 2422 2089 2486 2136; x_wconf 69' lang='lat' dir='ltr'>R.</span> <span class='ocrx_word' id='word_1_401' title='bbox 2512 2089 2581 2139; x_wconf 75' lang='lat' dir='ltr'>A.</span> <span class='ocrx_word' id='word_1_402' title='bbox 2616 2094 2766 2142; x_wconf 65' lang='lat'><strong>1415.</strong></span> 
     </span>
     <span class='ocr_line' id='line_1_74' title="bbox 1695 2162 2769 2228; baseline 0.007 -19"><span class='ocrx_word' id='word_1_403' title='bbox 1695 2162 1837 2210; x_wconf 82' lang='lat' dir='ltr'>locus</span> <span class='ocrx_word' id='word_1_404' title='bbox 1855 2163 1936 2211; x_wconf 84' lang='lat' dir='ltr'>hic</span> <span class='ocrx_word' id='word_1_405' title='bbox 1955 2166 2161 2225; x_wconf 73' lang='lat' dir='ltr'>integer</span> <span class='ocrx_word' id='word_1_406' title='bbox 2178 2165 2470 2228; x_wconf 80' lang='lat' dir='ltr'>exscriptus</span> <span class='ocrx_word' id='word_1_407' title='bbox 2489 2173 2590 2220; x_wconf 82' lang='lat' dir='ltr'>est,</span> <span class='ocrx_word' id='word_1_408' title='bbox 2613 2172 2769 2228; x_wconf 78' lang='lat' dir='ltr'>prout</span> 
     </span>
     <span class='ocr_line' id='line_1_75' title="bbox 1692 2241 2768 2303; baseline 0.006 -16"><span class='ocrx_word' id='word_1_409' title='bbox 1692 2254 1807 2287; x_wconf 86' lang='lat' dir='ltr'>eum</span> <span class='ocrx_word' id='word_1_410' title='bbox 1830 2241 1880 2287; x_wconf 93' lang='lat' dir='ltr'>in</span> <span class='ocrx_word' id='word_1_411' title='bbox 1905 2248 2157 2288; x_wconf 82' lang='lat' dir='ltr'>contextu</span> <span class='ocrx_word' id='word_1_412' title='bbox 2181 2242 2437 2303; x_wconf 80' lang='lat' dir='ltr'>expressi.</span> <span class='ocrx_word' id='word_1_413' title='bbox 2501 2241 2565 2291; x_wconf 84' lang='lat' dir='ltr'>lu</span> <span class='ocrx_word' id='word_1_414' title='bbox 2583 2243 2768 2294; x_wconf 79' lang='lat' dir='ltr'>codice</span> 
     </span>
     <span class='ocr_line' id='line_1_76' title="bbox 1693 2318 2770 2385; baseline 0.007 -18"><span class='ocrx_word' id='word_1_415' title='bbox 1693 2318 1975 2367; x_wconf 70' lang='lat' dir='ltr'>parisiensi</span> <span class='ocrx_word' id='word_1_416' title='bbox 2034 2320 2244 2384; x_wconf 75' lang='lat' dir='ltr'>legitur,</span> <span class='ocrx_word' id='word_1_417' title='bbox 2305 2321 2592 2385; x_wconf 71' lang='lat' dir='ltr'>Nunupare</span> <span class='ocrx_word' id='word_1_418' title='bbox 2658 2330 2770 2374; x_wconf 73' lang='lat' dir='ltr'>ute</span> 
     </span>
     <span class='ocr_line' id='line_1_77' title="bbox 1686 2397 2771 2464; baseline 0.008 -20"><span class='ocrx_word' id='word_1_419' title='bbox 1686 2411 1773 2459; x_wconf 83' lang='lat' dir='ltr'>pro</span> <span class='ocrx_word' id='word_1_420' title='bbox 1815 2398 1968 2447; x_wconf 73' lang='lat' dir='ltr'>salute</span> <span class='ocrx_word' id='word_1_421' title='bbox 2001 2397 2290 2461; x_wconf 68' lang='lat' dir='ltr'>principum,</span> <span class='ocrx_word' id='word_1_422' title='bbox 2324 2405 2375 2448; x_wconf 77' lang='lat' dir='ltr'>at</span> <span class='ocrx_word' id='word_1_423' title='bbox 2418 2406 2620 2464; x_wconf 70' lang='lat' dir='ltr'>propte·-</span> <span class='ocrx_word' id='word_1_424' title='bbox 2661 2403 2771 2453; x_wconf 67' lang='lat' dir='ltr'>iun</span> 
     </span>
     <span class='ocr_line' id='line_1_78' title="bbox 1689 2474 2767 2538; baseline 0.01 -19"><span class='ocrx_word' id='word_1_425' title='bbox 1689 2487 1777 2535; x_wconf 84' lang='lat' dir='ltr'>pro</span> <span class='ocrx_word' id='word_1_426' title='bbox 1806 2474 2079 2523; x_wconf 71' lang='lat' dir='ltr'>aeteruitcte</span> <span class='ocrx_word' id='word_1_427' title='bbox 2116 2475 2321 2538; x_wconf 72' lang='lat' dir='ltr'>imperii,</span> <span class='ocrx_word' id='word_1_428' title='bbox 2355 2478 2638 2528; x_wconf 65' lang='lat' dir='ltr'>solebam</span> <span class='ocrx_word' id='word_1_429' title='bbox 2704 2480 2767 2529; x_wconf 83' lang='lat' dir='ltr'>In</span> 
     </span>
     <span class='ocr_line' id='line_1_79' title="bbox 1694 2548 2768 2619; baseline 0.007 -22"><span class='ocrx_word' id='word_1_430' title='bbox 1694 2548 1875 2597; x_wconf 88' lang='lat' dir='ltr'>codice</span> <span class='ocrx_word' id='word_1_431' title='bbox 1897 2550 2297 2613; x_wconf 76' lang='lat' dir='ltr'>Salisburgensi.</span> <span class='ocrx_word' id='word_1_432' title='bbox 2317 2560 2371 2603; x_wconf 85' lang='lat' dir='ltr'>et</span> <span class='ocrx_word' id='word_1_433' title='bbox 2395 2568 2530 2615; x_wconf 73' lang='lat' dir='ltr'>tneo,</span> <span class='ocrx_word' id='word_1_434' title='bbox 2549 2569 2768 2619; x_wconf 85' lang='lat' dir='ltr'>corrup·</span> 
     </span>
     <span class='ocr_line' id='line_1_80' title="bbox 1694 2626 2770 2695; baseline 0.011 -22"><span class='ocrx_word' id='word_1_435' title='bbox 1694 2626 1892 2676; x_wconf 86' lang='lat' dir='ltr'>tissime</span> <span class='ocrx_word' id='word_1_436' title='bbox 1927 2628 2176 2691; x_wconf 87' lang='lat' dir='ltr'>scriptum</span> <span class='ocrx_word' id='word_1_437' title='bbox 2207 2637 2307 2689; x_wconf 88' lang='lat' dir='ltr'>est,</span> <span class='ocrx_word' id='word_1_438' title='bbox 2332 2631 2626 2695; x_wconf 67' lang='lat' dir='ltr'>Nune-apere</span> <span class='ocrx_word' id='word_1_439' title='bbox 2659 2639 2770 2685; x_wconf 70' lang='lat' dir='ltr'>vot«</span> 
     </span>
     <span class='ocr_line' id='line_1_81' title="bbox 1695 2704 2768 2768; baseline 0.009 -18"><span class='ocrx_word' id='word_1_440' title='bbox 1695 2707 1740 2750; x_wconf 87' lang='lat' dir='ltr'>et</span> <span class='ocrx_word' id='word_1_441' title='bbox 1764 2717 1850 2763; x_wconf 75' lang='lat' dir='ltr'>pro</span> <span class='ocrx_word' id='word_1_442' title='bbox 1871 2704 2145 2753; x_wconf 70' lang='lat' dir='ltr'>eternitate</span> <span class='ocrx_word' id='word_1_443' title='bbox 2159 2705 2346 2768; x_wconf 74' lang='lat' dir='ltr'>imperii</span> <span class='ocrx_word' id='word_1_444' title='bbox 2368 2708 2650 2758; x_wconf 58' lang='lat' dir='ltr'>numm</span> <span class='ocrx_word' id='word_1_445' title='bbox 2685 2710 2768 2759; x_wconf 78' lang='lat' dir='ltr'>Ex</span> 
     </span>
     <span class='ocr_line' id='line_1_82' title="bbox 1694 2779 2766 2848; baseline 0.01 -22"><span class='ocrx_word' id='word_1_446' title='bbox 1694 2779 1911 2827; x_wconf 79' lang='lat' dir='ltr'>residuis</span> <span class='ocrx_word' id='word_1_447' title='bbox 1955 2795 2083 2845; x_wconf 84' lang='lat' dir='ltr'>ergo</span> <span class='ocrx_word' id='word_1_448' title='bbox 2127 2782 2412 2844; x_wconf 75' lang='lat' dir='ltr'>codicibus,</span> <span class='ocrx_word' id='word_1_449' title='bbox 2456 2786 2650 2848; x_wconf 86' lang='lat' dir='ltr'>quibus</span> <span class='ocrx_word' id='word_1_450' title='bbox 2687 2787 2766 2837; x_wconf 88' lang='lat' dir='ltr'>uti</span> 
     </span>
     <span class='ocr_line' id='line_1_83' title="bbox 1694 2856 2763 2920; baseline 0.01 -18"><span class='ocrx_word' id='word_1_451' title='bbox 1694 2856 1816 2904; x_wconf 83' lang='lat' dir='ltr'>mihi</span> <span class='ocrx_word' id='word_1_452' title='bbox 1850 2858 2091 2920; x_wconf 82' lang='lat' dir='ltr'>contigit,</span> <span class='ocrx_word' id='word_1_453' title='bbox 2124 2861 2264 2908; x_wconf 86' lang='lat' dir='ltr'>solus</span> <span class='ocrx_word' id='word_1_454' title='bbox 2298 2860 2586 2910; x_wconf 72' lang='lat' dir='ltr'>Vaticanus</span> <span class='ocrx_word' id='word_1_455' title='bbox 2610 2863 2675 2911; x_wconf 75' lang='lat' dir='ltr'>R.</span> <span class='ocrx_word' id='word_1_456' title='bbox 2698 2862 2763 2913; x_wconf 83' lang='lat' dir='ltr'>A.</span> 
     </span>
     <span class='ocr_line' id='line_1_84' title="bbox 1696 2934 2764 2996; baseline 0.008 -17"><span class='ocrx_word' id='word_1_457' title='bbox 1696 2934 1841 2981; x_wconf 79' lang='lat'>1475.</span> <span class='ocrx_word' id='word_1_458' title='bbox 1864 2934 1939 2982; x_wconf 89' lang='lat' dir='ltr'>uti</span> <span class='ocrx_word' id='word_1_459' title='bbox 1969 2934 2082 2995; x_wconf 87' lang='lat' dir='ltr'>jam</span> <span class='ocrx_word' id='word_1_460' title='bbox 2106 2934 2237 2996; x_wconf 78' lang='lat' dir='ltr'>dixi,</span> <span class='ocrx_word' id='word_1_461' title='bbox 2257 2935 2423 2985; x_wconf 87' lang='lat' dir='ltr'>locum</span> <span class='ocrx_word' id='word_1_462' title='bbox 2449 2936 2591 2985; x_wconf 75' lang='lat' dir='ltr'>huuc</span> <span class='ocrx_word' id='word_1_463' title='bbox 2615 2938 2764 2988; x_wconf 85' lang='lat' dir='ltr'>nobis</span> 
     </span>
     <span class='ocr_line' id='line_1_85' title="bbox 1695 3007 2766 3079; baseline 0.009 -24"><span class='ocrx_word' id='word_1_464' title='bbox 1695 3007 1951 3070; x_wconf 84' lang='lat' dir='ltr'>integrum</span> <span class='ocrx_word' id='word_1_465' title='bbox 1982 3012 2244 3069; x_wconf 67' lang='lat' dir='ltr'>servavit,</span> <span class='ocrx_word' id='word_1_466' title='bbox 2276 3026 2344 3061; x_wconf 81' lang='lat' dir='ltr'>ex</span> <span class='ocrx_word' id='word_1_467' title='bbox 2377 3027 2480 3076; x_wconf 90' lang='lat' dir='ltr'>quo</span> <span class='ocrx_word' id='word_1_468' title='bbox 2518 3014 2766 3079; x_wconf 67' lang='lat' dir='ltr'>intelligi·</span> 
     </span>
     <span class='ocr_line' id='line_1_86' title="bbox 1692 3085 2766 3144; baseline 0.012 -13"><span class='ocrx_word' id='word_1_469' title='bbox 1692 3099 1824 3140; x_wconf 85' lang='lat' dir='ltr'>mus.</span> <span class='ocrx_word' id='word_1_470' title='bbox 1862 3085 2086 3135; x_wconf 83' lang='lat' dir='ltr'>Plinium</span> <span class='ocrx_word' id='word_1_471' title='bbox 2124 3088 2174 3135; x_wconf 89' lang='lat' dir='ltr'>iu</span> <span class='ocrx_word' id='word_1_472' title='bbox 2206 3087 2282 3137; x_wconf 77' lang='lat' dir='ltr'>liis</span> <span class='ocrx_word' id='word_1_473' title='bbox 2315 3089 2491 3138; x_wconf 81' lang='lat' dir='ltr'>verbis</span> <span class='ocrx_word' id='word_1_474' title='bbox 2526 3105 2634 3140; x_wconf 87' lang='lat' dir='ltr'>uon</span> <span class='ocrx_word' id='word_1_475' title='bbox 2667 3092 2766 3144; x_wconf 78' lang='lat' dir='ltr'>nisi</span> 
     </span>
     <span class='ocr_line' id='line_1_87' title="bbox 1692 3160 2764 3227; baseline 0.008 -18"><span class='ocrx_word' id='word_1_476' title='bbox 1692 3160 1923 3210; x_wconf 83' lang='lat' dir='ltr'>ordinem</span> <span class='ocrx_word' id='word_1_477' title='bbox 1962 3171 2197 3212; x_wconf 83' lang='lat' dir='ltr'>votorum</span> <span class='ocrx_word' id='word_1_478' title='bbox 2228 3162 2324 3213; x_wconf 89' lang='lat' dir='ltr'>sub</span> <span class='ocrx_word' id='word_1_479' title='bbox 2353 3164 2764 3227; x_wconf 79' lang='lat' dir='ltr'>imperatoribus</span> 
     </span>
     <span class='ocr_line' id='line_1_88' title="bbox 1693 3241 2766 3302; baseline 0.011 -18"><span class='ocrx_word' id='word_1_480' title='bbox 1693 3244 2105 3301; x_wconf 85' lang='lat' dir='ltr'>nuncupatorum</span> <span class='ocrx_word' id='word_1_481' title='bbox 2132 3253 2223 3302; x_wconf 86' lang='lat' dir='ltr'>per</span> <span class='ocrx_word' id='word_1_482' title='bbox 2248 3241 2626 3292; x_wconf 78' lang='lat' dir='ltr'>correctionem</span> <span class='ocrx_word' id='word_1_483' title='bbox 2648 3260 2766 3295; x_wconf 84' lang='lat' dir='ltr'>cou-</span> 
     </span>
     <span class='ocr_line' id='line_1_89' title="bbox 1695 3314 2767 3372; baseline 0.008 -12"><span class='ocrx_word' id='word_1_484' title='bbox 1695 3321 1899 3362; x_wconf 83' lang='lat' dir='ltr'>vertere</span> <span class='ocrx_word' id='word_1_485' title='bbox 1936 3314 2174 3370; x_wconf 80' lang='lat' dir='ltr'>voluisse,</span> <span class='ocrx_word' id='word_1_486' title='bbox 2216 3315 2288 3362; x_wconf 83' lang='lat' dir='ltr'>uti</span> <span class='ocrx_word' id='word_1_487' title='bbox 2326 3315 2462 3364; x_wconf 82' lang='lat' dir='ltr'>infra</span> <span class='ocrx_word' id='word_1_488' title='bbox 2497 3331 2684 3369; x_wconf 68' lang='lat' dir='ltr'>unu.</span> <span class='ocrx_word' id='word_1_489' title='bbox 2721 3326 2767 3372; x_wconf 89' lang='grc'>1.</span> 
     </span>
     <span class='ocr_line' id='line_1_90' title="bbox 1693 3391 2766 3455; baseline 0.007 -16"><span class='ocrx_word' id='word_1_490' title='bbox 1693 3391 1794 3439; x_wconf 84' lang='lat' dir='ltr'>alio</span> <span class='ocrx_word' id='word_1_491' title='bbox 1818 3392 1970 3440; x_wconf 88' lang='lat' dir='ltr'>modo</span> <span class='ocrx_word' id='word_1_492' title='bbox 2002 3392 2256 3455; x_wconf 75' lang='lat' dir='ltr'>eJusmodi</span> <span class='ocrx_word' id='word_1_493' title='bbox 2288 3391 2525 3443; x_wconf 73' lang='lat' dir='ltr'>ordinem</span> <span class='ocrx_word' id='word_1_494' title='bbox 2547 3410 2766 3447; x_wconf 55' lang='lat' dir='ltr'>comere</span> 
     </span>
     <span class='ocr_line' id='line_1_91' title="bbox 1693 3467 2765 3532; baseline 0.009 -18"><span class='ocrx_word' id='word_1_495' title='bbox 1693 3467 1778 3528; x_wconf 86' lang='lat' dir='ltr'>tit,</span> <span class='ocrx_word' id='word_1_496' title='bbox 1805 3473 1860 3515; x_wconf 94' lang='lat' dir='ltr'>ut</span> <span class='ocrx_word' id='word_1_497' title='bbox 1882 3467 2208 3531; x_wconf 77' lang='lat' dir='ltr'>ostenderet,</span> <span class='ocrx_word' id='word_1_498' title='bbox 2228 3468 2371 3526; x_wconf 79' lang='lat' dir='ltr'>alios,</span> <span class='ocrx_word' id='word_1_499' title='bbox 2399 3472 2550 3532; x_wconf 82' lang='lat' dir='ltr'>quasi</span> <span class='ocrx_word' id='word_1_500' title='bbox 2574 3474 2765 3523; x_wconf 87' lang='lat' dir='ltr'>tolera·</span> 
     </span>
     <span class='ocr_line' id='line_1_92' title="bbox 1690 3544 2765 3613; baseline 0.007 -20"><span class='ocrx_word' id='word_1_501' title='bbox 1690 3544 1861 3605; x_wconf 84' lang='lat' dir='ltr'>bilius,</span> <span class='ocrx_word' id='word_1_502' title='bbox 1890 3545 2051 3606; x_wconf 86' lang='lat' dir='ltr'>primo</span> <span class='ocrx_word' id='word_1_503' title='bbox 2075 3559 2168 3607; x_wconf 87' lang='lat' dir='ltr'>pro</span> <span class='ocrx_word' id='word_1_504' title='bbox 2200 3546 2499 3597; x_wconf 63' lang='lat' dir='ltr'>eternitate</span> <span class='ocrx_word' id='word_1_505' title='bbox 2539 3550 2765 3613; x_wconf 78' lang='lat' dir='ltr'>imperii.</span> 
     </span>
     <span class='ocr_line' id='line_1_93' title="bbox 1688 3620 2763 3686; baseline 0.01 -18"><span class='ocrx_word' id='word_1_506' title='bbox 1688 3620 1876 3670; x_wconf 81' lang='lat' dir='ltr'>deinde</span> <span class='ocrx_word' id='word_1_507' title='bbox 1914 3636 2005 3684; x_wconf 89' lang='lat' dir='ltr'>pro</span> <span class='ocrx_word' id='word_1_508' title='bbox 2042 3622 2211 3671; x_wconf 82' lang='lat' dir='ltr'>salute</span> <span class='ocrx_word' id='word_1_509' title='bbox 2244 3623 2573 3686; x_wconf 74' lang='lat' dir='ltr'>principum3</span> <span class='ocrx_word' id='word_1_510' title='bbox 2610 3628 2763 3678; x_wconf 79' lang='lat' dir='ltr'>immo</span> 
     </span>
     <span class='ocr_line' id='line_1_94' title="bbox 1689 3696 2763 3767; baseline 0.008 -21"><span class='ocrx_word' id='word_1_511' title='bbox 1689 3696 1832 3755; x_wconf 85' lang='lat' dir='ltr'>alios,</span> <span class='ocrx_word' id='word_1_512' title='bbox 1859 3700 2025 3762; x_wconf 90' lang='lat' dir='ltr'>primo</span> <span class='ocrx_word' id='word_1_513' title='bbox 2050 3713 2145 3762; x_wconf 87' lang='lat' dir='ltr'>pro</span> <span class='ocrx_word' id='word_1_514' title='bbox 2169 3700 2338 3749; x_wconf 89' lang='lat' dir='ltr'>salute</span> <span class='ocrx_word' id='word_1_515' title='bbox 2369 3701 2689 3767; x_wconf 83' lang='lat' dir='ltr'>principum.</span> <span class='ocrx_word' id='word_1_516' title='bbox 2711 3712 2763 3756; x_wconf 81' lang='lat' dir='ltr'>et</span> 
     </span>
     <span class='ocr_line' id='line_1_95' title="bbox 1688 3774 2762 3840; baseline 0.009 -18"><span class='ocrx_word' id='word_1_517' title='bbox 1688 3774 1882 3823; x_wconf 84' lang='lat' dir='ltr'>deinde</span> <span class='ocrx_word' id='word_1_518' title='bbox 1925 3782 2140 3838; x_wconf 83' lang='lat' dir='ltr'>propter</span> <span class='ocrx_word' id='word_1_519' title='bbox 2179 3776 2288 3837; x_wconf 77' lang='lat' dir='ltr'>lios,</span> <span class='ocrx_word' id='word_1_520' title='bbox 2323 3792 2417 3840; x_wconf 91' lang='lat' dir='ltr'>pro</span> <span class='ocrx_word' id='word_1_521' title='bbox 2462 3781 2762 3831; x_wconf 73' lang='lat' dir='ltr'>aeternitate</span> 
     </span>
     <span class='ocr_line' id='line_1_96' title="bbox 1688 3854 2760 3924; baseline 0.008 -23"><span class='ocrx_word' id='word_1_522' title='bbox 1688 3854 1915 3916; x_wconf 86' lang='lat' dir='ltr'>imperii,</span> <span class='ocrx_word' id='word_1_523' title='bbox 1957 3862 2078 3903; x_wconf 76' lang='lat' dir='ltr'>vota</span> <span class='ocrx_word' id='word_1_524' title='bbox 2111 3854 2323 3918; x_wconf 81' lang='lat' dir='ltr'>publica</span> <span class='ocrx_word' id='word_1_525' title='bbox 2344 3861 2637 3921; x_wconf 87' lang='lat' dir='ltr'>nuncupari</span> <span class='ocrx_word' id='word_1_526' title='bbox 2650 3864 2760 3924; x_wconf 81' lang='lat' dir='ltr'>jus·</span> 
     </span>
     <span class='ocr_line' id='line_1_97' title="bbox 1686 3930 2760 3998; baseline 0.008 -19"><span class='ocrx_word' id='word_1_527' title='bbox 1686 3933 1833 3981; x_wconf 82' lang='lat' dir='ltr'>sisse.</span> <span class='ocrx_word' id='word_1_528' title='bbox 1896 3930 2046 3982; x_wconf 85' lang='lat' dir='ltr'>Sicut</span> <span class='ocrx_word' id='word_1_529' title='bbox 2082 3933 2244 3996; x_wconf 77' lang='lat' dir='ltr'>igitur</span> <span class='ocrx_word' id='word_1_530' title='bbox 2265 3934 2315 3982; x_wconf 92' lang='lat' dir='ltr'>in</span> <span class='ocrx_word' id='word_1_531' title='bbox 2338 3938 2654 3998; x_wconf 84' lang='lat' dir='ltr'>posteriore,</span> <span class='ocrx_word' id='word_1_532' title='bbox 2677 3954 2760 3988; x_wconf 85' lang='lat' dir='ltr'>ea·</span> 
     </span>
     <span class='ocr_line' id='line_1_98' title="bbox 1685 4007 2759 4072; baseline 0.01 -18"><span class='ocrx_word' id='word_1_533' title='bbox 1685 4022 1788 4072; x_wconf 86' lang='lat' dir='ltr'>que</span> <span class='ocrx_word' id='word_1_534' title='bbox 1832 4008 2039 4058; x_wconf 83' lang='lat' dir='ltr'>inversa</span> <span class='ocrx_word' id='word_1_535' title='bbox 2087 4007 2328 4071; x_wconf 80' lang='lat' dir='ltr'>formula,</span> <span class='ocrx_word' id='word_1_536' title='bbox 2372 4013 2518 4064; x_wconf 85' lang='lat' dir='ltr'>nulla</span> <span class='ocrx_word' id='word_1_537' title='bbox 2565 4015 2759 4065; x_wconf 77' lang='lat' dir='ltr'>mentio</span> 
     </span>
     <span class='ocr_line' id='line_1_99' title="bbox 1685 4082 2757 4151; baseline 0.007 -18"><span class='ocrx_word' id='word_1_538' title='bbox 1685 4082 1832 4134; x_wconf 81' lang='lat' dir='ltr'>facta</span> <span class='ocrx_word' id='word_1_539' title='bbox 1854 4094 1935 4135; x_wconf 86' lang='lat' dir='ltr'>est</span> <span class='ocrx_word' id='word_1_540' title='bbox 1966 4086 2193 4146; x_wconf 76' lang='lat' dir='ltr'>civium3</span> <span class='ocrx_word' id='word_1_541' title='bbox 2228 4087 2301 4136; x_wconf 83' lang='lat' dir='ltr'>its</span> <span class='ocrx_word' id='word_1_542' title='bbox 2340 4092 2757 4151; x_wconf 76' lang='lat' dir='ltr'>praesumendum</span> 
     </span>
     <span class='ocr_line' id='line_1_100' title="bbox 1685 4161 2756 4228; baseline 0.007 -17"><span class='ocrx_word' id='word_1_543' title='bbox 1685 4169 1785 4219; x_wconf 81' lang='lat' dir='ltr'>est,</span> <span class='ocrx_word' id='word_1_544' title='bbox 1824 4162 1985 4214; x_wconf 80' lang='lat' dir='ltr'>ctiam</span> <span class='ocrx_word' id='word_1_545' title='bbox 2015 4162 2070 4213; x_wconf 89' lang='lat' dir='ltr'>in</span> <span class='ocrx_word' id='word_1_546' title='bbox 2105 4162 2278 4228; x_wconf 86' lang='lat' dir='ltr'>priore</span> <span class='ocrx_word' id='word_1_547' title='bbox 2314 4161 2542 4218; x_wconf 81' lang='lat' dir='ltr'>formula</span> <span class='ocrx_word' id='word_1_548' title='bbox 2566 4169 2756 4218; x_wconf 83' lang='lat' dir='ltr'>nullam</span> 
     </span>
    </p>
   </div>
  </div>
 </body>
</html>
