3060 4902
546 327 681 393 944

544 505 601 538 ac
636 493 843 537 senatus.
911 485 1153 550 Denique
1192 486 1612 550 antepenultima

548 566 700 629 hujus
732 564 920 628 capitis
959 564 1161 619 vocula,
1191 578 1304 625 ποιι,
1337 576 1366 611 a
1402 563 1616 612 librario

549 639 599 688 in
651 654 765 688 meo
818 638 997 688 codice
1047 648 1242 689 temere
1279 645 1364 689 est
1408 640 1614 689 omissa.

553 716 802 767 Schwart-

553 836 556 839 .
622 793 905 843 Viderintne
935 790 1160 857 unquam]
1197 792 1300 854 Ita,
1327 798 1380 840 et
1405 790 1616 855 quidem

550 869 777 932 Augusti
803 870 985 932 ipsius,
1009 871 1059 917 in
1083 882 1263 917 caussa
1296 868 1464 922 simili,
1497 883 1614 917 cum

552 952 700 1009 pater
737 935 918 1009 patriti!
954 944 1143 994 dictus.
1223 943 1360 992 Vide
1399 944 1615 993 Sueton.

552 1034 670 1083 cap.
693 1026 775 1071 58.
809 1021 948 1084 Lips.

622 1097 875 1160 Ouerasli]
908 1095 990 1146 cf.
1012 1109 1168 1160 supra
1203 1100 1309 1145 not.
1348 1094 1414 1144 sd
1450 1108 1616 1145 xxiv.

554 1178 602 1223 1.
635 1175 878 1224 Schwarz.

618 1253 843 1301 Posteros
900 1250 1110 1313 nostros]
1176 1250 1478 1306 Senatores,
1524 1249 1614 1314 qui

553 1337 672 1393 post
701 1343 794 1377 nos
821 1335 987 1377 erunt.
1019 1328 1159 1390 Lips.

618 1404 751 1453 Cu».
794 1415 986 1453 mxxiv.
1049 1404 1095 1451 0
1135 1408 1181 1452 te
1212 1401 1430 1465 felicem]
1475 1401 1614 1450 Istas

551 1479 950 1529 acclamationes
970 1480 1019 1528 in
1044 1487 1227 1528 senatu
1258 1480 1483 1542 Trajnno
1504 1476 1617 1526 fac·

554 1562 654 1619 tas,
687 1571 752 1605 ne
785 1557 1125 1619 interciperet
1150 1556 1359 1618 oblivio,
1396 1556 1448 1603 in
1483 1554 1614 1617 pub·

551 1635 652 1685 lica
683 1644 801 1685 acts
837 1634 1116 1684 mittendas
1148 1643 1203 1683 et
1235 1633 1538 1683 incidendas
1563 1634 1615 1683 in

549 1724 654 1759 oere
670 1720 878 1760 senatus
897 1710 1116 1760 censuit.
1139 1710 1371 1758 Brisson.
1389 1710 1616 1759 Formul.

551 1799 617 1835 ιι.
642 1791 690 1836 1.
708 1793 755 1836 2.
775 1791 824 1837 7.
849 1788 997 1845 Mox,
1022 1800 1187 1835 mxxv.
1218 1791 1261 1834 l.
1294 1787 1447 1835 Bem.

613 1863 867 1928 Animum]
918 1863 1096 1912 Prima
1139 1861 1360 1912 felicitas
1400 1863 1612 1912 Platoni

549 1947 631 1988 est
678 1939 728 1986 in
776 1940 907 1987 bene
950 1937 1301 1997 consulendo;
1350 1937 1487 2001 quod
1535 1946 1617 1987 est

548 2013 701 2063 animi
728 2028 875 2077 opus,
914 2014 1208 2062 eruditione
1233 2013 1614 2076 multarumque

548 2103 719 2138 rerum
745 2088 1104 2152 experimento
1127 2088 1366 2138 instructi
1391 2104 1404 2135 ε
1446 2089 1614 2138 altera

548 2167 602 2216 in
629 2166 805 2227 vigore
839 2179 1081 2214 sensuum
1102 2170 1157 2213 et
1180 2164 1433 2227 corporis,
1457 2180 1612 2229 quem

549 2242 779 2292 membra
802 2249 857 2290 et
889 2256 1128 2290 sensuum
1154 2240 1497 2290 instrumenta
1522 2256 1612 2305 pa·

549 2326 707 2369 rant:
766 2319 919 2368 tertis
964 2317 1012 2366 in
1061 2330 1231 2365 rerum
1270 2315 1612 2379 gerendarum

548 2393 779 2458 fortune,
801 2408 952 2460 quam
978 2392 1196 2458 provida
1215 2392 1431 2456 largitur
1455 2395 1612 2442 soler·

550 2473 656 2522 tia:
692 2480 880 2536 quiarta
904 2471 953 2519 in
976 2471 1172 2519 honore
1196 2477 1251 2518 et
1281 2471 1456 2531 gloriae
1479 2472 1618 2522 cele-

546 2550 759 2611 britate,
780 2561 931 2609 quam
954 2546 1131 2607 opinio
1148 2545 1393 2595 bonitatis
1411 2546 1611 2609 gignit:

546 2624 756 2688 quincta
793 2624 842 2670 in
883 2621 1027 2671 bonis
1050 2623 1340 2686 ceterisque
1366 2623 1517 2672 rebus
1544 2624 1609 2674 ad

546 2713 667 2748 usus
690 2697 1045 2752 humanitatis,
1080 2713 1231 2762 quam
1270 2712 1442 2748 rerum
1468 2699 1611 2751 efflu-

545 2775 687 2825 entia
709 2773 945 2823 affundit.
978 2773 1134 2825 Bern.

609 2850 705 2899 Sed
718 2850 948 2913 animum]
966 2851 1172 2914 Nempe
1187 2851 1461 2901 virtutibus
1480 2867 1611 2915 proe·

544 2925 731 2982 ditum,
785 2933 840 2975 et
896 2927 964 2975 ob
1020 2927 1111 2975 bas
1166 2927 1304 2975 omni
1355 2928 1611 2979 felicitate

544 3002 917 3067 dignissimum.
984 3003 1185 3066 Vulgus
1219 3002 1525 3053 felicitatem
1556 3008 1609 3055 in

542 3094 696 3144 opum
730 3088 783 3128 et
812 3078 1108 3128 divitiarum
1146 3079 1465 3143 possessione
1501 3083 1610 3130 col·

545 3155 701 3205 locat.
772 3154 984 3204 Rectius
1023 3154 1178 3204 docet
1209 3155 1407 3204 Seneca
1437 3156 1609 3218 Epist.

543 3233 625 3279 4⁵.
648 3229 855 3279 felicem
882 3229 1191 3294 beatumque
1215 3244 1311 3279 non
1335 3244 1450 3279 eum
1475 3245 1612 3295 esse,

542 3320 692 3370 quem
718 3307 900 3369 vulgus
919 3307 1183 3370 appellen
1215 3306 1230 3334 ‘
1257 3307 1319 3355 sd
1346 3321 1497 3371 quem
1520 3323 1610 3370 pe-

542 3383 695 3431 cunia
738 3398 924 3446 magna
967 3382 1253 3446 confluxi13
1311 3385 1402 3434 sed
1449 3385 1608 3443 illum,

469 3463 482 3468 ”
541 3458 624 3506 cui
651 3456 837 3507 bonum
865 3474 1015 3508 omne
1045 3460 1096 3509 in
1121 3462 1289 3510 animo
1324 3467 1423 3521 est,
1460 3476 1608 3511 erec-

542 3537 672 3594 tum,
708 3542 764 3582 et
803 3535 1083 3593 excelsum,
1124 3545 1175 3584 et
1212 3536 1469 3586 mirabilia
1502 3539 1605 3588 cnl-

539 3608 784 3658 eantem.'
834 3610 903 3658 Et
945 3612 1054 3661 Cic.
1090 3613 1294 3663 Quaest.
1316 3614 1524 3665 Tuscul.
1551 3629 1608 3665 v.

542 3686 621 3731 15.
671 3689 687 3713 ‘
714 3684 796 3732 De
833 3682 1059 3749 divitias,
1094 3686 1336 3751 bonores,
1370 3689 1606 3756 imperia,

539 3771 685 3822 opes,
718 3757 966 3821 gloriam3
998 3760 1041 3808 si
1078 3759 1238 3810 fuerit
1274 3765 1336 3828 is,
1375 3765 1463 3828 qui
1495 3766 1608 3817 haec

538 3832 717 3897 habet,
733 3834 973 3898 injustus,
988 3836 1359 3901 intemperans,
1377 3841 1607 3900 timidus,

537 3909 713 3961 hebeti
749 3912 955 3974 ingenio
979 3919 1033 3961 et
1054 3913 1194 3962 nullo
1218 3928 1233 3974 ς
1268 3914 1604 3967 dubitabisne

537 4001 656 4036 eum
696 3987 934 4038 miserum
974 3988 1151 4039 dicere
1169 3988 1209 4039 ?'
1271 3991 1335 4041 Iu
1371 3990 1604 4045 editione

538 4061 765 4126 Gryphii
814 4078 896 4114 an.
942 4068 1087 4116 1542.
1142 4072 1198 4116 et
1245 4068 1421 4131 paucis
1466 4069 1602 4134 nli-is,

537 4152 818 4199 pronomen
852 4148 979 4200 tuas,
1009 4149 1128 4209 post
1160 4158 1288 4208 opes,
1323 4144 1602 4198 omittitur.

536 4211 777 4264 Schmun.

1255 344 1472 394 NOTAE
1523 344 1929 395 vAmoRuM
1981 344 2066 394 ΙΝ

1757 487 2038 553 Felicitate]
2078 487 2315 538 Necesse
2362 487 2502 538 enim
2544 495 2647 552 est,
2683 496 2763 557 nt,

1689 564 1777 627 qui
1808 562 2057 613 felicitate
2096 564 2282 627 dignus
2315 566 2570 627 creditur,
2600 570 2766 618 maxi·

1692 640 1788 688 niis
1819 642 1977 689 etiam
2002 640 2257 703 praeditus
2283 641 2563 693 virtutibus
2588 643 2763 694 videa·

1690 724 1808 776 tur;
1846 731 1947 780 quo
1972 714 2054 777 fit,
2092 724 2149 764 ut
2183 730 2307 787 vere
2341 719 2499 767 etism
2523 719 2595 768 sit
2616 717 2762 777 felix,

1691 807 1807 842 cum
1838 793 1912 841 nil
1946 790 2231 842 feliciorem
2267 792 2455 856 faciat,
2485 808 2640 859 quam
2662 796 2762 844 vir·

1694 876 1795 919 tus.
1831 869 2054 918 Pntnrol.

1757 946 1980 1007 Dignum
2012 943 2192 1008 videri]
2231 945 2414 1004 Immo,
2449 959 2515 995 ea
2555 945 2760 996 densum

1691 1037 1815 1072 vera
1842 1015 2069 1071 felicitas
2094 1031 2197 1081 est,
2229 1019 2488 1070 felicitate
2521 1035 2627 1071 non
2650 1029 2763 1070 tan·

1693 1107 1800 1149 tum
1817 1097 2030 1161 dignum
2052 1097 2239 1153 videri,
2257 1096 2565 1161 haberique,
2586 1097 2682 1147 sed
2707 1110 2761 1146 re
2812 1112 2819 1115 ·

1691 1190 1812 1225 vera
1845 1176 2058 1237 dignum
2098 1189 2160 1222 ea
2195 1188 2327 1223 esse.
2395 1173 2483 1222 lte
2506 1187 2632 1222 vero
2655 1187 2762 1223 ver·

1690 1251 1809 1301 bum
1829 1253 1844 1280 ‘
1864 1249 2091 1300 videtur’
2113 1265 2213 1299 non
2240 1257 2441 1300 tantum
2460 1250 2528 1299 de
2553 1250 2615 1299 iis
2637 1249 2762 1300 dici·

1691 1333 1800 1388 tur,
1822 1341 1936 1391 quae
1954 1326 2122 1375 adbuc
2141 1325 2302 1375 dubia
2321 1332 2377 1375 et
2394 1327 2602 1375 incerta
2613 1335 2762 1388 sunt;

1689 1403 1781 1453 sed
1828 1403 1987 1452 etism
2036 1416 2137 1452 non
2177 1417 2295 1452 raro
2339 1403 2406 1452 ab
2448 1404 2760 1461 oratoribus,

1692 1479 1883 1544 partim
1937 1494 2004 1528 ex
2052 1477 2226 1529 studio
2277 1478 2481 1527 numeri
2524 1480 2760 1535 oratorii,

1692 1555 1888 1618 partim
1928 1569 1997 1604 ex
2036 1569 2127 1604 usu
2151 1553 2310 1617 juris.
2348 1553 2664 1605 transfertur
2696 1555 2759 1604 ad

1690 1646 1773 1687 en,
1798 1645 1914 1695 quae
1941 1639 2086 1681 certa
2108 1639 2164 1680 et
2188 1631 2461 1694 explorata
2487 1637 2628 1679 sunt.
2674 1631 2761 1682 lta

1691 1722 1878 1771 nempe
1939 1707 2078 1771 apud
2145 1709 2404 1757 Romanos
2459 1708 2759 1759 institutum

1691 1792 1827 1846 erat,
1861 1791 1999 1833 teste
2023 1783 2139 1839 Cic.
2160 1785 2365 1835 Queat.
2393 1782 2562 1834 Acad.
2587 1798 2663 1833 tv.
2681 1789 2761 1836 (7.

1696 1870 1710 1892 ·
1738 1862 1829 1926 qui
1866 1861 2216 1914 testimonium
2256 1860 2478 1917 diceret,
2526 1869 2587 1910 ut
2622 1861 2759 1911 arbi-

1691 1938 1817 1988 trari
1852 1952 1908 1986 se
1945 1937 2164 1999 diceret,
2198 1936 2352 1985 etiam
2374 1935 2514 2000 quod
2546 1936 2663 2001 ipse
2687 1936 2759 1987 vi-

1689 2014 1890 2074 disset;
1926 2026 2143 2077 qumque
2156 2013 2321 2075 jurati
2337 2011 2548 2074 judices
2565 2026 2759 2076 cogno-

1690 2090 1904 2150 vissent,
1956 2098 2007 2142 ut
2056 2103 2118 2137 ea
2164 2101 2264 2136 non
2311 2101 2426 2136 esse
2460 2086 2621 2150 facta,
2666 2087 2756 2138 sed

1690 2173 1748 2215 ut
1782 2164 1966 2228 videri,
2002 2161 2432 2228 pronuntiarent.’
2499 2164 2757 2216 Quoniam

1689 2242 1824 2291 enim
1848 2256 1989 2304 saepe
2015 2240 2222 2303 accidit,
2245 2247 2302 2289 ut
2325 2241 2376 2289 in
2402 2239 2574 2298 factis,
2600 2243 2758 2292 etim

1687 2318 2112 2381 evidentissimis,
2139 2315 2385 2366 fallantur
2412 2318 2680 2375 mortales,
2705 2325 2765 2370 et

1688 2395 1740 2445 in
1766 2394 1918 2442 rebus
1943 2394 2104 2443 multa
2126 2394 2228 2443 sint
2253 2392 2489 2450 incerta;
2511 2393 2637 2444 binc
2661 2395 2761 2446 ists

1686 2471 1933 2536 loquendi
1977 2471 2229 2521 modestia
2269 2470 2320 2519 in
2356 2471 2477 2536 jure
2525 2472 2761 2528 Romano

1688 2549 1927 2598 invaluit.
1993 2547 2127 2597 Vide
2160 2548 2393 2597 Brisson.
2427 2548 2498 2597 de
2531 2550 2762 2601 Fon-mut.

1688 2626 1780 2675 lib.
1816 2638 1878 2674 11.
1926 2638 2045 2688 pag.
2069 2629 2180 2674 195.
2244 2624 2398 2676 Quod
2436 2623 2506 2673 de
2543 2640 2763 2676 numero

1688 2700 1915 2750 oratorio
1951 2700 2081 2763 dixi,
2109 2714 2175 2750 eo
2206 2701 2459 2764 pertinet,
2489 2710 2550 2752 ut
2584 2716 2759 2756 recor·

1688 2775 1888 2832 demur,
1924 2776 2229 2826 Ciceronem
2254 2775 2511 2839 inprimis,
2538 2778 2756 2843 ejusque

1687 2853 1994 2909 imitatores,
2044 2853 2112 2902 ob
2164 2854 2366 2904 numeri
2419 2855 2757 2918 suavitatem,

1688 2927 1992 2993 frequenter
2035 2927 2328 2978 adhibuisse
2378 2930 2519 2980 illam
2563 2928 2758 2982 formu-

1687 3005 1808 3064 lam,
1852 3004 1869 3032 ⁸
1905 3019 2020 3054 esse
2078 3004 2353 3062 videntur,’
2411 3012 2467 3057 et
2520 3007 2755 3058 similes:

1685 3097 1837 3145 quem
1869 3096 2136 3132 numerum
2177 3083 2566 3134 obtrectatores
2605 3084 2758 3134 Cice·

1685 3157 1843 3215 runis,
1875 3165 1930 3206 et
1961 3157 2441 3221 Ciceronianorum,
2473 3166 2758 3221 notarunt;
2829 3207 2833 3211 .

1683 3247 1803 3290 non,
1850 3231 1989 3298 quod
2032 3234 2257 3297 optimus
2299 3248 2403 3284 non
2448 3245 2614 3300 esset,
2662 3235 2757 3286 sed

1683 3310 1822 3374 quod
1865 3309 1943 3359 eis
1985 3311 2195 3359 nimium
2239 3310 2529 3369 familiaris.
2582 3319 2639 3364 et
2684 3312 2757 3362 ibi

1682 3400 1886 3451 quoque
1916 3387 2063 3451 quasi
2102 3387 2166 3437 de
2198 3387 2453 3438 industris
2485 3388 2761 3455 quesitus,

1685 3463 1771 3512 ubi
1797 3463 2008 3513 verbum
2034 3463 2191 3513 videri
2215 3464 2426 3528 proprie
2450 3465 2627 3514 locum
2649 3479 2756 3515 non

1682 3539 1918 3589 haberet.
2004 3539 2139 3589 Vide
2184 3539 2480 3591 Manutinm
2526 3539 2594 3590 ad
2642 3541 2752 3592 Cic.

1684 3615 1828 3664 Fam.
1875 3628 1915 3664 ι.
1948 3619 1999 3665 Β.
2077 3616 2164 3665 Sic
2201 3623 2346 3666 certe
2390 3616 2752 3679 observamus,

1681 3699 1940 3741 oratorem
1976 3691 2113 3740 hunc
2152 3691 2639 3754 praetentissimuns
2674 3692 2753 3746 vel

1681 3765 1734 3814 in
1781 3767 1892 3815 sols
1936 3765 2173 3816 oratione
2224 3780 2320 3832 pro
2371 3767 2488 3829 lege
2533 3765 2752 3817 Manilia

1682 3841 1924 3892 undecim
1958 3842 2243 3892 sententias
2279 3842 2601 3893 conclusisse
2641 3856 2751 3908 per.

1681 3920 1698 3947 ⁸
1720 3932 1833 3967 esse
1854 3916 2134 3969 videatur.’
2167 3918 2320 3967 Unde
2339 3925 2526 3968 unctor
2541 3918 2751 3983 Dialogi

1681 3992 1748 4041 de
1774 3993 2108 4053 Oratoribus,
2144 4007 2261 4057 cap.
2295 3998 2381 4043 2³.
2414 4002 2431 4025 ‘
2460 3994 2604 4045 Nolo
2635 3995 2750 4046 irri-

1677 4067 1803 4118 dere
1829 4069 2024 4117 ..illud
2064 4068 2222 4119 tertio
2259 4083 2466 4135 quoqne
2502 4083 2660 4122 sensu
2694 4071 2757 4133 in,

1676 4146 1998 4196 orationibus
2040 4161 2135 4211 pro
2186 4147 2451 4198 sententia
2504 4151 2751 4214 positum,

1676 4236 1774 4273 esse
1815 4222 2079 4299 videntur!
2142 4222 2229 4275 ef.
2268 4224 2523 4278 Quinctil.
2570 4225 2747 4281 Instit.
