3060 4902
576 330 709 397 922

577 501 687 542 toto
721 497 921 541 senatu.
987 490 1104 541 Nec
1144 492 1279 540 enim
1307 492 1407 543 soli
1446 506 1632 545 consu·

575 571 709 617 lares
732 566 976 630 suffragia
1000 568 1212 618 dabant.
1246 570 1382 633 Lips.

638 645 941 708 Inserantur]
966 649 1250 697 Inserantur
1267 649 1434 701 Lirin.
1451 650 1501 698 in
1518 656 1631 700 tex·

571 731 627 771 tu
647 740 662 784 ς
683 723 842 772 sedin
862 724 1111 789 margine,
1129 722 1287 775 ‘forte
1308 725 1631 776 inserantur-:⁸

577 801 792 860 optime.
828 802 1071 852 Rittersls.

622 877 758 926 car».
803 890 959 928 Lxxr.
993 880 1202 928 Assenstt
1242 880 1460 943 serratus]
1494 879 1541 928 1.
1584 895 1631 930 e.

570 955 944 1016 approbatione
1000 963 1055 1008 et
1105 956 1353 1018 applausu
1401 963 1631 1005 senatus.

570 1031 872 1094 Pei-peram,
885 1032 936 1080 in
951 1030 1409 1094 Guelplierbytauo
1429 1033 1628 1088 codice,

568 1121 662 1168 pro
684 1121 896 1167 assensu,
932 1108 1180 1168 scriptum
1213 1115 1295 1158 est
1320 1123 1512 1158 ascensu
1528 1126 1549 1166 ,·
1571 1119 1627 1159 et

569 1198 664 1229 vox
687 1188 878 1231 matus
907 1182 1113 1245 penitus
1141 1184 1355 1245 omissa3
1391 1186 1442 1232 in
1466 1185 1625 1234 Salis·

567 1257 808 1320 burgensi
844 1268 1033 1321 antem,
1055 1267 1109 1307 et
1135 1274 1247 1310 meo
1280 1261 1478 1316 codice,
1502 1262 1626 1325 legi·

569 1344 651 1382 tur
676 1340 858 1385 senatu.
926 1335 1082 1385 Haud
1116 1350 1267 1386 secus
1298 1338 1427 1387 etin
1454 1340 1624 1389 verbis

566 1412 794 1470 proxime
835 1413 1188 1475 sequentibus,
1221 1414 1272 1463 hi
1307 1414 1411 1463 duo
1447 1423 1624 1478 poste·

567 1488 726 1538 riores
751 1490 977 1550 codices,
1013 1507 1107 1554 pro
1129 1494 1411 1554 candidatis,
1436 1495 1624 1546 vitiose

564 1566 809 1618 exhibent
843 1569 1139 1621 candidatus.
1197 1570 1327 1620 Inde
1351 1571 1624 1635 intelliges,

564 1654 831 1705 qnantum,
856 1646 1073 1694 maxime
1094 1646 1145 1695 in
1165 1647 1449 1709 posteriore
1476 1656 1624 1710 parte

561 1719 709 1782 hujus
737 1722 1068 1786 panegyrici,
1103 1725 1405 1774 hallucinati
1435 1727 1540 1775 sint
1563 1728 1622 1776 li·

564 1796 739 1845 brarii.
770 1798 1009 1850 Schmun.

626 1873 995 1939 Nominanems]
1033 1876 1407 1939 Designaveras
1432 1879 1620 1941 palam.

565 1947 697 2009 Lips.

624 2025 819 2088 Oscalo]
854 2026 927 2075 Ut
958 2028 1089 2077 solet
1114 2028 1162 2076 in
1190 2029 1538 2091 gratulatione
1562 2042 1618 2081 et

556 2098 723 2149 fausta
748 2103 1066 2163 precatione.
1105 2105 1254 2155 Idem.
1613 2096 1622 2108 ’

624 2180 796 2228 Oscula
816 2181 1103 2245 occurreres]
1137 2184 1350 2232 Scilicet
1372 2184 1616 2234 candida·

558 2256 619 2314 ti,
641 2258 682 2304 si
720 2273 750 2305 a
782 2258 988 2307 Caesare
1023 2262 1271 2310 nominati
1307 2261 1616 2327 publiceque

554 2332 803 2384 declarati
829 2345 976 2386 erant
997 2339 1256 2398 eonsules,
1279 2346 1369 2387 ant
1404 2340 1492 2388 alii
1512 2355 1615 2388 ma·

555 2408 817 2472 gistratus,
856 2413 1176 2464 accedebant
1211 2415 1275 2464 ad
1311 2416 1475 2479 ipsum
1502 2417 1615 2467 Cae·

554 2502 741 2545 sarem,
787 2491 838 2538 in
875 2492 1001 2539 sella
1039 2492 1203 2540 curuli
1232 2493 1522 2554 sedentem,
1557 2503 1614 2544 ut

555 2580 647 2627 pro
669 2566 862 2614 honore
888 2567 983 2615 sibi
1009 2567 1189 2617 babitu
1225 2571 1414 2629 gratias
1444 2574 1613 2622 acturi

550 2641 906 2690 oscularentur
929 2643 1043 2705 ejus
1075 2659 1297 2694 manum.
1362 2649 1449 2697 Sic
1473 2651 1612 2700 euim

549 2716 861 2766 dicebantur
895 2723 909 2747 ‘
930 2720 992 2768 ad
1024 2736 1203 2771 manus
1243 2724 1489 2789 principis
1523 2743 1611 2778 ac·

548 2795 768 2843 cedere.'
834 2796 988 2857 Nam,
1003 2797 1265 2848 referente
1287 2801 1538 2866 vopisco,
1558 2806 1609 2853 in

550 2870 849 2934 Aureliano,
885 2888 1001 2938 cap.
1038 2879 1118 2924 14.
1153 2889 1269 2925 cnm
1300 2879 1607 2930 Valerianus

548 2948 815 3012 Augustus
832 2950 1161 3003 Aurelianum
1177 2955 1472 3018 designaret
1487 2972 1603 3007 con·

547 3028 731 3091 sulem,
755 3028 1062 3080 Aurelianus
1098 3033 1112 3060 ‘
1133 3032 1199 3081 ad
1225 3048 1402 3084 manus
1426 3035 1606 3100 (Vale-

548 3104 702 3169 riani)
724 3110 966 3172 accessit,
1005 3123 1163 3172 agens
1199 3112 1391 3173 gratias
1415 3112 1606 3162 milita-

546 3183 686 3231 ribus
731 3185 938 3234 verbis.’
987 3186 1054 3236 Et
1092 3188 1207 3250 ipse
1250 3189 1447 3239 Plinius
1486 3205 1606 3240 mox

543 3258 753 3319 indicat,
779 3262 907 3310 alios
947 3262 1181 3312 Caesares
1218 3267 1395 3314 ‘velut
1428 3263 1605 3316 affixos

542 3334 805 3384 curulibus
830 3339 934 3386 suis
958 3353 1160 3388 manum
1199 3346 1401 3390 tantum
1432 3356 1605 3405 prom·

541 3410 706 3458 sisse-⁹
742 3413 815 3460 Ea
834 3423 1006 3464 autem
1030 3424 1141 3467 erat
1163 3418 1453 3468 humanitas
1476 3420 1604 3469 Tra·

531 3485 661 3547 jani,
685 3495 741 3536 ut
775 3503 876 3538 non
903 3491 1113 3542 baeserit
1138 3493 1282 3543 velut
1306 3492 1488 3544 affixus
1512 3510 1601 3545 cu-

538 3561 655 3617 ruli,
691 3565 932 3627 ‘neque,’
969 3568 1105 3632 qnod
1140 3570 1343 3619 Plinius
1369 3572 1483 3635 jam
1517 3588 1602 3623 su·

540 3652 653 3701 pra,
685 3651 845 3688 xxiv.
868 3646 916 3689 2.
937 3642 1089 3699 dixit,
1117 3646 1338 3696 ‘civium
1370 3650 1602 3712 amplex-

538 3716 633 3778 us,’
654 3732 794 3767 more
816 3720 1152 3781 superborum
1173 3725 1481 3789 principum,
1504 3734 1519 3756 ‘
1533 3729 1598 3778 ad

539 3794 700 3858 pedes
724 3810 842 3843 suos
865 3797 1210 3860 depresserit3
1249 3814 1346 3851 nec
1368 3804 1597 3855 osculum

535 3885 689 3922 manu
725 3870 1046 3929 reddiderit:
1085 3874 1133 3922 h.
1167 3889 1212 3924 e.
1246 3890 1346 3925 non
1380 3877 1494 3927 loco
1516 3895 1598 3931 os·

536 3949 636 3997 culi
662 3951 765 3998 oris
798 3964 1002 3999 manum
1032 3950 1363 4003 osculandam
1395 3957 1597 4018 prebu-

535 4026 637 4075 erit
677 4026 1012 4078 offerentibus
1047 4029 1313 4093 osculum;
1346 4033 1438 4083 sed
1479 4035 1595 4099 ipse

533 4105 838 4155 osculaturis
875 4108 890 4133 ‘
919 4107 1149 4156 occurrit
1195 4110 1409 4171 osculo,'
1451 4112 1593 4176 qitasi

534 4190 622 4226 eos
647 4189 1019 4243 praeventurus,
1053 4191 1147 4233 aut
1172 4193 1317 4237 certe
1338 4189 1593 4239 osculanti

531 4256 710 4303 osculo
751 4258 855 4307 oris
887 4273 1257 4327 responsurus3
1289 4265 1373 4316 vel
1408 4265 1425 4295 ⁶
1444 4280 1591 4318 oscu-

822 4343 843 4367 Ο

1252 348 1466 397 ΝΟΤΙΕ
1517 348 1923 399 vammum
1979 351 2058 400 ln

1708 494 1811 544 inm
1844 494 2150 558 amplexus’
2191 494 2528 557 redditus-nu
2565 496 2630 549 de
2666 507 2770 564 quo

1709 571 1909 621 Plinius
1932 571 2085 629 infra,
2120 586 2356 623 Lxxxvt.
2379 578 2428 624 ³.
2461 581 2475 602 ‘
2501 575 2614 626 Nec
2636 583 2768 627 tem·

1708 649 1901 712 perasti
1926 649 2038 710 tibi,
2063 664 2165 714 quo
2188 650 2357 699 minus
2378 653 2595 701 exeunti
2620 652 2671 702 ia
2703 654 2766 703 li·

1710 732 1822 774 tore
1843 726 2107 788 amplexus
2126 728 2360 776 osculum
2374 726 2578 778 ferres?
2606 731 2767 779 Usus·-

1706 809 1832 863 pata
1861 804 2161 867 ceteroquin
2197 804 2376 853 oscula
2409 803 2575 855 fuisse
2599 806 2655 855 in
2680 823 2770 872 pe-

1708 878 1913 938 titione,
1952 877 2005 926 in
2040 878 2321 940 gratiarum
2349 881 2568 938 actione,
2590 893 2767 945 gratu·

1705 954 1915 1015 latione,
1959 962 2118 1019 atque
2154 957 2205 1004 in
2241 956 2481 1007 omnibus
2511 955 2671 1008 officii
2709 968 2766 1010 et

1705 1031 2026 1079 demissionis
2051 1032 2200 1088 notis,
2224 1041 2420 1095 preter
2435 1035 2580 1097 alios,
2593 1045 2764 1084 osten·

1702 1106 1782 1156 dit
1806 1108 2028 1172 Lipsius,
2047 1109 2214 1158 Elect.
2238 1123 2302 1160 ιι.
2324 1115 2375 1159 6.
2430 1110 2566 1160 Vide
2590 1127 2763 1178 supra,

1707 1185 1772 1233 ad
1797 1200 1850 1248 p.
1872 1189 1987 1234 530.
2010 1185 2254 1235 δώωσι.

1765 1264 2075 1327 ecem-rem]
2099 1265 2371 1315 Insolitum
2395 1266 2495 1316 hoc
2521 1269 2757 1331 superbis

1700 1341 2044 1404 principibus,
2064 1343 2151 1406 qni
2177 1342 2242 1391 ad
2271 1357 2524 1392 summum
2561 1346 2758 1408 praebe·

1700 1418 1826 1469 bant
1859 1434 2085 1481 manum,
2110 1436 2260 1485 quarn
2282 1423 2425 1471 cives
2463 1425 2761 1474 oscularen-

1701 1504 1802 1545 tur.
1872 1498 2069 1546 Noster
2092 1499 2269 1547 statim
2293 1497 2450 1546 infra.
2481 1500 2698 1550 Pater-ol.

1761 1573 2013 1637 Deve-tas]
2042 1574 2214 1631 Forte,
2235 1580 2284 1624 et
2304 1577 2533 1626 «imas.
2557 1578 2727 1628 Lirin.

1751 1649 2001 1716 Deeexus]
2023 1650 2304 1714 Inclinans,
2320 1661 2374 1702 et
2383 1668 2537 1716 pene
2553 1655 2760 1706 deseen-

1699 1727 1825 1774 deus
1870 1740 1900 1773 e
1946 1735 2040 1776 tuo
2087 1728 2353 1778 tribunali.
2447 1731 2649 1781 Seneca
2689 1731 2757 1781 de

1695 1805 2135 1870 Tranquillitate:
2170 1810 2187 1836 ‘
2205 1807 2444 1857 Tutiores
2466 1817 2640 1872 erunt,
2672 1824 2757 1859 su-

1695 1884 1927 1945 perbiam
1952 1883 2296 1947 detrahendo,
2317 1893 2373 1935 et
2394 1885 2653 1937 fortunam
2674 1902 2757 1937 sn·

1694 1975 1775 2008 am
1801 1960 1851 2008 in
1877 1962 2082 2023 planum
2106 1961 2434 2011 deferendo.’
2455 1963 2593 2027 Lips.

1757 2037 1984 2086 Devexus
2004 2038 2193 2101 quidem
2213 2041 2265 2088 ia
2284 2041 2501 2106 phana]
2525 2041 2571 2089 1.
2596 2055 2642 2093 e.
2665 2041 2754 2092 de-

1691 2111 1855 2163 flexus
1877 2122 1931 2163 et
1964 2116 2240 2164 inclinatus
2270 2130 2300 2164 e
2333 2117 2461 2165 sella
2495 2118 2666 2167 curuli
2687 2119 2753 2167 ad

1690 2204 1892 2255 aequum
1916 2191 2228 2256 planumque
2250 2192 2438 2243 locum.
2503 2194 2621 2244 Vox
2642 2196 2752 2245 hee

1681 2266 1790 2330 jarn
1815 2268 2074 2331 Ciceroni,
2097 2269 2338 2331 Virgilio,
2375 2275 2432 2318 et
2463 2270 2582 2319 aliis
2607 2270 2751 2321 banis

1686 2346 2003 2403 auctoribus,
2020 2347 2234 2406 usitata,
2258 2345 2467 2410 proprie
2480 2357 2540 2396 et
2559 2349 2748 2412 sepius

1689 2419 1755 2470 de
1788 2423 1925 2472 clivo
1965 2437 2123 2487 prono
2158 2430 2215 2473 et
2251 2423 2457 2487 supino,
2492 2434 2749 2489 quatenus

1689 2497 1984 2555 descendit,
2023 2502 2268 2561 ponitnr;
2323 2502 2462 2549 unde
2506 2501 2524 2529 ‘
2550 2502 2750 2553 devexa

1688 2575 1893 2625 collium
1913 2575 1927 2596 ’
1947 2584 2002 2626 et
2018 2578 2035 2603 ⁴
2052 2577 2300 2626 montium
2316 2575 2331 2598 '
2347 2578 2613 2629 dicuutur.
2639 2579 2749 2630 Cie-

1687 2651 1753 2700 de
1778 2653 1951 2702 Divin.
1978 2667 2017 2703 r.
2048 2658 2132 2702 ⁴5.
2162 2653 2453 2703 ‘Exaudita
2475 2670 2579 2705 vox
2602 2663 2684 2705 est
2714 2671 2747 2705 a

1685 2728 1802 2776 luco
1826 2730 2028 2790 Vestae,
2065 2730 2151 2794 qui
2187 2746 2220 2779 a
2253 2731 2443 2780 Palatii
2484 2731 2659 2781 radice
2691 2734 2744 2781 ia

1682 2819 1864 2855 novam
1891 2806 2023 2856 viam
2048 2809 2276 2855 devexus
2298 2805 2415 2856 est!
2490 2808 2648 2867 Item,
2677 2808 2745 2858 de

1684 2880 1798 2930 loco
1833 2882 2058 2932 molliter
2089 2882 2250 2932 arduo
2287 2889 2343 2932 et
2369 2881 2743 2947 adscendente,

1683 2958 1821 3021 apud
1858 2959 2075 3009 Sueton.
2099 2961 2227 3009 Ner.
2251 2974 2300 3009 c.
2317 2962 2395 3008 ls.
2430 2963 2448 2988 ⁸
2471 2962 2637 3022 Nero,
2658 2975 2744 3011 eu·

1682 3037 1780 3085 ruli
1813 3037 2044 3087 residens
2076 3035 2215 3100 apud
2255 3045 2424 3085 rostra
2451 3038 2743 3089 Tiridaten

1680 3128 1776 3176 per
1827 3115 2082 3164 devexum
2138 3115 2397 3179 pulpitum
2433 3115 2743 3167 subeunte-

1678 3189 1885 3240 admisit
1907 3192 1971 3240 ad
1999 3206 2188 3255 genua,
2213 3193 2598 3258 allevatuasqne
2618 3186 2745 3244 dex-⁴

1680 3273 1759 3316 tra
1776 3270 2105 3319 exosculatus
2123 3267 2240 3319 est.'
2307 3271 2517 3321 Deinde
2531 3281 2745 3334 psa-noa-

1676 3349 1814 3408 ρικῶς
1834 3346 1900 3397 de
1943 3348 2096 3397 rebus
2135 3348 2471 3411 vergentibus
2515 3349 2744 3412 dicitur;

1678 3436 1793 3487 vag.
1808 3424 1872 3472 de
1896 3433 2054 3474 atate
2076 3426 2142 3475 ad
2162 3433 2483 3476 senectutem
2497 3427 2610 3490 jam
2626 3442 2741 3477 ver·

1675 3508 1848 3562 gente.
1888 3501 1996 3550 Cic.
2023 3500 2189 3551 Attic.
2213 3515 2297 3552 tx.
2321 3506 2400 3551 10.
2426 3509 2441 3531 ·
2464 3504 2741 3569 AEtasja-

1675 3591 1708 3626 a
1742 3578 1997 3628 diuturnis
2034 3578 2297 3628 laboribus
2316 3580 2518 3629 devexa
2540 3581 2608 3630 ad
2639 3582 2740 3631 oti·

1677 3668 1779 3709 um,
1795 3652 2192 3704 domesticarum
2205 3670 2286 3704 me
2307 3670 2481 3705 rerum
2507 3658 2740 3709 delecta·

1678 3730 1818 3779 tione
1840 3729 2057 3780 molliit.'
2094 3731 2299 3795 Lipsius
2323 3732 2423 3782 ista
2439 3732 2601 3783 Plinii
2624 3749 2739 3784 ver-

1675 3807 1737 3855 ba
1761 3808 1835 3856 sic
1859 3808 2101 3871 exposuit
2121 3823 2136 3855 ε
2167 3815 2184 3837 ·
2204 3807 2488 3873 Inclinans,
2505 3816 2563 3859 et
2586 3825 2736 3873 pesse

1672 3882 1996 3933 descendens
2010 3897 2039 3932 e
2055 3891 2144 3932 tuo
2159 3884 2440 3934 tribunali.’
2463 3887 2739 3939 Ques-itur

1671 3974 1818 4024 ergo,
1857 3975 1920 4009 an
1954 3960 2327 4026 Trajanus,qui
2361 3969 2489 4011 tune
2514 3963 2567 4012 in
2607 3964 2732 4013 sella

1669 4037 1832 4087 curuli
1850 4035 2079 4096 sederat,
2095 4035 2430 4087 descenderit
2446 4038 2500 4085 iu
2520 4040 2731 4102 planam

1667 4114 1783 4173 soli,
1797 4113 1939 4179 quasi
1954 4128 2083 4162 unns
2099 4128 2167 4162 ex
2179 4114 2564 4177 gratulantibus
2583 4131 2731 4167 seua-

1668 4189 1862 4239 toribus
1881 4205 1898 4250 ς
1930 4204 1994 4239 au
2017 4189 2200 4240 saltem
2224 4189 2558 4241 descenderit
2578 4206 2613 4243 e
2634 4194 2732 4244 ssl-

1666 4268 1718 4318 la
1739 4267 1907 4318 curuli
1942 4267 1998 4317 in
2031 4267 2235 4333 planam
2256 4267 2565 4319 tribunalis?
2610 4269 2727 4323 ἔω
