<?xml version="1.0" encoding="UTF-8"?>
<!DOCTYPE html PUBLIC "-//W3C//DTD XHTML 1.0 Transitional//EN"
    "http://www.w3.org/TR/xhtml1/DTD/xhtml1-transitional.dtd">
<html xmlns="http://www.w3.org/1999/xhtml" xml:lang="en" lang="en">
 <head>
  <title>
</title>
<meta http-equiv="Content-Type" content="text/html;charset=utf-8" />
  <meta name='ocr-system' content='tesseract 3.04.00' />
  <meta name='ocr-capabilities' content='ocr_page ocr_carea ocr_par ocr_line ocrx_word'/>
</head>
<body>
  <div class='ocr_page' id='page_1' title='image "./panegyriciveter02unkngoog_0529.png"; bbox 0 0 3060 4902; ppageno 0'>
   <div class='ocr_carea' id='block_1_1' title="bbox 746 349 1805 406">
    <p class='ocr_par' dir='ltr' id='par_1_1' title="bbox 746 349 1805 406">
     <span class='ocr_line' id='line_1_1' title="bbox 746 349 1805 406; baseline -0.004 -3"><span class='ocrx_word' id='word_1_1' title='bbox 746 356 810 406; x_wconf 83' lang='lat'>0.</span> <span class='ocrx_word' id='word_1_2' title='bbox 858 353 1101 404; x_wconf 76' lang='lat' dir='ltr'>PmNu</span> <span class='ocrx_word' id='word_1_3' title='bbox 1147 351 1479 401; x_wconf 77' lang='lat' dir='ltr'>SssOUND!</span> <span class='ocrx_word' id='word_1_4' title='bbox 1528 349 1805 399; x_wconf 73' lang='lat' dir='ltr'>PANsso.</span> 
     </span>
    </p>
   </div>
   <div class='ocr_carea' id='block_1_2' title="bbox 312 494 1430 4338">
    <p class='ocr_par' dir='ltr' id='par_1_2' title="bbox 312 494 1430 4338">
     <span class='ocr_line' id='line_1_2' title="bbox 313 494 1368 559; baseline -0.006 -10"><span class='ocrx_word' id='word_1_5' title='bbox 313 499 483 550; x_wconf 85' lang='lat' dir='ltr'>solute</span> <span class='ocrx_word' id='word_1_6' title='bbox 540 502 642 559; x_wconf 84' lang='lat' dir='ltr'>ast,</span> <span class='ocrx_word' id='word_1_7' title='bbox 690 496 908 559; x_wconf 84' lang='lat' dir='ltr'>alicujus</span> <span class='ocrx_word' id='word_1_8' title='bbox 949 494 1183 558; x_wconf 83' lang='lat' dir='ltr'>judicem</span> <span class='ocrx_word' id='word_1_9' title='bbox 1236 507 1368 543; x_wconf 86' lang='lat' dir='ltr'>esse.</span> 
     </span>
     <span class='ocr_line' id='line_1_3' title="bbox 314 569 1368 638; baseline -0.008 -12"><span class='ocrx_word' id='word_1_10' title='bbox 314 576 428 627; x_wconf 87' lang='lat' dir='ltr'>Cic.</span> <span class='ocrx_word' id='word_1_11' title='bbox 468 589 562 638; x_wconf 90' lang='lat' dir='ltr'>pro</span> <span class='ocrx_word' id='word_1_12' title='bbox 607 573 784 623; x_wconf 85' lang='lat' dir='ltr'>Rabir.</span> <span class='ocrx_word' id='word_1_13' title='bbox 821 587 936 636; x_wconf 90' lang='lat' dir='ltr'>cap.</span> <span class='ocrx_word' id='word_1_14' title='bbox 972 578 1021 621; x_wconf 83' lang='grc'>5.</span> <span class='ocrx_word' id='word_1_15' title='bbox 1048 573 1063 598; x_wconf 78' lang='lat'>⁶</span> <span class='ocrx_word' id='word_1_16' title='bbox 1087 569 1245 619; x_wconf 85' lang='lat' dir='ltr'>Modo</span> <span class='ocrx_word' id='word_1_17' title='bbox 1279 584 1368 619; x_wconf 79' lang='lat' dir='ltr'>vos</span> 
     </span>
     <span class='ocr_line' id='line_1_4' title="bbox 312 645 1372 702; baseline -0.008 0"><span class='ocrx_word' id='word_1_18' title='bbox 312 651 470 702; x_wconf 83' lang='lat' dir='ltr'>iidem</span> <span class='ocrx_word' id='word_1_19' title='bbox 493 654 545 699; x_wconf 89' lang='lat' dir='ltr'>in</span> <span class='ocrx_word' id='word_1_20' title='bbox 567 650 633 699; x_wconf 80' lang='lat' dir='ltr'>A.</span> <span class='ocrx_word' id='word_1_21' title='bbox 657 649 933 700; x_wconf 85' lang='lat' dir='ltr'>Gabinium</span> <span class='ocrx_word' id='word_1_22' title='bbox 958 646 1197 696; x_wconf 80' lang='lat' dir='ltr'>sedistis.&#39;</span> <span class='ocrx_word' id='word_1_23' title='bbox 1263 645 1372 695; x_wconf 81' lang='lat' dir='ltr'>Ad·</span> 
     </span>
     <span class='ocr_line' id='line_1_5' title="bbox 316 722 1374 785; baseline -0.009 -7"><span class='ocrx_word' id='word_1_24' title='bbox 316 737 616 778; x_wconf 79' lang='lat' dir='ltr'>vocatorum</span> <span class='ocrx_word' id='word_1_25' title='bbox 648 734 821 775; x_wconf 83' lang='lat' dir='ltr'>autem</span> <span class='ocrx_word' id='word_1_26' title='bbox 856 738 1061 773; x_wconf 84' lang='lat' dir='ltr'>caussas</span> <span class='ocrx_word' id='word_1_27' title='bbox 1095 722 1374 785; x_wconf 73' lang='lat' dir='ltr'>agentium,</span> 
     </span>
     <span class='ocr_line' id='line_1_6' title="bbox 317 798 1373 866; baseline -0.009 -13"><span class='ocrx_word' id='word_1_28' title='bbox 317 811 374 853; x_wconf 85' lang='lat' dir='ltr'>et</span> <span class='ocrx_word' id='word_1_29' title='bbox 417 804 758 866; x_wconf 73' lang='lat' dir='ltr'><strong>litigatorum,</strong></span> <span class='ocrx_word' id='word_1_30' title='bbox 802 810 914 849; x_wconf 84' lang='lat' dir='ltr'>erat</span> <span class='ocrx_word' id='word_1_31' title='bbox 958 799 1197 847; x_wconf 71' lang='lat' dir='ltr'>‘starez’</span> <span class='ocrx_word' id='word_1_32' title='bbox 1252 798 1373 846; x_wconf 80' lang='lat' dir='ltr'>hinc</span> 
     </span>
     <span class='ocr_line' id='line_1_7' title="bbox 321 875 1375 937; baseline -0.01 -6"><span class='ocrx_word' id='word_1_33' title='bbox 321 880 519 931; x_wconf 84' lang='lat' dir='ltr'>Noster</span> <span class='ocrx_word' id='word_1_34' title='bbox 558 894 694 935; x_wconf 78' lang='lat' dir='ltr'>mox.</span> <span class='ocrx_word' id='word_1_35' title='bbox 727 878 910 926; x_wconf 83' lang='lat' dir='ltr'>‘Stant</span> <span class='ocrx_word' id='word_1_36' title='bbox 948 886 1071 924; x_wconf 87' lang='lat' dir='ltr'>ante</span> <span class='ocrx_word' id='word_1_37' title='bbox 1114 885 1163 925; x_wconf 90' lang='lat' dir='ltr'>te</span> <span class='ocrx_word' id='word_1_38' title='bbox 1209 875 1375 937; x_wconf 77' lang='lat' dir='ltr'>litiga·</span> 
     </span>
     <span class='ocr_line' id='line_1_8' title="bbox 320 953 1377 1021; baseline -0.008 -13"><span class='ocrx_word' id='word_1_39' title='bbox 320 957 495 1008; x_wconf 69' lang='lat' dir='ltr'>tores:</span> <span class='ocrx_word' id='word_1_40' title='bbox 545 957 715 1021; x_wconf 78' lang='lat' dir='ltr'>Atque</span> <span class='ocrx_word' id='word_1_41' title='bbox 738 955 875 1005; x_wconf 86' lang='lat' dir='ltr'>idem</span> <span class='ocrx_word' id='word_1_42' title='bbox 899 953 965 1003; x_wconf 86' lang='lat' dir='ltr'>de</span> <span class='ocrx_word' id='word_1_43' title='bbox 988 962 1204 1016; x_wconf 73' lang='lat' dir='ltr'>patrono</span> <span class='ocrx_word' id='word_1_44' title='bbox 1228 966 1377 1001; x_wconf 89' lang='lat' dir='ltr'>caus·</span> 
     </span>
     <span class='ocr_line' id='line_1_9' title="bbox 318 1030 1379 1097; baseline -0.007 -14"><span class='ocrx_word' id='word_1_45' title='bbox 318 1048 409 1090; x_wconf 66' lang='lat' dir='ltr'>se.</span> <span class='ocrx_word' id='word_1_46' title='bbox 442 1034 608 1097; x_wconf 83' lang='lat' dir='ltr'>Epist.</span> <span class='ocrx_word' id='word_1_47' title='bbox 645 1047 680 1082; x_wconf 90' lang='grc' dir='ltr'>ι.</span> <span class='ocrx_word' id='word_1_48' title='bbox 701 1037 784 1082; x_wconf 79' lang='grc'>23.</span> <span class='ocrx_word' id='word_1_49' title='bbox 819 1035 834 1060; x_wconf 88' lang='lat'>‘</span> <span class='ocrx_word' id='word_1_50' title='bbox 857 1033 989 1080; x_wconf 82' lang='lat' dir='ltr'>huuc</span> <span class='ocrx_word' id='word_1_51' title='bbox 1025 1030 1260 1078; x_wconf 88' lang='lat' dir='ltr'>omnibus</span> <span class='ocrx_word' id='word_1_52' title='bbox 1300 1044 1379 1077; x_wconf 83' lang='lat' dir='ltr'>se·</span> 
     </span>
     <span class='ocr_line' id='line_1_10' title="bbox 322 1109 1379 1172; baseline -0.007 -10"><span class='ocrx_word' id='word_1_53' title='bbox 322 1113 571 1163; x_wconf 73' lang='lat' dir='ltr'>dentibus</span> <span class='ocrx_word' id='word_1_54' title='bbox 626 1110 816 1161; x_wconf 86' lang='lat' dir='ltr'>starc.&#39;</span> <span class='ocrx_word' id='word_1_55' title='bbox 878 1109 1162 1172; x_wconf 83' lang='lat' dir='ltr'>Coeperunt</span> <span class='ocrx_word' id='word_1_56' title='bbox 1210 1116 1379 1156; x_wconf 85' lang='lat' dir='ltr'>tamen</span> 
     </span>
     <span class='ocr_line' id='line_1_11' title="bbox 323 1185 1380 1255; baseline -0.007 -17"><span class='ocrx_word' id='word_1_57' title='bbox 323 1188 599 1255; x_wconf 86' lang='lat' dir='ltr'>aliquando</span> <span class='ocrx_word' id='word_1_58' title='bbox 620 1190 775 1237; x_wconf 82' lang='lat' dir='ltr'>etiam</span> <span class='ocrx_word' id='word_1_59' title='bbox 796 1185 1036 1235; x_wconf 73' lang='lat' dir='ltr'>sedentes</span> <span class='ocrx_word' id='word_1_60' title='bbox 1063 1200 1213 1247; x_wconf 83' lang='lat' dir='ltr'>agere</span> <span class='ocrx_word' id='word_1_61' title='bbox 1237 1199 1380 1232; x_wconf 85' lang='lat' dir='ltr'>caus-</span> 
     </span>
     <span class='ocr_line' id='line_1_12' title="bbox 322 1262 1384 1330; baseline -0.008 -15"><span class='ocrx_word' id='word_1_62' title='bbox 322 1281 438 1327; x_wconf 83' lang='lat' dir='ltr'>sas;</span> <span class='ocrx_word' id='word_1_63' title='bbox 472 1276 626 1330; x_wconf 89' lang='lat' dir='ltr'>prout</span> <span class='ocrx_word' id='word_1_64' title='bbox 662 1265 998 1317; x_wconf 82' lang='lat' dir='ltr'>Quinctilian.</span> <span class='ocrx_word' id='word_1_65' title='bbox 1037 1263 1211 1321; x_wconf 81' lang='lat' dir='ltr'>Iustit.</span> <span class='ocrx_word' id='word_1_66' title='bbox 1233 1262 1384 1310; x_wconf 82' lang='lat' dir='ltr'>Orat.</span> 
     </span>
     <span class='ocr_line' id='line_1_13' title="bbox 327 1340 1384 1406; baseline -0.007 -12"><span class='ocrx_word' id='word_1_67' title='bbox 327 1357 406 1394; x_wconf 69' lang='grc' dir='ltr'>ιι.</span> <span class='ocrx_word' id='word_1_68' title='bbox 443 1348 493 1393; x_wconf 77' lang='lat'>8.</span> <span class='ocrx_word' id='word_1_69' title='bbox 528 1344 760 1393; x_wconf 77' lang='lat' dir='ltr'>meminit</span> <span class='ocrx_word' id='word_1_70' title='bbox 798 1357 970 1391; x_wconf 88' lang='lat' dir='ltr'>eorum</span> <span class='ocrx_word' id='word_1_71' title='bbox 1006 1342 1091 1406; x_wconf 87' lang='lat' dir='ltr'>qui</span> <span class='ocrx_word' id='word_1_72' title='bbox 1141 1340 1384 1388; x_wconf 77' lang='lat' dir='ltr'>sedentes</span> 
     </span>
     <span class='ocr_line' id='line_1_14' title="bbox 325 1416 1386 1484; baseline -0.003 -16"><span class='ocrx_word' id='word_1_73' title='bbox 325 1428 519 1483; x_wconf 79' lang='lat' dir='ltr'>agunt:</span> <span class='ocrx_word' id='word_1_74' title='bbox 564 1424 717 1469; x_wconf 84' lang='lat' dir='ltr'>‘uam</span> <span class='ocrx_word' id='word_1_75' title='bbox 763 1428 818 1469; x_wconf 86' lang='lat' dir='ltr'>et</span> <span class='ocrx_word' id='word_1_76' title='bbox 857 1416 1013 1477; x_wconf 83' lang='lat' dir='ltr'>fere‚&#39;</span> <span class='ocrx_word' id='word_1_77' title='bbox 1065 1419 1248 1484; x_wconf 88' lang='lat' dir='ltr'>iuquit,</span> <span class='ocrx_word' id='word_1_78' title='bbox 1292 1416 1386 1465; x_wconf 73' lang='lat' dir='ltr'>‘fit</span> 
     </span>
     <span class='ocr_line' id='line_1_15' title="bbox 327 1495 1386 1553; baseline -0.005 -6"><span class='ocrx_word' id='word_1_79' title='bbox 327 1498 426 1548; x_wconf 82' lang='lat' dir='ltr'>boc</span> <span class='ocrx_word' id='word_1_80' title='bbox 448 1501 500 1547; x_wconf 91' lang='lat' dir='ltr'>iu</span> <span class='ocrx_word' id='word_1_81' title='bbox 529 1498 684 1547; x_wconf 82' lang='lat' dir='ltr'>rebus</span> <span class='ocrx_word' id='word_1_82' title='bbox 721 1498 1017 1553; x_wconf 82' lang='lat' dir='ltr'>minoribus,</span> <span class='ocrx_word' id='word_1_83' title='bbox 1042 1505 1094 1546; x_wconf 89' lang='lat' dir='ltr'>et</span> <span class='ocrx_word' id='word_1_84' title='bbox 1121 1498 1271 1544; x_wconf 80' lang='lat' dir='ltr'>iidem</span> <span class='ocrx_word' id='word_1_85' title='bbox 1297 1495 1386 1543; x_wconf 83' lang='lat' dir='ltr'>im·</span> 
     </span>
     <span class='ocr_line' id='line_1_16' title="bbox 331 1571 1387 1639; baseline -0.004 -15"><span class='ocrx_word' id='word_1_86' title='bbox 331 1583 483 1639; x_wconf 83' lang='lat' dir='ltr'>petus</span> <span class='ocrx_word' id='word_1_87' title='bbox 506 1577 721 1624; x_wconf 86' lang='lat' dir='ltr'>actionis</span> <span class='ocrx_word' id='word_1_88' title='bbox 742 1590 852 1623; x_wconf 82' lang='lat' dir='ltr'>esse</span> <span class='ocrx_word' id='word_1_89' title='bbox 886 1590 986 1624; x_wconf 89' lang='lat' dir='ltr'>uon</span> <span class='ocrx_word' id='word_1_90' title='bbox 1016 1571 1263 1638; x_wconf 81' lang='lat' dir='ltr'>possunt‚&#39;</span> <span class='ocrx_word' id='word_1_91' title='bbox 1288 1576 1387 1621; x_wconf 77' lang='lat' dir='ltr'>&amp;c-</span> 
     </span>
     <span class='ocr_line' id='line_1_17' title="bbox 333 1650 1388 1714; baseline -0.004 -12"><span class='ocrx_word' id='word_1_92' title='bbox 333 1652 493 1702; x_wconf 84' lang='lat' dir='ltr'>Plura</span> <span class='ocrx_word' id='word_1_93' title='bbox 518 1653 595 1701; x_wconf 84' lang='lat' dir='ltr'>bis</span> <span class='ocrx_word' id='word_1_94' title='bbox 620 1652 686 1700; x_wconf 87' lang='lat' dir='ltr'>de</span> <span class='ocrx_word' id='word_1_95' title='bbox 723 1654 873 1700; x_wconf 84' lang='lat' dir='ltr'>rebus</span> <span class='ocrx_word' id='word_1_96' title='bbox 906 1654 1130 1714; x_wconf 68' lang='lat' dir='ltr'>suggerit</span> <span class='ocrx_word' id='word_1_97' title='bbox 1157 1652 1233 1699; x_wconf 87' lang='lat' dir='ltr'>vir</span> <span class='ocrx_word' id='word_1_98' title='bbox 1253 1650 1388 1699; x_wconf 87' lang='lat' dir='ltr'>cele·</span> 
     </span>
     <span class='ocr_line' id='line_1_18' title="bbox 332 1727 1389 1791; baseline -0.004 -13"><span class='ocrx_word' id='word_1_99' title='bbox 332 1729 601 1785; x_wconf 79' lang='lat' dir='ltr'>berrimus.</span> <span class='ocrx_word' id='word_1_100' title='bbox 624 1738 678 1778; x_wconf 91' lang='lat' dir='ltr'>et</span> <span class='ocrx_word' id='word_1_101' title='bbox 699 1729 1008 1778; x_wconf 70' lang='lat' dir='ltr'><strong>humanioris</strong></span> <span class='ocrx_word' id='word_1_102' title='bbox 1025 1727 1389 1791; x_wconf 79' lang='lat' dir='ltr'>jurispruden-</span> 
     </span>
     <span class='ocr_line' id='line_1_19' title="bbox 335 1804 1390 1866; baseline -0.008 -8"><span class='ocrx_word' id='word_1_103' title='bbox 335 1807 423 1858; x_wconf 69' lang='lat' dir='ltr'>tia</span> <span class='ocrx_word' id='word_1_104' title='bbox 473 1807 896 1865; x_wconf 75' lang='lat' dir='ltr'>consultissimus,</span> <span class='ocrx_word' id='word_1_105' title='bbox 940 1806 1095 1854; x_wconf 81' lang='lat' dir='ltr'>Ever.</span> <span class='ocrx_word' id='word_1_106' title='bbox 1137 1804 1289 1866; x_wconf 88' lang='lat' dir='ltr'>Otto,</span> <span class='ocrx_word' id='word_1_107' title='bbox 1339 1804 1390 1850; x_wconf 90' lang='lat' dir='ltr'>in</span> 
     </span>
     <span class='ocr_line' id='line_1_20' title="bbox 333 1883 1393 1948; baseline -0.009 -11"><span class='ocrx_word' id='word_1_108' title='bbox 333 1883 759 1948; x_wconf 79' lang='lat' dir='ltr'>Jurisprudentia</span> <span class='ocrx_word' id='word_1_109' title='bbox 794 1884 1103 1947; x_wconf 80' lang='lat' dir='ltr'>symbolica,</span> <span class='ocrx_word' id='word_1_110' title='bbox 1131 1896 1254 1944; x_wconf 76' lang='lat' dir='ltr'>pag.</span> <span class='ocrx_word' id='word_1_111' title='bbox 1279 1884 1393 1929; x_wconf 76' lang='lat'>287.</span> 
     </span>
     <span class='ocr_line' id='line_1_21' title="bbox 335 1958 1391 2025; baseline -0.009 -13"><span class='ocrx_word' id='word_1_112' title='bbox 335 1963 458 2012; x_wconf 86' lang='lat' dir='ltr'>item</span> <span class='ocrx_word' id='word_1_113' title='bbox 490 1963 691 2025; x_wconf 77' lang='lat' dir='ltr'>Jugler,</span> <span class='ocrx_word' id='word_1_114' title='bbox 718 1963 765 2010; x_wconf 92' lang='lat' dir='ltr'>in</span> <span class='ocrx_word' id='word_1_115' title='bbox 792 1960 995 2009; x_wconf 87' lang='lat' dir='ltr'>erudito</span> <span class='ocrx_word' id='word_1_116' title='bbox 1019 1958 1391 2007; x_wconf 79' lang='lat' dir='ltr'>schediasmate</span> 
     </span>
     <span class='ocr_line' id='line_1_22' title="bbox 337 2036 1393 2092; baseline -0.009 -1"><span class='ocrx_word' id='word_1_117' title='bbox 337 2041 403 2091; x_wconf 72' lang='lat' dir='ltr'>de</span> <span class='ocrx_word' id='word_1_118' title='bbox 446 2040 637 2092; x_wconf 77' lang='lat' dir='ltr'>Judice</span> <span class='ocrx_word' id='word_1_119' title='bbox 671 2039 920 2088; x_wconf 84' lang='lat' dir='ltr'>Sedente.</span> <span class='ocrx_word' id='word_1_120' title='bbox 985 2036 1184 2085; x_wconf 86' lang='lat' dir='ltr'>Baudio</span> <span class='ocrx_word' id='word_1_121' title='bbox 1221 2044 1393 2082; x_wconf 91' lang='lat' dir='ltr'>autem</span> 
     </span>
     <span class='ocr_line' id='line_1_23' title="bbox 340 2113 1395 2183; baseline -0.011 -15"><span class='ocrx_word' id='word_1_122' title='bbox 340 2132 548 2183; x_wconf 83' lang='lat' dir='ltr'>prorsus</span> <span class='ocrx_word' id='word_1_123' title='bbox 582 2116 946 2179; x_wconf 73' lang='lat' dir='ltr'>intempestive</span> <span class='ocrx_word' id='word_1_124' title='bbox 969 2113 1020 2161; x_wconf 89' lang='lat' dir='ltr'>in</span> <span class='ocrx_word' id='word_1_125' title='bbox 1046 2121 1269 2161; x_wconf 89' lang='lat' dir='ltr'>mentem</span> <span class='ocrx_word' id='word_1_126' title='bbox 1309 2125 1395 2157; x_wconf 79' lang='lat' dir='ltr'>ve·</span> 
     </span>
     <span class='ocr_line' id='line_1_24' title="bbox 338 2188 1396 2255; baseline -0.009 -12"><span class='ocrx_word' id='word_1_127' title='bbox 338 2196 434 2255; x_wconf 86' lang='lat' dir='ltr'>nit,</span> <span class='ocrx_word' id='word_1_128' title='bbox 470 2207 640 2243; x_wconf 89' lang='lat' dir='ltr'>annon</span> <span class='ocrx_word' id='word_1_129' title='bbox 695 2193 744 2240; x_wconf 90' lang='lat' dir='ltr'>in</span> <span class='ocrx_word' id='word_1_130' title='bbox 785 2191 881 2240; x_wconf 82' lang='lat' dir='ltr'>hoc</span> <span class='ocrx_word' id='word_1_131' title='bbox 930 2188 1086 2238; x_wconf 80' lang='lat' dir='ltr'>Plinii</span> <span class='ocrx_word' id='word_1_132' title='bbox 1130 2189 1264 2248; x_wconf 90' lang='lat' dir='ltr'>loco,</span> <span class='ocrx_word' id='word_1_133' title='bbox 1301 2199 1396 2248; x_wconf 91' lang='lat' dir='ltr'>pro</span> 
     </span>
     <span class='ocr_line' id='line_1_25' title="bbox 337 2265 1362 2333; baseline -0.012 -11"><span class='ocrx_word' id='word_1_134' title='bbox 337 2272 488 2328; x_wconf 79' lang='lat' dir='ltr'>sedes.</span> <span class='ocrx_word' id='word_1_135' title='bbox 512 2269 786 2333; x_wconf 79' lang='lat' dir='ltr'>legendnm</span> <span class='ocrx_word' id='word_1_136' title='bbox 810 2269 878 2317; x_wconf 86' lang='lat' dir='ltr'>sit</span> <span class='ocrx_word' id='word_1_137' title='bbox 893 2268 1071 2317; x_wconf 76' lang='lat' dir='ltr'>studes.</span> <span class='ocrx_word' id='word_1_138' title='bbox 1106 2265 1362 2314; x_wconf 76' lang='lat' dir='ltr'>Schwarz.</span> 
     </span>
     <span class='ocr_line' id='line_1_26' title="bbox 405 2343 1175 2413; baseline -0.013 -14"><span class='ocrx_word' id='word_1_139' title='bbox 405 2350 576 2413; x_wconf 81' lang='lat' dir='ltr'>Sedes]</span> <span class='ocrx_word' id='word_1_140' title='bbox 614 2348 721 2397; x_wconf 84' lang='lat' dir='ltr'>Pro</span> <span class='ocrx_word' id='word_1_141' title='bbox 745 2346 1006 2396; x_wconf 85' lang='lat' dir='ltr'>tribunali.</span> <span class='ocrx_word' id='word_1_142' title='bbox 1040 2343 1175 2406; x_wconf 77' lang='lat' dir='ltr'>Lips.</span> 
     </span>
     <span class='ocr_line' id='line_1_27' title="bbox 406 2419 1397 2487; baseline -0.011 -10"><span class='ocrx_word' id='word_1_143' title='bbox 406 2425 672 2477; x_wconf 70' lang='lat' dir='ltr'>Sententia</span> <span class='ocrx_word' id='word_1_144' title='bbox 704 2429 799 2473; x_wconf 74' lang='lat' dir='ltr'>tua·</span> <span class='ocrx_word' id='word_1_145' title='bbox 835 2419 1062 2487; x_wconf 76' lang='lat' dir='ltr'>pretium]</span> <span class='ocrx_word' id='word_1_146' title='bbox 1102 2420 1397 2478; x_wconf 59' lang='lat' dir='ltr'>Cumanus,</span> 
     </span>
     <span class='ocr_line' id='line_1_28' title="bbox 345 2497 1397 2569; baseline -0.01 -14"><span class='ocrx_word' id='word_1_147' title='bbox 345 2507 395 2555; x_wconf 86' lang='lat' dir='ltr'>iu</span> <span class='ocrx_word' id='word_1_148' title='bbox 431 2504 689 2569; x_wconf 73' lang='lat' dir='ltr'>prioribus</span> <span class='ocrx_word' id='word_1_149' title='bbox 726 2501 1056 2554; x_wconf 83' lang='lat' dir='ltr'>editionibus,</span> <span class='ocrx_word' id='word_1_150' title='bbox 1092 2501 1214 2548; x_wconf 90' lang='lat' dir='ltr'>item</span> <span class='ocrx_word' id='word_1_151' title='bbox 1240 2497 1397 2546; x_wconf 88' lang='lat' dir='ltr'>Paul·</span> 
     </span>
     <span class='ocr_line' id='line_1_29' title="bbox 344 2575 1400 2644; baseline -0.009 -14"><span class='ocrx_word' id='word_1_152' title='bbox 344 2583 424 2631; x_wconf 87' lang='lat' dir='ltr'>lus</span> <span class='ocrx_word' id='word_1_153' title='bbox 464 2581 774 2644; x_wconf 77' lang='lat' dir='ltr'><strong>Stephanus,</strong></span> <span class='ocrx_word' id='word_1_154' title='bbox 812 2585 864 2629; x_wconf 87' lang='lat' dir='ltr'>et</span> <span class='ocrx_word' id='word_1_155' title='bbox 894 2578 1013 2629; x_wconf 80' lang='lat' dir='ltr'>Jac.</span> <span class='ocrx_word' id='word_1_156' title='bbox 1041 2575 1260 2629; x_wconf 88' lang='lat' dir='ltr'>Cbouet,</span> <span class='ocrx_word' id='word_1_157' title='bbox 1306 2587 1400 2636; x_wconf 86' lang='lat' dir='ltr'>pro</span> 
     </span>
     <span class='ocr_line' id='line_1_30' title="bbox 347 2650 1400 2721; baseline -0.012 -12"><span class='ocrx_word' id='word_1_158' title='bbox 347 2672 473 2708; x_wconf 81' lang='lat' dir='ltr'>voce</span> <span class='ocrx_word' id='word_1_159' title='bbox 525 2658 748 2721; x_wconf 73' lang='lat' dir='ltr'>pretium,</span> <span class='ocrx_word' id='word_1_160' title='bbox 804 2655 1174 2715; x_wconf 76' lang='lat' dir='ltr'>evulgaverunt</span> <span class='ocrx_word' id='word_1_161' title='bbox 1233 2650 1400 2712; x_wconf 57' lang='grc' dir='ltr'><strong><em>ργασί-</em></strong></span> 
     </span>
     <span class='ocr_line' id='line_1_31' title="bbox 339 2730 1404 2803; baseline -0.01 -18"><span class='ocrx_word' id='word_1_162' title='bbox 339 2750 503 2803; x_wconf 65' lang='lat' dir='ltr'>pm.</span> <span class='ocrx_word' id='word_1_163' title='bbox 592 2733 651 2782; x_wconf 82' lang='lat' dir='ltr'>ln</span> <span class='ocrx_word' id='word_1_164' title='bbox 708 2733 887 2783; x_wconf 88' lang='lat' dir='ltr'>codice</span> <span class='ocrx_word' id='word_1_165' title='bbox 931 2730 1303 2792; x_wconf 77' lang='lat' dir='ltr'>salisburgensi</span> <span class='ocrx_word' id='word_1_166' title='bbox 1347 2734 1404 2775; x_wconf 87' lang='lat' dir='ltr'>et</span> 
     </span>
     <span class='ocr_line' id='line_1_32' title="bbox 347 2806 1402 2876; baseline -0.009 -13"><span class='ocrx_word' id='word_1_167' title='bbox 347 2828 463 2863; x_wconf 84' lang='lat' dir='ltr'>meo</span> <span class='ocrx_word' id='word_1_168' title='bbox 500 2825 782 2876; x_wconf 76' lang='lat' dir='ltr'>pronomen</span> <span class='ocrx_word' id='word_1_169' title='bbox 805 2816 902 2858; x_wconf 74' lang='lat' dir='ltr'>tuoe</span> <span class='ocrx_word' id='word_1_170' title='bbox 924 2811 1182 2867; x_wconf 80' lang='lat' dir='ltr'>omissum,</span> <span class='ocrx_word' id='word_1_171' title='bbox 1207 2817 1259 2856; x_wconf 93' lang='lat' dir='ltr'>et</span> <span class='ocrx_word' id='word_1_172' title='bbox 1285 2806 1402 2854; x_wconf 83' lang='lat' dir='ltr'>sub·</span> 
     </span>
     <span class='ocr_line' id='line_1_33' title="bbox 350 2884 1405 2957; baseline -0.01 -15"><span class='ocrx_word' id='word_1_173' title='bbox 350 2907 574 2957; x_wconf 81' lang='lat' dir='ltr'>sequens</span> <span class='ocrx_word' id='word_1_174' title='bbox 613 2891 844 2944; x_wconf 74' lang='lat' dir='ltr'>verbum,</span> <span class='ocrx_word' id='word_1_175' title='bbox 865 2887 1126 2947; x_wconf 69' lang='lat' dir='ltr'>judicasse,</span> <span class='ocrx_word' id='word_1_176' title='bbox 1159 2886 1209 2934; x_wconf 90' lang='lat' dir='ltr'>in</span> <span class='ocrx_word' id='word_1_177' title='bbox 1250 2884 1405 2933; x_wconf 78' lang='lat' dir='ltr'>vindi-</span> 
     </span>
     <span class='ocr_line' id='line_1_34' title="bbox 349 2964 1407 3020; baseline -0.009 0"><span class='ocrx_word' id='word_1_178' title='bbox 349 2984 476 3020; x_wconf 75' lang='lat' dir='ltr'>casse</span> <span class='ocrx_word' id='word_1_179' title='bbox 516 2977 766 3018; x_wconf 88' lang='lat' dir='ltr'>mutatum</span> <span class='ocrx_word' id='word_1_180' title='bbox 820 2975 917 3015; x_wconf 91' lang='lat' dir='ltr'>est.</span> <span class='ocrx_word' id='word_1_181' title='bbox 983 2965 1137 3013; x_wconf 86' lang='lat' dir='ltr'>Prior</span> <span class='ocrx_word' id='word_1_182' title='bbox 1180 2964 1407 3011; x_wconf 82' lang='lat' dir='ltr'>varietas</span> 
     </span>
     <span class='ocr_line' id='line_1_35' title="bbox 352 3045 1411 3105; baseline -0.011 -8"><span class='ocrx_word' id='word_1_183' title='bbox 352 3047 490 3097; x_wconf 72' lang='lat' dir='ltr'>foret</span> <span class='ocrx_word' id='word_1_184' title='bbox 528 3045 847 3105; x_wconf 79' lang='lat' dir='ltr'>tolerabilis3</span> <span class='ocrx_word' id='word_1_185' title='bbox 882 3045 1046 3092; x_wconf 87' lang='lat' dir='ltr'>altera</span> <span class='ocrx_word' id='word_1_186' title='bbox 1082 3054 1287 3104; x_wconf 83' lang='lat' dir='ltr'>prorsus</span> <span class='ocrx_word' id='word_1_187' title='bbox 1333 3045 1411 3087; x_wconf 82' lang='lat' dir='ltr'>est</span> 
     </span>
     <span class='ocr_line' id='line_1_36' title="bbox 353 3115 1412 3186; baseline -0.013 -10"><span class='ocrx_word' id='word_1_188' title='bbox 353 3124 587 3185; x_wconf 85' lang='lat' dir='ltr'>inutilis;</span> <span class='ocrx_word' id='word_1_189' title='bbox 619 3122 838 3186; x_wconf 82' lang='lat' dir='ltr'>ideoque</span> <span class='ocrx_word' id='word_1_190' title='bbox 870 3120 920 3168; x_wconf 90' lang='lat' dir='ltr'>in</span> <span class='ocrx_word' id='word_1_191' title='bbox 955 3118 1132 3168; x_wconf 89' lang='lat' dir='ltr'>codice</span> <span class='ocrx_word' id='word_1_192' title='bbox 1155 3115 1412 3165; x_wconf 88' lang='lat' dir='ltr'>Salisbur-</span> 
     </span>
     <span class='ocr_line' id='line_1_37' title="bbox 354 3195 1416 3267; baseline -0.012 -13"><span class='ocrx_word' id='word_1_193' title='bbox 354 3203 500 3267; x_wconf 70' lang='lat' dir='ltr'>gensi</span> <span class='ocrx_word' id='word_1_194' title='bbox 526 3211 746 3264; x_wconf 83' lang='lat' dir='ltr'>utraque</span> <span class='ocrx_word' id='word_1_195' title='bbox 781 3201 879 3248; x_wconf 83' lang='lat' dir='ltr'>ista</span> <span class='ocrx_word' id='word_1_196' title='bbox 913 3199 1070 3246; x_wconf 87' lang='lat' dir='ltr'>lectio</span> <span class='ocrx_word' id='word_1_197' title='bbox 1102 3196 1165 3245; x_wconf 87' lang='lat' dir='ltr'>ab</span> <span class='ocrx_word' id='word_1_198' title='bbox 1191 3195 1290 3243; x_wconf 86' lang='lat' dir='ltr'>alia</span> <span class='ocrx_word' id='word_1_199' title='bbox 1313 3209 1416 3242; x_wconf 90' lang='lat' dir='ltr'>ma·</span> 
     </span>
     <span class='ocr_line' id='line_1_38' title="bbox 352 3271 1414 3330; baseline -0.011 0"><span class='ocrx_word' id='word_1_200' title='bbox 352 3295 421 3330; x_wconf 79' lang='lat' dir='ltr'>nu</span> <span class='ocrx_word' id='word_1_201' title='bbox 456 3285 541 3328; x_wconf 86' lang='lat' dir='ltr'>est</span> <span class='ocrx_word' id='word_1_202' title='bbox 578 3277 873 3328; x_wconf 88' lang='lat' dir='ltr'>emendata.</span> <span class='ocrx_word' id='word_1_203' title='bbox 938 3275 1139 3323; x_wconf 86' lang='lat' dir='ltr'>Plinius</span> <span class='ocrx_word' id='word_1_204' title='bbox 1173 3286 1296 3320; x_wconf 84' lang='lat' dir='ltr'>vero</span> <span class='ocrx_word' id='word_1_205' title='bbox 1337 3271 1414 3318; x_wconf 87' lang='lat' dir='ltr'>iu-</span> 
     </span>
     <span class='ocr_line' id='line_1_39' title="bbox 354 3347 1415 3415; baseline -0.011 -8"><span class='ocrx_word' id='word_1_206' title='bbox 354 3369 515 3407; x_wconf 72' lang='lat' dir='ltr'>unere</span> <span class='ocrx_word' id='word_1_207' title='bbox 559 3355 741 3414; x_wconf 74' lang='lat' dir='ltr'>voluit,</span> <span class='ocrx_word' id='word_1_208' title='bbox 786 3352 1067 3415; x_wconf 80' lang='lat' dir='ltr'>Trajanum</span> <span class='ocrx_word' id='word_1_209' title='bbox 1118 3349 1260 3398; x_wconf 90' lang='lat' dir='ltr'>nullo</span> <span class='ocrx_word' id='word_1_210' title='bbox 1317 3347 1415 3395; x_wconf 89' lang='lat' dir='ltr'>alio</span> 
     </span>
     <span class='ocr_line' id='line_1_40' title="bbox 357 3425 1417 3497; baseline -0.012 -13"><span class='ocrx_word' id='word_1_211' title='bbox 357 3433 455 3485; x_wconf 88' lang='lat' dir='ltr'>sub</span> <span class='ocrx_word' id='word_1_212' title='bbox 497 3433 728 3497; x_wconf 67' lang='lat' dir='ltr'>premio,</span> <span class='ocrx_word' id='word_1_213' title='bbox 763 3431 905 3479; x_wconf 89' lang='lat' dir='ltr'>nullo</span> <span class='ocrx_word' id='word_1_214' title='bbox 953 3429 1097 3478; x_wconf 90' lang='lat' dir='ltr'>lucro</span> <span class='ocrx_word' id='word_1_215' title='bbox 1138 3425 1417 3490; x_wconf 82' lang='lat' dir='ltr'>fructuque</span> 
     </span>
     <span class='ocr_line' id='line_1_41' title="bbox 358 3507 1416 3571; baseline -0.012 -10"><span class='ocrx_word' id='word_1_216' title='bbox 358 3513 484 3570; x_wconf 83' lang='lat' dir='ltr'>alio,</span> <span class='ocrx_word' id='word_1_217' title='bbox 520 3509 706 3559; x_wconf 86' lang='lat' dir='ltr'>obiisse</span> <span class='ocrx_word' id='word_1_218' title='bbox 730 3507 949 3571; x_wconf 84' lang='lat' dir='ltr'>judicia,</span> <span class='ocrx_word' id='word_1_219' title='bbox 986 3519 1136 3569; x_wconf 85' lang='lat' dir='ltr'>quam</span> <span class='ocrx_word' id='word_1_220' title='bbox 1174 3510 1232 3551; x_wconf 86' lang='lat' dir='ltr'>ut</span> <span class='ocrx_word' id='word_1_221' title='bbox 1273 3510 1416 3550; x_wconf 85' lang='lat' dir='ltr'>recte</span> 
     </span>
     <span class='ocr_line' id='line_1_42' title="bbox 348 3580 1420 3653; baseline -0.009 -17"><span class='ocrx_word' id='word_1_222' title='bbox 348 3587 633 3653; x_wconf 80' lang='lat' dir='ltr'>judicaret.</span> <span class='ocrx_word' id='word_1_223' title='bbox 679 3586 814 3640; x_wconf 69' lang='lat' dir='ltr'>¹Qua</span> <span class='ocrx_word' id='word_1_224' title='bbox 836 3584 885 3633; x_wconf 90' lang='lat' dir='ltr'>in</span> <span class='ocrx_word' id='word_1_225' title='bbox 909 3582 1168 3630; x_wconf 87' lang='lat' dir='ltr'>sententia</span> <span class='ocrx_word' id='word_1_226' title='bbox 1190 3580 1420 3643; x_wconf 83' lang='lat' dir='ltr'>sequitur</span> 
     </span>
     <span class='ocr_line' id='line_1_43' title="bbox 356 3658 1419 3725; baseline -0.011 -10"><span class='ocrx_word' id='word_1_227' title='bbox 356 3663 577 3725; x_wconf 81' lang='lat' dir='ltr'>Stoicos,</span> <span class='ocrx_word' id='word_1_228' title='bbox 621 3661 708 3725; x_wconf 85' lang='lat' dir='ltr'>qui</span> <span class='ocrx_word' id='word_1_229' title='bbox 752 3661 997 3718; x_wconf 77' lang='lat' dir='ltr'>docuere,</span> <span class='ocrx_word' id='word_1_230' title='bbox 1034 3658 1281 3706; x_wconf 81' lang='lat' dir='ltr'>virtutem</span> <span class='ocrx_word' id='word_1_231' title='bbox 1319 3670 1419 3704; x_wconf 88' lang='lat' dir='ltr'>uon</span> 
     </span>
     <span class='ocr_line' id='line_1_44' title="bbox 360 3731 1423 3793; baseline -0.011 -2"><span class='ocrx_word' id='word_1_232' title='bbox 360 3754 480 3791; x_wconf 80' lang='lat' dir='ltr'>esse</span> <span class='ocrx_word' id='word_1_233' title='bbox 515 3737 903 3788; x_wconf 86' lang='lat' dir='ltr'>mercenariam.</span> <span class='ocrx_word' id='word_1_234' title='bbox 926 3733 1017 3783; x_wconf 88' lang='lat' dir='ltr'>sed</span> <span class='ocrx_word' id='word_1_235' title='bbox 1045 3747 1159 3781; x_wconf 85' lang='lat' dir='ltr'>esse</span> <span class='ocrx_word' id='word_1_236' title='bbox 1183 3731 1281 3781; x_wconf 87' lang='lat' dir='ltr'>sibi</span> <span class='ocrx_word' id='word_1_237' title='bbox 1306 3745 1423 3793; x_wconf 85' lang='lat' dir='ltr'>pre·</span> 
     </span>
     <span class='ocr_line' id='line_1_45' title="bbox 364 3808 1422 3874; baseline -0.011 -7"><span class='ocrx_word' id='word_1_238' title='bbox 364 3819 514 3867; x_wconf 87' lang='lat' dir='ltr'>tium.</span> <span class='ocrx_word' id='word_1_239' title='bbox 583 3816 721 3864; x_wconf 85' lang='lat' dir='ltr'>Hinc</span> <span class='ocrx_word' id='word_1_240' title='bbox 741 3814 941 3862; x_wconf 84' lang='lat' dir='ltr'>Seneca</span> <span class='ocrx_word' id='word_1_241' title='bbox 968 3810 1132 3874; x_wconf 79' lang='lat' dir='ltr'>Epist.</span> <span class='ocrx_word' id='word_1_242' title='bbox 1155 3812 1238 3858; x_wconf 80' lang='lat'>81.</span> <span class='ocrx_word' id='word_1_243' title='bbox 1272 3811 1287 3836; x_wconf 88' lang='lat'>‘</span> <span class='ocrx_word' id='word_1_244' title='bbox 1305 3808 1422 3856; x_wconf 89' lang='lat' dir='ltr'>Vir·</span> 
     </span>
     <span class='ocr_line' id='line_1_46' title="bbox 364 3887 1418 3953; baseline -0.01 -10"><span class='ocrx_word' id='word_1_245' title='bbox 364 3899 534 3943; x_wconf 79' lang='lat' dir='ltr'>tntum</span> <span class='ocrx_word' id='word_1_246' title='bbox 558 3892 782 3941; x_wconf 86' lang='lat' dir='ltr'>omnium</span> <span class='ocrx_word' id='word_1_247' title='bbox 820 3890 1039 3953; x_wconf 86' lang='lat' dir='ltr'>pretium</span> <span class='ocrx_word' id='word_1_248' title='bbox 1072 3887 1120 3936; x_wconf 90' lang='lat' dir='ltr'>iu</span> <span class='ocrx_word' id='word_1_249' title='bbox 1155 3887 1279 3949; x_wconf 80' lang='lat' dir='ltr'>ipsis</span> <span class='ocrx_word' id='word_1_250' title='bbox 1309 3892 1418 3933; x_wconf 83' lang='lat' dir='ltr'>est:</span> 
     </span>
     <span class='ocr_line' id='line_1_47' title="bbox 365 3963 1422 4027; baseline -0.011 -6"><span class='ocrx_word' id='word_1_251' title='bbox 365 3984 469 4021; x_wconf 87' lang='lat' dir='ltr'>non</span> <span class='ocrx_word' id='word_1_252' title='bbox 504 3971 639 4018; x_wconf 87' lang='lat' dir='ltr'>enim</span> <span class='ocrx_word' id='word_1_253' title='bbox 679 3974 993 4017; x_wconf 78' lang='lat' dir='ltr'>exercentur</span> <span class='ocrx_word' id='word_1_254' title='bbox 1024 3964 1086 4012; x_wconf 78' lang='lat' dir='ltr'>sd</span> <span class='ocrx_word' id='word_1_255' title='bbox 1131 3963 1422 4027; x_wconf 77' lang='lat' dir='ltr'>praemium3</span> 
     </span>
     <span class='ocr_line' id='line_1_48' title="bbox 364 4039 1427 4099; baseline -0.009 -3"><span class='ocrx_word' id='word_1_256' title='bbox 364 4057 515 4099; x_wconf 85' lang='lat' dir='ltr'>recte</span> <span class='ocrx_word' id='word_1_257' title='bbox 535 4046 662 4096; x_wconf 76' lang='lat' dir='ltr'>facti</span> <span class='ocrx_word' id='word_1_258' title='bbox 681 4060 876 4095; x_wconf 82' lang='lat' dir='ltr'>merces</span> <span class='ocrx_word' id='word_1_259' title='bbox 895 4052 992 4096; x_wconf 86' lang='lat' dir='ltr'>est,</span> <span class='ocrx_word' id='word_1_260' title='bbox 1012 4039 1232 4091; x_wconf 58' lang='lat' dir='ltr'>fecisse-2</span> <span class='ocrx_word' id='word_1_261' title='bbox 1280 4039 1427 4088; x_wconf 87' lang='lat' dir='ltr'>Idem</span> 
     </span>
     <span class='ocr_line' id='line_1_49' title="bbox 365 4118 1428 4182; baseline -0.01 -8"><span class='ocrx_word' id='word_1_262' title='bbox 365 4127 433 4174; x_wconf 90' lang='lat' dir='ltr'>de</span> <span class='ocrx_word' id='word_1_263' title='bbox 474 4125 600 4172; x_wconf 88' lang='lat' dir='ltr'>Vita</span> <span class='ocrx_word' id='word_1_264' title='bbox 627 4123 814 4181; x_wconf 86' lang='lat' dir='ltr'>Beata,</span> <span class='ocrx_word' id='word_1_265' title='bbox 852 4135 968 4182; x_wconf 82' lang='lat' dir='ltr'>cap.</span> <span class='ocrx_word' id='word_1_266' title='bbox 989 4123 1038 4166; x_wconf 84' lang='lat'>9.</span> <span class='ocrx_word' id='word_1_267' title='bbox 1070 4122 1084 4144; x_wconf 90' lang='lat'>‘</span> <span class='ocrx_word' id='word_1_268' title='bbox 1110 4118 1428 4178; x_wconf 75' lang='lat' dir='ltr'>Interrogas,</span> 
     </span>
     <span class='ocr_line' id='line_1_50' title="bbox 366 4194 1428 4266; baseline -0.008 -16"><span class='ocrx_word' id='word_1_269' title='bbox 366 4201 491 4266; x_wconf 80' lang='lat' dir='ltr'>quid</span> <span class='ocrx_word' id='word_1_270' title='bbox 532 4209 703 4263; x_wconf 84' lang='lat' dir='ltr'>petam</span> <span class='ocrx_word' id='word_1_271' title='bbox 728 4212 791 4246; x_wconf 82' lang='lat' dir='ltr'>ex</span> <span class='ocrx_word' id='word_1_272' title='bbox 817 4196 1047 4246; x_wconf 75' lang='lat' dir='ltr'>virtute?</span> <span class='ocrx_word' id='word_1_273' title='bbox 1087 4196 1267 4257; x_wconf 79' lang='lat' dir='ltr'>ipsam.</span> <span class='ocrx_word' id='word_1_274' title='bbox 1337 4194 1428 4242; x_wconf 84' lang='lat' dir='ltr'>Ni-</span> 
     </span>
     <span class='ocr_line' id='line_1_51' title="bbox 367 4271 1430 4338; baseline -0.009 -8"><span class='ocrx_word' id='word_1_275' title='bbox 367 4282 440 4330; x_wconf 85' lang='lat' dir='ltr'>hil</span> <span class='ocrx_word' id='word_1_276' title='bbox 464 4281 602 4328; x_wconf 85' lang='lat' dir='ltr'>euim</span> <span class='ocrx_word' id='word_1_277' title='bbox 626 4284 705 4327; x_wconf 86' lang='lat' dir='ltr'>est</span> <span class='ocrx_word' id='word_1_278' title='bbox 731 4276 930 4337; x_wconf 89' lang='lat' dir='ltr'>melius,</span> <span class='ocrx_word' id='word_1_279' title='bbox 960 4274 1066 4338; x_wconf 81' lang='lat' dir='ltr'>ipsa</span> <span class='ocrx_word' id='word_1_280' title='bbox 1107 4275 1328 4337; x_wconf 85' lang='lat' dir='ltr'>pretium</span> <span class='ocrx_word' id='word_1_281' title='bbox 1353 4271 1430 4320; x_wconf 91' lang='lat' dir='ltr'>sui</span> 
     </span>
    </p>
   </div>
   <div class='ocr_carea' id='block_1_3' title="bbox 1882 326 2497 397">
    <p class='ocr_par' dir='ltr' id='par_1_3' title="bbox 1882 326 2497 397">
     <span class='ocr_line' id='line_1_52' title="bbox 1882 326 2497 397; baseline -0.005 -2"><span class='ocrx_word' id='word_1_282' title='bbox 1882 348 1930 396; x_wconf 89' lang='lat'>1.</span> <span class='ocrx_word' id='word_1_283' title='bbox 1971 331 2079 397; x_wconf 78' lang='lat'>80.</span> <span class='ocrx_word' id='word_1_284' title='bbox 2363 326 2497 393; x_wconf 80' lang='lat'>983</span> 
     </span>
    </p>
   </div>
   <div class='ocr_carea' id='block_1_4' title="bbox 1443 486 2560 4331">
    <p class='ocr_par' dir='ltr' id='par_1_4' title="bbox 1443 486 2523 1943">
     <span class='ocr_line' id='line_1_53' title="bbox 1444 486 2497 542; baseline -0.005 -1"><span class='ocrx_word' id='word_1_285' title='bbox 1444 490 1560 541; x_wconf 65' lang='lat' dir='ltr'>est!</span> <span class='ocrx_word' id='word_1_286' title='bbox 1618 492 1763 542; x_wconf 82' lang='lat' dir='ltr'>Idem</span> <span class='ocrx_word' id='word_1_287' title='bbox 1788 489 1854 540; x_wconf 84' lang='lat' dir='ltr'>de</span> <span class='ocrx_word' id='word_1_288' title='bbox 1878 489 2135 540; x_wconf 87' lang='lat' dir='ltr'>Clemeut.</span> <span class='ocrx_word' id='word_1_289' title='bbox 2156 499 2196 537; x_wconf 87' lang='grc' dir='ltr'>ι.</span> <span class='ocrx_word' id='word_1_290' title='bbox 2214 489 2260 535; x_wconf 93' lang='lat'>1.</span> <span class='ocrx_word' id='word_1_291' title='bbox 2291 487 2307 514; x_wconf 89' lang='lat'>‘</span> <span class='ocrx_word' id='word_1_292' title='bbox 2330 486 2497 536; x_wconf 83' lang='lat' dir='ltr'>Recte</span> 
     </span>
     <span class='ocr_line' id='line_1_54' title="bbox 1443 562 2501 628; baseline -0.005 -11"><span class='ocrx_word' id='word_1_293' title='bbox 1443 568 1698 619; x_wconf 81' lang='lat' dir='ltr'>factorum</span> <span class='ocrx_word' id='word_1_294' title='bbox 1736 582 1887 617; x_wconf 78' lang='lat' dir='ltr'>verus</span> <span class='ocrx_word' id='word_1_295' title='bbox 1919 564 2117 616; x_wconf 87' lang='lat' dir='ltr'>fructus</span> <span class='ocrx_word' id='word_1_296' title='bbox 2151 574 2248 628; x_wconf 86' lang='lat' dir='ltr'>est,</span> <span class='ocrx_word' id='word_1_297' title='bbox 2281 562 2501 624; x_wconf 85' lang='lat' dir='ltr'>fecisse;</span> 
     </span>
     <span class='ocr_line' id='line_1_55' title="bbox 1445 641 2501 706; baseline -0.008 -11"><span class='ocrx_word' id='word_1_298' title='bbox 1445 660 1543 695; x_wconf 87' lang='lat' dir='ltr'>nec</span> <span class='ocrx_word' id='word_1_299' title='bbox 1568 647 1724 694; x_wconf 89' lang='lat' dir='ltr'>ullum</span> <span class='ocrx_word' id='word_1_300' title='bbox 1764 645 2007 694; x_wconf 72' lang='lat' dir='ltr'>virtutum</span> <span class='ocrx_word' id='word_1_301' title='bbox 2043 642 2263 706; x_wconf 87' lang='lat' dir='ltr'>pretium</span> <span class='ocrx_word' id='word_1_302' title='bbox 2288 641 2388 689; x_wconf 89' lang='lat' dir='ltr'>illis</span> <span class='ocrx_word' id='word_1_303' title='bbox 2411 654 2501 689; x_wconf 83' lang='lat' dir='ltr'>ex·</span> 
     </span>
     <span class='ocr_line' id='line_1_56' title="bbox 1448 720 2502 784; baseline -0.008 -11"><span class='ocrx_word' id='word_1_304' title='bbox 1448 730 1528 774; x_wconf 87' lang='lat' dir='ltr'>tra</span> <span class='ocrx_word' id='word_1_305' title='bbox 1552 722 1689 784; x_wconf 74' lang='lat' dir='ltr'>ipsas</span> <span class='ocrx_word' id='word_1_306' title='bbox 1713 721 1830 771; x_wconf 87' lang='lat' dir='ltr'>est.’</span> <span class='ocrx_word' id='word_1_307' title='bbox 1897 721 2056 771; x_wconf 81' lang='lat' dir='ltr'>Ovid.</span> <span class='ocrx_word' id='word_1_308' title='bbox 2079 734 2143 768; x_wconf 82' lang='lat' dir='ltr'>ex</span> <span class='ocrx_word' id='word_1_309' title='bbox 2169 720 2339 768; x_wconf 89' lang='lat' dir='ltr'>Ponto</span> <span class='ocrx_word' id='word_1_310' title='bbox 2362 731 2426 766; x_wconf 81' lang='grc' dir='ltr'>ιι.</span> <span class='ocrx_word' id='word_1_311' title='bbox 2449 721 2502 766; x_wconf 77' lang='lat'>8.</span> 
     </span>
     <span class='ocr_line' id='line_1_57' title="bbox 1448 797 2504 859; baseline -0.009 -8"><span class='ocrx_word' id='word_1_312' title='bbox 1448 804 1530 851; x_wconf 73' lang='lat'>38.</span> <span class='ocrx_word' id='word_1_313' title='bbox 1563 800 1579 826; x_wconf 80' lang='lat'><em>⁴</em></span> <span class='ocrx_word' id='word_1_314' title='bbox 1603 797 1856 849; x_wconf 84' lang='lat' dir='ltr'>Mercede</span> <span class='ocrx_word' id='word_1_315' title='bbox 1888 806 2054 859; x_wconf 85' lang='lat' dir='ltr'>caret,</span> <span class='ocrx_word' id='word_1_316' title='bbox 2088 811 2181 859; x_wconf 89' lang='lat' dir='ltr'>per</span> <span class='ocrx_word' id='word_1_317' title='bbox 2220 809 2378 857; x_wconf 86' lang='lat' dir='ltr'>seque</span> <span class='ocrx_word' id='word_1_318' title='bbox 2412 807 2504 856; x_wconf 89' lang='lat' dir='ltr'>pe·</span> 
     </span>
     <span class='ocr_line' id='line_1_58' title="bbox 1451 870 2505 926; baseline -0.008 -1"><span class='ocrx_word' id='word_1_319' title='bbox 1451 876 1609 926; x_wconf 86' lang='lat' dir='ltr'>tenda</span> <span class='ocrx_word' id='word_1_320' title='bbox 1640 885 1721 925; x_wconf 84' lang='lat' dir='ltr'>eat</span> <span class='ocrx_word' id='word_1_321' title='bbox 1755 874 1997 924; x_wconf 82' lang='lat' dir='ltr'>Externis</span> <span class='ocrx_word' id='word_1_322' title='bbox 2021 874 2181 921; x_wconf 82' lang='lat' dir='ltr'>virtus</span> <span class='ocrx_word' id='word_1_323' title='bbox 2205 870 2505 920; x_wconf 84' lang='lat' dir='ltr'>incomitata</span> 
     </span>
     <span class='ocr_line' id='line_1_59' title="bbox 1451 946 2505 1003; baseline -0.009 -1"><span class='ocrx_word' id='word_1_324' title='bbox 1451 952 1634 1003; x_wconf 78' lang='lat' dir='ltr'>bonis-⁹</span> <span class='ocrx_word' id='word_1_325' title='bbox 1700 952 1761 1001; x_wconf 84' lang='lat' dir='ltr'>ln</span> <span class='ocrx_word' id='word_1_326' title='bbox 1801 953 1879 1000; x_wconf 74' lang='lat' dir='ltr'>liis</span> <span class='ocrx_word' id='word_1_327' title='bbox 1921 958 2092 999; x_wconf 86' lang='lat' dir='ltr'>tamen</span> <span class='ocrx_word' id='word_1_328' title='bbox 2130 946 2399 998; x_wconf 71' lang='lat' dir='ltr'>sententiis</span> <span class='ocrx_word' id='word_1_329' title='bbox 2433 946 2505 993; x_wconf 84' lang='lat' dir='ltr'>la-</span> 
     </span>
     <span class='ocr_line' id='line_1_60' title="bbox 1453 1023 2509 1093; baseline -0.008 -14"><span class='ocrx_word' id='word_1_330' title='bbox 1453 1038 1564 1080; x_wconf 89' lang='lat' dir='ltr'>tere</span> <span class='ocrx_word' id='word_1_331' title='bbox 1589 1029 2074 1093; x_wconf 70' lang='lat' dir='ltr'>magniloquentiam</span> <span class='ocrx_word' id='word_1_332' title='bbox 2101 1025 2351 1088; x_wconf 86' lang='lat' dir='ltr'>quandam</span> <span class='ocrx_word' id='word_1_333' title='bbox 2373 1023 2509 1072; x_wconf 81' lang='lat' dir='ltr'>Stoi·-</span> 
     </span>
     <span class='ocr_line' id='line_1_61' title="bbox 1454 1101 2508 1163; baseline -0.007 -7"><span class='ocrx_word' id='word_1_334' title='bbox 1454 1122 1584 1163; x_wconf 85' lang='lat' dir='ltr'>cam‚</span> <span class='ocrx_word' id='word_1_335' title='bbox 1607 1106 1810 1155; x_wconf 90' lang='lat' dir='ltr'>ostendi</span> <span class='ocrx_word' id='word_1_336' title='bbox 1847 1106 1897 1153; x_wconf 89' lang='lat' dir='ltr'>iu</span> <span class='ocrx_word' id='word_1_337' title='bbox 1935 1104 2141 1152; x_wconf 87' lang='lat' dir='ltr'>dissert.</span> <span class='ocrx_word' id='word_1_338' title='bbox 2164 1101 2230 1150; x_wconf 91' lang='lat' dir='ltr'>de</span> <span class='ocrx_word' id='word_1_339' title='bbox 2262 1101 2508 1149; x_wconf 79' lang='lat' dir='ltr'>abusione</span> 
     </span>
     <span class='ocr_line' id='line_1_62' title="bbox 1455 1177 2511 1243; baseline -0.009 -10"><span class='ocrx_word' id='word_1_340' title='bbox 1455 1184 1819 1233; x_wconf 85' lang='lat' dir='ltr'>abstractionis</span> <span class='ocrx_word' id='word_1_341' title='bbox 1850 1180 2217 1243; x_wconf 75' lang='lat' dir='ltr'>metaplnysicae</span> <span class='ocrx_word' id='word_1_342' title='bbox 2242 1178 2294 1227; x_wconf 83' lang='lat' dir='ltr'>in</span> <span class='ocrx_word' id='word_1_343' title='bbox 2317 1177 2511 1226; x_wconf 85' lang='lat' dir='ltr'>doctri-</span> 
     </span>
     <span class='ocr_line' id='line_1_63' title="bbox 1457 1256 2515 1316; baseline -0.009 -4"><span class='ocrx_word' id='word_1_344' title='bbox 1457 1277 1521 1312; x_wconf 87' lang='lat' dir='ltr'>na</span> <span class='ocrx_word' id='word_1_345' title='bbox 1555 1277 1779 1311; x_wconf 72' lang='lat' dir='ltr'>morumz</span> <span class='ocrx_word' id='word_1_346' title='bbox 1816 1270 2014 1309; x_wconf 83' lang='lat' dir='ltr'>certum</span> <span class='ocrx_word' id='word_1_347' title='bbox 2048 1258 2180 1307; x_wconf 88' lang='lat' dir='ltr'>euim</span> <span class='ocrx_word' id='word_1_348' title='bbox 2220 1266 2321 1316; x_wconf 87' lang='lat' dir='ltr'>est,</span> <span class='ocrx_word' id='word_1_349' title='bbox 2351 1256 2515 1304; x_wconf 82' lang='lat' dir='ltr'>virtu·</span> 
     </span>
     <span class='ocr_line' id='line_1_64' title="bbox 1459 1336 2512 1389; baseline -0.009 0"><span class='ocrx_word' id='word_1_350' title='bbox 1459 1347 1564 1389; x_wconf 83' lang='lat' dir='ltr'>tem</span> <span class='ocrx_word' id='word_1_351' title='bbox 1602 1352 1771 1386; x_wconf 84' lang='lat' dir='ltr'>veram</span> <span class='ocrx_word' id='word_1_352' title='bbox 1813 1336 1958 1385; x_wconf 89' lang='lat' dir='ltr'>simul</span> <span class='ocrx_word' id='word_1_353' title='bbox 1995 1344 2052 1385; x_wconf 87' lang='grc' dir='ltr'>ει</span> <span class='ocrx_word' id='word_1_354' title='bbox 2085 1336 2346 1383; x_wconf 77' lang='lat' dir='ltr'>honestam</span> <span class='ocrx_word' id='word_1_355' title='bbox 2381 1345 2512 1387; x_wconf 86' lang='lat' dir='ltr'>esse.</span> 
     </span>
     <span class='ocr_line' id='line_1_65' title="bbox 1458 1408 2513 1479; baseline -0.008 -14"><span class='ocrx_word' id='word_1_356' title='bbox 1458 1423 1514 1465; x_wconf 79' lang='lat' dir='ltr'>et</span> <span class='ocrx_word' id='word_1_357' title='bbox 1544 1414 1839 1479; x_wconf 80' lang='lat' dir='ltr'>jucundam,</span> <span class='ocrx_word' id='word_1_358' title='bbox 1858 1422 1912 1461; x_wconf 91' lang='lat' dir='ltr'>et</span> <span class='ocrx_word' id='word_1_359' title='bbox 1938 1413 2143 1471; x_wconf 87' lang='lat' dir='ltr'>utilem;</span> <span class='ocrx_word' id='word_1_360' title='bbox 2171 1425 2405 1474; x_wconf 87' lang='lat' dir='ltr'>eumque,</span> <span class='ocrx_word' id='word_1_361' title='bbox 2426 1408 2513 1473; x_wconf 83' lang='lat' dir='ltr'>qui</span> 
     </span>
     <span class='ocr_line' id='line_1_66' title="bbox 1460 1486 2518 1553; baseline -0.009 -12"><span class='ocrx_word' id='word_1_362' title='bbox 1460 1491 1714 1541; x_wconf 85' lang='lat' dir='ltr'>attributa</span> <span class='ocrx_word' id='word_1_363' title='bbox 1751 1491 1846 1540; x_wconf 85' lang='lat' dir='ltr'>ista</span> <span class='ocrx_word' id='word_1_364' title='bbox 1880 1489 2219 1553; x_wconf 74' lang='lat' dir='ltr'>separaverit,</span> <span class='ocrx_word' id='word_1_365' title='bbox 2255 1486 2391 1535; x_wconf 84' lang='lat' dir='ltr'>haud</span> <span class='ocrx_word' id='word_1_366' title='bbox 2432 1500 2518 1532; x_wconf 86' lang='lat' dir='ltr'>ve-</span> 
     </span>
     <span class='ocr_line' id='line_1_67' title="bbox 1461 1562 2516 1629; baseline -0.008 -11"><span class='ocrx_word' id='word_1_367' title='bbox 1461 1584 1569 1618; x_wconf 86' lang='lat' dir='ltr'>ram</span> <span class='ocrx_word' id='word_1_368' title='bbox 1618 1568 1821 1616; x_wconf 79' lang='lat' dir='ltr'>virtutis</span> <span class='ocrx_word' id='word_1_369' title='bbox 1868 1568 2098 1629; x_wconf 80' lang='lat' dir='ltr'>rectique</span> <span class='ocrx_word' id='word_1_370' title='bbox 2142 1562 2299 1613; x_wconf 81' lang='lat' dir='ltr'>officii</span> <span class='ocrx_word' id='word_1_371' title='bbox 2348 1563 2516 1611; x_wconf 88' lang='lat' dir='ltr'>ideam</span> 
     </span>
     <span class='ocr_line' id='line_1_68' title="bbox 1460 1640 2519 1707; baseline -0.009 -11"><span class='ocrx_word' id='word_1_372' title='bbox 1460 1648 1679 1707; x_wconf 78' lang='lat' dir='ltr'>babere3</span> <span class='ocrx_word' id='word_1_373' title='bbox 1703 1647 1798 1695; x_wconf 90' lang='lat' dir='ltr'>nisi</span> <span class='ocrx_word' id='word_1_374' title='bbox 1823 1645 2101 1707; x_wconf 80' lang='lat' dir='ltr'>intelligat.</span> <span class='ocrx_word' id='word_1_375' title='bbox 2121 1644 2309 1691; x_wconf 87' lang='lat' dir='ltr'>nullam</span> <span class='ocrx_word' id='word_1_376' title='bbox 2334 1640 2519 1702; x_wconf 86' lang='lat' dir='ltr'>jncun-</span> 
     </span>
     <span class='ocr_line' id='line_1_69' title="bbox 1463 1717 2518 1785; baseline -0.009 -13"><span class='ocrx_word' id='word_1_377' title='bbox 1463 1724 1705 1785; x_wconf 81' lang='lat' dir='ltr'>ditatern,</span> <span class='ocrx_word' id='word_1_378' title='bbox 1749 1722 2151 1783; x_wconf 86' lang='lat' dir='ltr'>utilitatemque.</span> <span class='ocrx_word' id='word_1_379' title='bbox 2194 1717 2518 1782; x_wconf 77' lang='lat' dir='ltr'>qnaerendam</span> 
     </span>
     <span class='ocr_line' id='line_1_70' title="bbox 1464 1795 2523 1864; baseline -0.01 -14"><span class='ocrx_word' id='word_1_380' title='bbox 1464 1815 1598 1856; x_wconf 85' lang='lat' dir='ltr'>esse,</span> <span class='ocrx_word' id='word_1_381' title='bbox 1636 1815 1752 1864; x_wconf 73' lang='lat' dir='ltr'>quae</span> <span class='ocrx_word' id='word_1_382' title='bbox 1788 1813 1887 1848; x_wconf 92' lang='lat' dir='ltr'>non</span> <span class='ocrx_word' id='word_1_383' title='bbox 1925 1812 2040 1846; x_wconf 80' lang='lat' dir='ltr'>cum</span> <span class='ocrx_word' id='word_1_384' title='bbox 2073 1799 2269 1845; x_wconf 71' lang='lat' dir='ltr'>virtute</span> <span class='ocrx_word' id='word_1_385' title='bbox 2303 1795 2372 1843; x_wconf 84' lang='lat' dir='ltr'>sit</span> <span class='ocrx_word' id='word_1_386' title='bbox 2401 1807 2523 1842; x_wconf 87' lang='lat' dir='ltr'>con·</span> 
     </span>
     <span class='ocr_line' id='line_1_71' title="bbox 1457 1875 1948 1943; baseline -0.01 -17"><span class='ocrx_word' id='word_1_387' title='bbox 1457 1879 1663 1943; x_wconf 73' lang='lat' dir='ltr'>juncta.</span> <span class='ocrx_word' id='word_1_388' title='bbox 1700 1875 1948 1924; x_wconf 74' lang='lat' dir='ltr'>Schwarz.</span> 
     </span>
    </p>

    <p class='ocr_par' dir='ltr' id='par_1_5' title="bbox 1466 1948 2538 2864">
     <span class='ocr_line' id='line_1_72' title="bbox 1537 1948 2523 2014; baseline -0.009 -12"><span class='ocrx_word' id='word_1_389' title='bbox 1537 1955 1667 2003; x_wconf 84' lang='lat' dir='ltr'>Bene</span> <span class='ocrx_word' id='word_1_390' title='bbox 1695 1950 1961 2014; x_wconf 71' lang='lat' dir='ltr'>jndicme]</span> <span class='ocrx_word' id='word_1_391' title='bbox 2000 1949 2177 2000; x_wconf 89' lang='lat' dir='ltr'>Stoam</span> <span class='ocrx_word' id='word_1_392' title='bbox 2217 1948 2373 2010; x_wconf 87' lang='lat' dir='ltr'>sapit,</span> <span class='ocrx_word' id='word_1_393' title='bbox 2408 1961 2523 2008; x_wconf 62' lang='lat' dir='ltr'>quie</span> 
     </span>
     <span class='ocr_line' id='line_1_73' title="bbox 1467 2020 2528 2080; baseline -0.01 0"><span class='ocrx_word' id='word_1_394' title='bbox 1467 2033 1482 2061; x_wconf 80' lang='lat'>⁸</span> <span class='ocrx_word' id='word_1_395' title='bbox 1509 2033 1726 2080; x_wconf 78' lang='lat' dir='ltr'>honesta</span> <span class='ocrx_word' id='word_1_396' title='bbox 1770 2043 1867 2076; x_wconf 89' lang='lat' dir='ltr'>nou</span> <span class='ocrx_word' id='word_1_397' title='bbox 1914 2029 1963 2076; x_wconf 90' lang='lat' dir='ltr'>iu</span> <span class='ocrx_word' id='word_1_398' title='bbox 2012 2026 2304 2075; x_wconf 84' lang='lat' dir='ltr'>mercedem</span> <span class='ocrx_word' id='word_1_399' title='bbox 2355 2020 2528 2071; x_wconf 87' lang='lat' dir='ltr'>colit.&#39;</span> 
     </span>
     <span class='ocr_line' id='line_1_74' title="bbox 1470 2098 2527 2165; baseline -0.009 -10"><span class='ocrx_word' id='word_1_400' title='bbox 1470 2106 1667 2156; x_wconf 86' lang='lat' dir='ltr'>Eadem</span> <span class='ocrx_word' id='word_1_401' title='bbox 1726 2105 1810 2152; x_wconf 90' lang='lat' dir='ltr'>ille</span> <span class='ocrx_word' id='word_1_402' title='bbox 1850 2103 2012 2152; x_wconf 86' lang='lat' dir='ltr'>Stoic.</span> <span class='ocrx_word' id='word_1_403' title='bbox 2050 2102 2148 2165; x_wconf 87' lang='lat' dir='ltr'>Ep.</span> <span class='ocrx_word' id='word_1_404' title='bbox 2198 2105 2279 2150; x_wconf 80' lang='lat'>81.</span> <span class='ocrx_word' id='word_1_405' title='bbox 2326 2098 2527 2147; x_wconf 79' lang='lat' dir='ltr'>‘Recte</span> 
     </span>
     <span class='ocr_line' id='line_1_75' title="bbox 1471 2173 2528 2238; baseline -0.01 -7"><span class='ocrx_word' id='word_1_406' title='bbox 1471 2181 1618 2238; x_wconf 82' lang='lat' dir='ltr'>facti,</span> <span class='ocrx_word' id='word_1_407' title='bbox 1662 2179 1850 2229; x_wconf 84' lang='lat' dir='ltr'>fecisse</span> <span class='ocrx_word' id='word_1_408' title='bbox 1907 2192 2103 2226; x_wconf 87' lang='lat' dir='ltr'>merces</span> <span class='ocrx_word' id='word_1_409' title='bbox 2158 2173 2294 2223; x_wconf 81' lang='lat' dir='ltr'>est.’</span> <span class='ocrx_word' id='word_1_410' title='bbox 2380 2174 2528 2222; x_wconf 89' lang='lat' dir='ltr'>Idem</span> 
     </span>
     <span class='ocr_line' id='line_1_76' title="bbox 1472 2251 2528 2307; baseline -0.009 0"><span class='ocrx_word' id='word_1_411' title='bbox 1472 2258 1638 2307; x_wconf 86' lang='lat' dir='ltr'>Clem.</span> <span class='ocrx_word' id='word_1_412' title='bbox 1675 2270 1712 2304; x_wconf 86' lang='lat'>1.</span> <span class='ocrx_word' id='word_1_413' title='bbox 1746 2261 1823 2305; x_wconf 79' lang='lat'>12.</span> <span class='ocrx_word' id='word_1_414' title='bbox 1852 2257 1868 2283; x_wconf 90' lang='lat'>‘</span> <span class='ocrx_word' id='word_1_415' title='bbox 1889 2256 2051 2303; x_wconf 88' lang='lat' dir='ltr'>Recte</span> <span class='ocrx_word' id='word_1_416' title='bbox 2086 2251 2339 2301; x_wconf 82' lang='lat' dir='ltr'>factorum</span> <span class='ocrx_word' id='word_1_417' title='bbox 2376 2264 2528 2298; x_wconf 84' lang='lat' dir='ltr'>verus</span> 
     </span>
     <span class='ocr_line' id='line_1_77' title="bbox 1471 2328 2530 2393; baseline -0.014 -8"><span class='ocrx_word' id='word_1_418' title='bbox 1471 2333 1677 2385; x_wconf 79' lang='lat' dir='ltr'>fructus</span> <span class='ocrx_word' id='word_1_419' title='bbox 1706 2333 1793 2393; x_wconf 88' lang='lat' dir='ltr'>sit,</span> <span class='ocrx_word' id='word_1_420' title='bbox 1815 2330 2019 2392; x_wconf 82' lang='lat' dir='ltr'>fecisse,</span> <span class='ocrx_word' id='word_1_421' title='bbox 2051 2343 2146 2378; x_wconf 87' lang='lat' dir='ltr'>nec</span> <span class='ocrx_word' id='word_1_422' title='bbox 2177 2330 2333 2377; x_wconf 92' lang='lat' dir='ltr'>ullum</span> <span class='ocrx_word' id='word_1_423' title='bbox 2372 2328 2530 2374; x_wconf 80' lang='lat' dir='ltr'>virtu-</span> 
     </span>
     <span class='ocr_line' id='line_1_78' title="bbox 1476 2403 2534 2476; baseline -0.013 -12"><span class='ocrx_word' id='word_1_424' title='bbox 1476 2422 1583 2464; x_wconf 88' lang='lat' dir='ltr'>tum</span> <span class='ocrx_word' id='word_1_425' title='bbox 1609 2410 1830 2476; x_wconf 89' lang='lat' dir='ltr'>pretium</span> <span class='ocrx_word' id='word_1_426' title='bbox 1855 2408 2062 2471; x_wconf 82' lang='lat' dir='ltr'>dignum</span> <span class='ocrx_word' id='word_1_427' title='bbox 2097 2407 2193 2456; x_wconf 80' lang='lat' dir='ltr'>illis</span> <span class='ocrx_word' id='word_1_428' title='bbox 2228 2410 2375 2454; x_wconf 73' lang='lat' dir='ltr'>extra</span> <span class='ocrx_word' id='word_1_429' title='bbox 2399 2403 2534 2466; x_wconf 80' lang='lat' dir='ltr'>ipsas</span> 
     </span>
     <span class='ocr_line' id='line_1_79' title="bbox 1474 2481 2534 2548; baseline -0.01 -7"><span class='ocrx_word' id='word_1_430' title='bbox 1474 2491 1578 2542; x_wconf 85' lang='lat' dir='ltr'>sit.’</span> <span class='ocrx_word' id='word_1_431' title='bbox 1647 2488 1917 2538; x_wconf 87' lang='lat' dir='ltr'>Claudian.</span> <span class='ocrx_word' id='word_1_432' title='bbox 1938 2492 1951 2514; x_wconf 76' lang='lat'>⁸</span> <span class='ocrx_word' id='word_1_433' title='bbox 1974 2486 2099 2548; x_wconf 86' lang='lat' dir='ltr'>Ipsa</span> <span class='ocrx_word' id='word_1_434' title='bbox 2132 2483 2338 2548; x_wconf 87' lang='lat' dir='ltr'>quidem</span> <span class='ocrx_word' id='word_1_435' title='bbox 2372 2481 2534 2530; x_wconf 81' lang='lat' dir='ltr'>virtus</span> 
     </span>
     <span class='ocr_line' id='line_1_80' title="bbox 1478 2560 2535 2633; baseline -0.013 -14"><span class='ocrx_word' id='word_1_436' title='bbox 1478 2569 1699 2633; x_wconf 84' lang='lat' dir='ltr'>pretium</span> <span class='ocrx_word' id='word_1_437' title='bbox 1743 2566 1840 2614; x_wconf 84' lang='lat' dir='ltr'>sibi</span> <span class='ocrx_word' id='word_1_438' title='bbox 1884 2564 2093 2627; x_wconf 84' lang='lat' dir='ltr'>solaque</span> <span class='ocrx_word' id='word_1_439' title='bbox 2142 2564 2246 2609; x_wconf 84' lang='lat' dir='ltr'>late</span> <span class='ocrx_word' id='word_1_440' title='bbox 2291 2560 2535 2608; x_wconf 62' lang='lat' dir='ltr'>Fortunas</span> 
     </span>
     <span class='ocr_line' id='line_1_81' title="bbox 1474 2637 2538 2697; baseline -0.013 0"><span class='ocrx_word' id='word_1_441' title='bbox 1474 2661 1660 2697; x_wconf 78' lang='lat' dir='ltr'>secura</span> <span class='ocrx_word' id='word_1_442' title='bbox 1687 2642 1857 2692; x_wconf 89' lang='lat' dir='ltr'>uitet.’</span> <span class='ocrx_word' id='word_1_443' title='bbox 1896 2642 2066 2690; x_wconf 87' lang='lat' dir='ltr'>Tacit.</span> <span class='ocrx_word' id='word_1_444' title='bbox 2087 2637 2273 2688; x_wconf 78' lang='lat' dir='ltr'>Annal.</span> <span class='ocrx_word' id='word_1_445' title='bbox 2289 2651 2349 2687; x_wconf 88' lang='grc' dir='ltr'>ιι.</span> <span class='ocrx_word' id='word_1_446' title='bbox 2369 2637 2382 2662; x_wconf 91' lang='lat'>‘</span> <span class='ocrx_word' id='word_1_447' title='bbox 2399 2637 2538 2685; x_wconf 82' lang='lat' dir='ltr'>Con·</span> 
     </span>
     <span class='ocr_line' id='line_1_82' title="bbox 1479 2714 2538 2783; baseline -0.014 -9"><span class='ocrx_word' id='word_1_448' title='bbox 1479 2724 1699 2774; x_wconf 86' lang='lat' dir='ltr'>scientia</span> <span class='ocrx_word' id='word_1_449' title='bbox 1721 2720 1849 2769; x_wconf 80' lang='lat' dir='ltr'>facti</span> <span class='ocrx_word' id='word_1_450' title='bbox 1874 2719 1982 2783; x_wconf 84' lang='lat' dir='ltr'>(vel</span> <span class='ocrx_word' id='word_1_451' title='bbox 2018 2725 2074 2765; x_wconf 88' lang='grc' dir='ltr'>ιιι</span> <span class='ocrx_word' id='word_1_452' title='bbox 2098 2717 2242 2779; x_wconf 86' lang='lat' dir='ltr'>Lips.</span> <span class='ocrx_word' id='word_1_453' title='bbox 2279 2714 2342 2763; x_wconf 82' lang='lat' dir='ltr'>ad</span> <span class='ocrx_word' id='word_1_454' title='bbox 2380 2727 2538 2775; x_wconf 77' lang='lat' dir='ltr'>marg.</span> 
     </span>
     <span class='ocr_line' id='line_1_83' title="bbox 1466 2795 2126 2864; baseline -0.012 -13"><span class='ocrx_word' id='word_1_455' title='bbox 1466 2799 1646 2864; x_wconf 74' lang='lat' dir='ltr'>saetis)</span> <span class='ocrx_word' id='word_1_456' title='bbox 1672 2800 1799 2847; x_wconf 83' lang='lat' dir='ltr'>satis</span> <span class='ocrx_word' id='word_1_457' title='bbox 1821 2795 1940 2857; x_wconf 49' lang='lat' dir='ltr'>eat?</span> <span class='ocrx_word' id='word_1_458' title='bbox 1976 2797 2126 2845; x_wconf 76' lang='lat' dir='ltr'>Rern.</span> 
     </span>
    </p>

    <p class='ocr_par' dir='ltr' id='par_1_6' title="bbox 1483 2868 2550 3477">
     <span class='ocr_line' id='line_1_84' title="bbox 1549 2868 2540 2937; baseline -0.011 -10"><span class='ocrx_word' id='word_1_459' title='bbox 1549 2880 1627 2927; x_wconf 88' lang='lat' dir='ltr'>De</span> <span class='ocrx_word' id='word_1_460' title='bbox 1649 2875 1869 2936; x_wconf 78' lang='lat' dir='ltr'>fortunis</span> <span class='ocrx_word' id='word_1_461' title='bbox 1898 2873 2023 2937; x_wconf 78' lang='lat' dir='ltr'>suis]</span> <span class='ocrx_word' id='word_1_462' title='bbox 2058 2874 2189 2921; x_wconf 84' lang='lat' dir='ltr'>Post</span> <span class='ocrx_word' id='word_1_463' title='bbox 2221 2869 2333 2919; x_wconf 82' lang='lat' dir='ltr'>haec</span> <span class='ocrx_word' id='word_1_464' title='bbox 2365 2868 2540 2922; x_wconf 82' lang='lat' dir='ltr'>verba.</span> 
     </span>
     <span class='ocr_line' id='line_1_85' title="bbox 1484 2947 2541 3012; baseline -0.013 -7"><span class='ocrx_word' id='word_1_465' title='bbox 1484 2957 1535 3006; x_wconf 91' lang='lat' dir='ltr'>in</span> <span class='ocrx_word' id='word_1_466' title='bbox 1559 2955 1738 3004; x_wconf 89' lang='lat' dir='ltr'>codiee</span> <span class='ocrx_word' id='word_1_467' title='bbox 1760 2949 2160 3012; x_wconf 75' lang='lat' dir='ltr'>salisburgensi,</span> <span class='ocrx_word' id='word_1_468' title='bbox 2185 2953 2236 2994; x_wconf 85' lang='lat' dir='ltr'>et</span> <span class='ocrx_word' id='word_1_469' title='bbox 2275 2960 2409 3004; x_wconf 89' lang='lat' dir='ltr'>meo,</span> <span class='ocrx_word' id='word_1_470' title='bbox 2431 2947 2541 2992; x_wconf 84' lang='lat' dir='ltr'>siue</span> 
     </span>
     <span class='ocr_line' id='line_1_86' title="bbox 1487 3022 2544 3086; baseline -0.013 -4"><span class='ocrx_word' id='word_1_471' title='bbox 1487 3034 1591 3082; x_wconf 86' lang='lat' dir='ltr'>ullo</span> <span class='ocrx_word' id='word_1_472' title='bbox 1615 3046 1728 3085; x_wconf 85' lang='lat' dir='ltr'>usu.</span> <span class='ocrx_word' id='word_1_473' title='bbox 1756 3030 2019 3078; x_wconf 86' lang='lat' dir='ltr'>adduntur</span> <span class='ocrx_word' id='word_1_474' title='bbox 2042 3026 2117 3073; x_wconf 76' lang='lat' dir='ltr'>liae</span> <span class='ocrx_word' id='word_1_475' title='bbox 2144 3022 2426 3086; x_wconf 72' lang='lat' dir='ltr'>particulae,</span> <span class='ocrx_word' id='word_1_476' title='bbox 2450 3036 2544 3069; x_wconf 76' lang='grc' dir='ltr'>ποι</span> 
     </span>
     <span class='ocr_line' id='line_1_87' title="bbox 1483 3101 2544 3171; baseline -0.014 -11"><span class='ocrx_word' id='word_1_477' title='bbox 1483 3112 1665 3166; x_wconf 67' lang='lat' dir='ltr'>sottum</span> <span class='ocrx_word' id='word_1_478' title='bbox 1700 3122 1815 3171; x_wconf 80' lang='lat' dir='ltr'>quae</span> <span class='ocrx_word' id='word_1_479' title='bbox 1857 3104 2099 3152; x_wconf 85' lang='lat' dir='ltr'>videntur</span> <span class='ocrx_word' id='word_1_480' title='bbox 2143 3101 2193 3149; x_wconf 93' lang='lat' dir='ltr'>in</span> <span class='ocrx_word' id='word_1_481' title='bbox 2240 3108 2544 3148; x_wconf 79' lang='lat' dir='ltr'>contextum</span> 
     </span>
     <span class='ocr_line' id='line_1_88' title="bbox 1487 3175 2546 3250; baseline -0.012 -13"><span class='ocrx_word' id='word_1_482' title='bbox 1487 3187 1755 3250; x_wconf 80' lang='lat' dir='ltr'>irrepsisse</span> <span class='ocrx_word' id='word_1_483' title='bbox 1792 3199 1820 3232; x_wconf 93' lang='lat' dir='ltr'>e</span> <span class='ocrx_word' id='word_1_484' title='bbox 1852 3182 2058 3245; x_wconf 81' lang='lat' dir='ltr'>glossis;</span> <span class='ocrx_word' id='word_1_485' title='bbox 2090 3178 2294 3241; x_wconf 82' lang='lat' dir='ltr'>quaudo</span> <span class='ocrx_word' id='word_1_486' title='bbox 2327 3175 2546 3226; x_wconf 77' lang='lat' dir='ltr'>fortasse</span> 
     </span>
     <span class='ocr_line' id='line_1_89' title="bbox 1489 3255 2550 3328; baseline -0.012 -14"><span class='ocrx_word' id='word_1_487' title='bbox 1489 3278 1645 3328; x_wconf 86' lang='lat' dir='ltr'>super</span> <span class='ocrx_word' id='word_1_488' title='bbox 1672 3260 1827 3310; x_wconf 85' lang='lat' dir='ltr'>verba</span> <span class='ocrx_word' id='word_1_489' title='bbox 1849 3261 1965 3318; x_wconf 85' lang='lat' dir='ltr'>ista,</span> <span class='ocrx_word' id='word_1_490' title='bbox 1996 3260 2054 3307; x_wconf 82' lang='lat' dir='ltr'>de</span> <span class='ocrx_word' id='word_1_491' title='bbox 2070 3257 2290 3316; x_wconf 74' lang='lat' dir='ltr'>fortunis</span> <span class='ocrx_word' id='word_1_492' title='bbox 2307 3255 2425 3313; x_wconf 79' lang='lat' dir='ltr'>suis,</span> <span class='ocrx_word' id='word_1_493' title='bbox 2455 3255 2550 3302; x_wconf 82' lang='lat' dir='ltr'>tui·</span> 
     </span>
     <span class='ocr_line' id='line_1_90' title="bbox 1490 3333 2550 3399; baseline -0.008 -11"><span class='ocrx_word' id='word_1_494' title='bbox 1490 3356 1585 3391; x_wconf 83' lang='lat' dir='ltr'>nus</span> <span class='ocrx_word' id='word_1_495' title='bbox 1612 3340 1809 3387; x_wconf 87' lang='lat' dir='ltr'>utiliter</span> <span class='ocrx_word' id='word_1_496' title='bbox 1834 3337 2083 3399; x_wconf 87' lang='lat' dir='ltr'>scriptum</span> <span class='ocrx_word' id='word_1_497' title='bbox 2120 3333 2240 3388; x_wconf 84' lang='lat' dir='ltr'>fuit,</span> <span class='ocrx_word' id='word_1_498' title='bbox 2271 3348 2365 3382; x_wconf 77' lang='lat' dir='ltr'>uon</span> <span class='ocrx_word' id='word_1_499' title='bbox 2398 3334 2550 3381; x_wconf 79' lang='lat' dir='ltr'>sotum</span> 
     </span>
     <span class='ocr_line' id='line_1_91' title="bbox 1490 3413 2089 3477; baseline -0.018 -9"><span class='ocrx_word' id='word_1_500' title='bbox 1490 3421 1549 3468; x_wconf 84' lang='lat' dir='ltr'>de</span> <span class='ocrx_word' id='word_1_501' title='bbox 1566 3415 1800 3477; x_wconf 79' lang='lat' dir='ltr'>fortunis.</span> <span class='ocrx_word' id='word_1_502' title='bbox 1830 3413 2089 3463; x_wconf 77' lang='lat' dir='ltr'>Scltwarz.</span> 
     </span>
    </p>

    <p class='ocr_par' dir='ltr' id='par_1_7' title="bbox 1494 3488 2560 4331">
     <span class='ocr_line' id='line_1_92' title="bbox 1561 3488 2551 3553; baseline -0.011 -7"><span class='ocrx_word' id='word_1_503' title='bbox 1561 3498 1640 3547; x_wconf 84' lang='lat' dir='ltr'>De</span> <span class='ocrx_word' id='word_1_504' title='bbox 1661 3503 1745 3545; x_wconf 80' lang='lat' dir='ltr'>tua</span> <span class='ocrx_word' id='word_1_505' title='bbox 1768 3490 2140 3553; x_wconf 75' lang='lat' dir='ltr'>existimatione]</span> <span class='ocrx_word' id='word_1_506' title='bbox 2158 3488 2326 3538; x_wconf 85' lang='lat' dir='ltr'>Proba</span> <span class='ocrx_word' id='word_1_507' title='bbox 2342 3489 2453 3537; x_wconf 76' lang='lat' dir='ltr'>lta-c</span> <span class='ocrx_word' id='word_1_508' title='bbox 2469 3494 2551 3536; x_wconf 81' lang='lat' dir='ltr'>est</span> 
     </span>
     <span class='ocr_line' id='line_1_93' title="bbox 1494 3566 2551 3636; baseline -0.009 -12"><span class='ocrx_word' id='word_1_509' title='bbox 1494 3576 1673 3636; x_wconf 84' lang='lat' dir='ltr'>lectio,</span> <span class='ocrx_word' id='word_1_510' title='bbox 1695 3582 1748 3623; x_wconf 90' lang='lat' dir='ltr'>et</span> <span class='ocrx_word' id='word_1_511' title='bbox 1785 3573 1835 3620; x_wconf 90' lang='lat' dir='ltr'>in</span> <span class='ocrx_word' id='word_1_512' title='bbox 1872 3570 2103 3634; x_wconf 86' lang='lat' dir='ltr'>pluribus</span> <span class='ocrx_word' id='word_1_513' title='bbox 2129 3566 2394 3617; x_wconf 82' lang='lat' dir='ltr'>codicibus</span> <span class='ocrx_word' id='word_1_514' title='bbox 2423 3566 2551 3615; x_wconf 82' lang='lat' dir='ltr'>Mss.</span> 
     </span>
     <span class='ocr_line' id='line_1_94' title="bbox 1496 3643 2553 3710; baseline -0.013 -9"><span class='ocrx_word' id='word_1_515' title='bbox 1496 3668 1556 3702; x_wconf 88' lang='lat' dir='ltr'>ac</span> <span class='ocrx_word' id='word_1_516' title='bbox 1582 3651 1729 3700; x_wconf 88' lang='lat' dir='ltr'>libris</span> <span class='ocrx_word' id='word_1_517' title='bbox 1752 3646 2222 3710; x_wconf 76' lang='lat' dir='ltr'>impressisobvia3</span> <span class='ocrx_word' id='word_1_518' title='bbox 2256 3645 2354 3693; x_wconf 83' lang='lat' dir='ltr'>etsi</span> <span class='ocrx_word' id='word_1_519' title='bbox 2377 3643 2426 3690; x_wconf 89' lang='lat' dir='ltr'>iu</span> <span class='ocrx_word' id='word_1_520' title='bbox 2452 3643 2553 3688; x_wconf 85' lang='lat' dir='ltr'>Va-</span> 
     </span>
     <span class='ocr_line' id='line_1_95' title="bbox 1497 3721 2554 3783; baseline -0.013 -5"><span class='ocrx_word' id='word_1_521' title='bbox 1497 3729 1672 3779; x_wconf 82' lang='lat' dir='ltr'>ticano</span> <span class='ocrx_word' id='word_1_522' title='bbox 1696 3730 1842 3776; x_wconf 72' lang='lat'>3⁴61.</span> <span class='ocrx_word' id='word_1_523' title='bbox 1868 3724 2139 3783; x_wconf 82' lang='lat' dir='ltr'>scriptum,</span> <span class='ocrx_word' id='word_1_524' title='bbox 2169 3729 2224 3770; x_wconf 79' lang='lat' dir='ltr'>et</span> <span class='ocrx_word' id='word_1_525' title='bbox 2262 3721 2312 3769; x_wconf 90' lang='lat' dir='ltr'>in</span> <span class='ocrx_word' id='word_1_526' title='bbox 2346 3721 2554 3781; x_wconf 80' lang='lat' dir='ltr'>quibus·</span> 
     </span>
     <span class='ocr_line' id='line_1_96' title="bbox 1497 3796 2557 3865; baseline -0.011 -12"><span class='ocrx_word' id='word_1_527' title='bbox 1497 3806 1617 3855; x_wconf 89' lang='lat' dir='ltr'>dam</span> <span class='ocrx_word' id='word_1_528' title='bbox 1646 3802 1913 3865; x_wconf 79' lang='lat' dir='ltr'>impressis</span> <span class='ocrx_word' id='word_1_529' title='bbox 1938 3813 2182 3849; x_wconf 81' lang='lat' dir='ltr'>excusum</span> <span class='ocrx_word' id='word_1_530' title='bbox 2206 3797 2289 3852; x_wconf 83' lang='lat' dir='ltr'>sit,</span> <span class='ocrx_word' id='word_1_531' title='bbox 2314 3803 2396 3843; x_wconf 76' lang='lat' dir='ltr'>tua</span> <span class='ocrx_word' id='word_1_532' title='bbox 2423 3796 2557 3842; x_wconf 81' lang='lat' dir='ltr'>aesti·</span> 
     </span>
     <span class='ocr_line' id='line_1_97' title="bbox 1497 3873 2558 3942; baseline -0.014 -10"><span class='ocrx_word' id='word_1_533' title='bbox 1497 3883 1734 3938; x_wconf 73' lang='lat' dir='ltr'>mation23</span> <span class='ocrx_word' id='word_1_534' title='bbox 1758 3882 1986 3942; x_wconf 83' lang='lat' dir='ltr'>itemque</span> <span class='ocrx_word' id='word_1_535' title='bbox 2011 3877 2062 3924; x_wconf 90' lang='lat' dir='ltr'>in</span> <span class='ocrx_word' id='word_1_536' title='bbox 2087 3874 2265 3922; x_wconf 87' lang='lat' dir='ltr'>codice</span> <span class='ocrx_word' id='word_1_537' title='bbox 2286 3873 2558 3931; x_wconf 84' lang='lat' dir='ltr'>Pataviuo,</span> 
     </span>
     <span class='ocr_line' id='line_1_98' title="bbox 1502 3949 2555 4009; baseline -0.01 0"><span class='ocrx_word' id='word_1_538' title='bbox 1502 3971 1555 4009; x_wconf 88' lang='lat' dir='ltr'>et</span> <span class='ocrx_word' id='word_1_539' title='bbox 1604 3959 1737 4007; x_wconf 86' lang='lat' dir='ltr'>libro</span> <span class='ocrx_word' id='word_1_540' title='bbox 1782 3955 2053 4007; x_wconf 84' lang='lat' dir='ltr'>Vossiano.</span> <span class='ocrx_word' id='word_1_541' title='bbox 2097 3956 2178 3999; x_wconf 77' lang='lat' dir='ltr'>tua</span> <span class='ocrx_word' id='word_1_542' title='bbox 2221 3949 2555 4006; x_wconf 70' lang='lat' dir='ltr'>extimatione,-</span> 
     </span>
     <span class='ocr_line' id='line_1_99' title="bbox 1501 4026 2557 4090; baseline -0.01 -5"><span class='ocrx_word' id='word_1_543' title='bbox 1501 4038 1698 4086; x_wconf 76' lang='lat' dir='ltr'>adbaec,</span> <span class='ocrx_word' id='word_1_544' title='bbox 1745 4034 1795 4080; x_wconf 91' lang='lat' dir='ltr'>iu</span> <span class='ocrx_word' id='word_1_545' title='bbox 1839 4028 2213 4090; x_wconf 79' lang='lat' dir='ltr'>salisburgensi</span> <span class='ocrx_word' id='word_1_546' title='bbox 2264 4026 2462 4084; x_wconf 88' lang='lat' dir='ltr'>codice,</span> <span class='ocrx_word' id='word_1_547' title='bbox 2499 4034 2557 4075; x_wconf 86' lang='lat' dir='ltr'>et</span> 
     </span>
     <span class='ocr_line' id='line_1_100' title="bbox 1503 4103 2560 4173; baseline -0.012 -11"><span class='ocrx_word' id='word_1_548' title='bbox 1503 4129 1640 4173; x_wconf 83' lang='lat' dir='ltr'>meo,</span> <span class='ocrx_word' id='word_1_549' title='bbox 1660 4110 1733 4159; x_wconf 75' lang='lat' dir='ltr'>tui</span> <span class='ocrx_word' id='word_1_550' title='bbox 1756 4108 2125 4159; x_wconf 72' lang='lat' dir='ltr'>existimatione.</span> <span class='ocrx_word' id='word_1_551' title='bbox 2194 4106 2256 4153; x_wconf 90' lang='lat' dir='ltr'>P.</span> <span class='ocrx_word' id='word_1_552' title='bbox 2278 4103 2446 4152; x_wconf 83' lang='lat' dir='ltr'>Faber</span> <span class='ocrx_word' id='word_1_553' title='bbox 2470 4106 2560 4155; x_wconf 74' lang='lat' dir='ltr'>Sa-</span> 
     </span>
     <span class='ocr_line' id='line_1_101' title="bbox 1504 4181 2559 4240; baseline -0.008 -2"><span class='ocrx_word' id='word_1_554' title='bbox 1504 4189 1787 4240; x_wconf 87' lang='lat' dir='ltr'>niorianus,</span> <span class='ocrx_word' id='word_1_555' title='bbox 1813 4187 1862 4233; x_wconf 90' lang='lat' dir='ltr'>in</span> <span class='ocrx_word' id='word_1_556' title='bbox 1889 4183 2134 4232; x_wconf 74' lang='lat' dir='ltr'>brevibus</span> <span class='ocrx_word' id='word_1_557' title='bbox 2158 4181 2290 4230; x_wconf 88' lang='lat' dir='ltr'>notis</span> <span class='ocrx_word' id='word_1_558' title='bbox 2311 4182 2374 4230; x_wconf 86' lang='lat' dir='ltr'>ad</span> <span class='ocrx_word' id='word_1_559' title='bbox 2392 4183 2559 4231; x_wconf 86' lang='lat' dir='ltr'>Pane·</span> 
     </span>
     <span class='ocr_line' id='line_1_102' title="bbox 1501 4257 2558 4331; baseline -0.007 -16"><span class='ocrx_word' id='word_1_560' title='bbox 1501 4266 1736 4331; x_wconf 76' lang='lat' dir='ltr'>gyricum</span> <span class='ocrx_word' id='word_1_561' title='bbox 1783 4260 1962 4321; x_wconf 84' lang='lat' dir='ltr'>Plinii,</span> <span class='ocrx_word' id='word_1_562' title='bbox 1994 4274 2107 4323; x_wconf 68' lang='lat' dir='ltr'>que</span> <span class='ocrx_word' id='word_1_563' title='bbox 2154 4257 2366 4307; x_wconf 70' lang='lat' dir='ltr'>editioni</span> <span class='ocrx_word' id='word_1_564' title='bbox 2409 4259 2558 4308; x_wconf 86' lang='lat' dir='ltr'>Pari-</span> 
     </span>
    </p>
   </div>
  </div>
 </body>
</html>
