3060 4902
546 373 679 440 682

549 549 670 584 mox
708 534 768 583 tit
804 535 1028 585 mentio:
1065 548 1181 584 cum
1228 543 1466 600 utrmque
1507 535 1613 584 illae

546 614 688 674 leges
711 611 946 662 facerent
979 612 1044 662 ad
1080 612 1502 676 locupletandum
1529 612 1616 661 fis-

548 702 665 737 cum
704 696 758 736 et
796 689 1052 737 aerarium.
1123 689 1199 737 Ac
1222 688 1365 737 Julia
1403 687 1611 751 quidem

549 765 633 813 lex
653 765 937 827 majestatis
956 780 1019 815 eo
1039 767 1200 828 magis
1219 766 1318 815 buc
1334 764 1614 816 referenda

548 849 708 900 esset,
744 841 786 889 ai
823 856 1159 905 sequeremur
1192 843 1502 905 scripturam
1527 857 1612 891 co-

546 916 680 965 dicis
735 917 1167 980 Salisburgeusis,
1236 918 1287 966 iu
1342 933 1440 982 quo
1499 918 1612 968 haee

548 992 703 1041 verba
748 993 823 1042 ita
861 996 1056 1056 scripta
1099 994 1333 1057 legimus,
1383 993 1610 1057 Locuple-

545 1068 713 1117 sabant
735 1069 973 1134 etfiscum
1002 1076 1048 1119 et
1073 1071 1297 1119 erarium
1324 1085 1416 1119 non
1453 1070 1611 1131 magis

556 1144 791 1204 Voconia,
819 1161 955 1208 quam
973 1147 1125 1195 Jutiae
1157 1150 1299 1207 leges,
1332 1162 1471 1210 quum
1509 1163 1609 1197 ma·

535 1221 732 1282 jessous
766 1225 1024 1286 singulare,
1066 1228 1147 1288 ξε.
1216 1225 1338 1282 Sed,
1369 1226 1609 1290 quoniam

545 1301 631 1348 lex
653 1301 798 1352 Jntia
835 1302 931 1349 boc
967 1303 1083 1351 loco
1122 1301 1457 1366 conjungitur
1492 1317 1610 1352 cum

545 1377 662 1439 lege
681 1376 932 1432 Voconia.
959 1378 1075 1425 viris
1100 1376 1268 1426 doctis
1291 1378 1610 1440 probabilius

546 1453 710 1501 visum
736 1461 837 1513 est,
865 1453 947 1503 hic
984 1453 1195 1503 iudicari
1221 1455 1389 1516 legem
1412 1454 1610 1505 Juliam

545 1529 611 1579 de
635 1529 946 1580 Maritaudis
969 1530 1288 1589 Ordinibus3
1327 1544 1477 1593 quarn
1501 1530 1609 1579 Au-

545 1614 725 1671 gustus
755 1607 864 1671 jam
905 1607 965 1655 A.
998 1607 1061 1655 U.
1088 1608 1148 1656 C.
1190 1619 1497 1656 nccxxxvt.
1534 1604 1611 1655 fe-

545 1683 761 1733 rendam
808 1684 1063 1732 retulerat
1108 1682 1171 1730 ad
1213 1691 1482 1743 senatum;
1517 1684 1609 1732 sed

544 1758 751 1808 demum
789 1774 922 1808 anuo
960 1772 1221 1808 ioccnxu.
1266 1760 1501 1819 pertulit,
1538 1760 1611 1808 ita

543 1836 771 1900 quidem,
796 1844 850 1884 ut
878 1843 985 1885 tum
1012 1846 1063 1885 et
1088 1837 1354 1897 Vocouiae,
1379 1844 1431 1885 et
1448 1836 1606 1886 Jntiae

542 1912 693 1973 legis,
730 1912 1026 1975 rogationes
1065 1912 1337 1975 plerasque
1363 1912 1413 1960 in
1440 1913 1607 1975 legem

541 1988 761 2051 Papiam
783 1989 1067 2052 Poppaeam
1094 1988 1446 2050 transtulerim
1472 1988 1608 2037 uude

543 2065 755 2125 accidit,
792 2072 848 2113 ut
872 2066 1125 2121 Voconia,
1159 2070 1214 2113 et
1233 2064 1396 2126 Jutia,
1435 2073 1489 2114 et
1513 2065 1606 2114 ali·

542 2143 750 2207 quaudo
789 2143 955 2207 Papia
995 2144 1250 2206 Poppaea,
1288 2151 1376 2192 aut
1414 2144 1606 2206 passim

542 2220 942 2283 conjungantur,
973 2228 1064 2268 aut
1089 2234 1188 2268 una
1214 2234 1306 2283 pro
1329 2220 1492 2269 altera
1517 2235 1606 2270 no·

541 2299 785 2348 minetur.
856 2297 985 2359 Legi
1024 2306 1198 2346 autem
1245 2297 1426 2360 Papiae
1467 2298 1608 2358 Pop-

543 2388 671 2437 poeae
698 2388 881 2424 nomen
905 2374 1127 2423 inditum
1157 2381 1235 2423 est
1268 2390 1299 2423 a
1332 2376 1408 2424 M.
1434 2375 1605 2439 Papio

543 2448 751 2506 Mutilo,
791 2458 846 2500 et
880 2450 945 2501 Q.
977 2451 1211 2515 Poppaeo
1242 2450 1500 2507 Secundo,
1538 2450 1604 2502 Α.

540 2526 607 2577 U.
645 2529 705 2578 C.
753 2542 1009 2578 mecum.
1069 2529 1364 2578 consulibus
1418 2528 1603 2579 suffec-

542 2604 625 2653 tis.
715 2605 886 2667 Hujus
936 2605 1059 2666 legia
1120 2605 1300 2666 Papiae
1355 2605 1602 2668 Poppaeae

539 2679 657 2727 duae
683 2678 830 2727 fuere
858 2687 1033 2743 partes
1055 2698 1070 2741 ;
1095 2696 1309 2745 quarum
1332 2682 1471 2744 prior
1495 2683 1605 2744 egit

539 2758 604 2806 de
630 2759 930 2808 maritandis
962 2761 1248 2821 ordinibus,
1285 2761 1349 2811 de
1375 2762 1604 2823 praemiis

541 2835 821 2898 conjugum
859 2845 913 2884 et
940 2845 1231 2899 pareutum,
1266 2846 1321 2887 et
1359 2836 1425 2886 de
1462 2839 1604 2888 caeli·

541 2911 663 2961 bum
679 2919 835 2976 atque
853 2913 1093 2962 orborum
1117 2914 1302 2975 ρωπίας
1328 2928 1463 2969 cum,
1487 2930 1536 2963 e.
1554 2931 1602 2979 g.

538 2988 848 3050 sanciretur,
893 3003 957 3037 ue
999 2990 1210 3039 caelibes
1255 2990 1603 3041 hereditatem

538 3074 810 3130 caperent,
846 3081 944 3117 nec
974 3067 1265 3129 legatorum
1290 3075 1459 3117 esseut
1485 3083 1603 3131 par-

538 3142 743 3205 ticipes,
770 3151 857 3190 aut
885 3150 1027 3190 certe
1052 3157 1226 3190 eorum
1255 3156 1376 3205 pars
1400 3143 1605 3192 decima

537 3218 603 3266 ad
660 3220 898 3268 erarium
963 3219 1290 3279 pertineret:
1351 3220 1604 3282 posterior

537 3307 658 3356 pars
682 3295 787 3354 egit
811 3293 876 3343 de
904 3294 1050 3343 bonis
1069 3295 1299 3357 caducis,
1324 3297 1605 3359 ereptitiis,

536 3376 595 3418 et
649 3372 992 3430 vacantibus3
1050 3371 1186 3422 unde
1243 3382 1299 3422 et
1356 3374 1601 3437 Ulpiano,

538 3447 747 3509 Fragm.
781 3448 888 3496 Tit.
935 3461 1144 3499 xxvtn.
1186 3452 1213 3513 ξ
1248 3453 1298 3497 7.
1341 3449 1484 3498 dicta
1520 3458 1605 3501 est

534 3525 623 3573 lex
648 3524 789 3574 Julia
813 3525 1123 3585 caducaria3
1158 3539 1295 3587 cum,
1332 3538 1380 3573 e.
1405 3541 1456 3588 g.
1488 3541 1603 3575 sau-

531 3602 699 3651 citum
734 3609 890 3655 esset,
925 3610 998 3661 ut,
1033 3601 1074 3648 si
1111 3601 1403 3664 quicunque
1443 3601 1602 3651 homi·

538 3692 658 3726 num
692 3677 862 3733 lieres,
897 3677 1266 3740 legatariusve,
1300 3678 1414 3726 vivo
1442 3687 1602 3729 testa·

536 3761 671 3814 tore,
697 3760 813 3816 post
837 3759 1208 3801 testamentum
1227 3753 1491 3803 conditum
1510 3755 1602 3804 de-

532 3829 773 3893 cederet,
816 3829 1053 3878 relictum
1095 3829 1145 3877 in
1191 3844 1370 3878 caussa
1416 3830 1600 3881 caduci

534 3916 692 3967 esset,
737 3913 794 3955 et
831 3905 976 3966 fisco,
1020 3905 1099 3954 vel
1146 3906 1386 3968 principi,
1432 3906 1601 3956 defer-

530 3988 721 4043 retur3
777 3983 920 4038 item,
981 3983 1022 4029 si
1071 3983 1260 4045 caelibi,
1316 3984 1398 4032 vel
1448 3983 1599 4033 alteri

528 4059 700 4109 cuivis
724 4058 975 4122 incapaci,
1011 4059 1146 4122 plus,
1173 4074 1325 4121 quam
1351 4074 1417 4109 ex
1442 4060 1512 4110 Η.
1539 4062 1599 4111 L.

536 4138 742 4192 liceret,
786 4136 1020 4185 relictum
1058 4144 1217 4192 esset,
1256 4135 1306 4184 id
1349 4145 1599 4201 tanquam

533 4213 784 4261 caducum
820 4212 947 4262 fisco
983 4212 1368 4274 vindicat-etun
1404 4221 1459 4263 et
1482 4229 1598 4278 quae

528 4289 709 4354 pluras
728 4289 877 4355 liujus
898 4289 1104 4355 generis
1118 4287 1268 4341 fuere
1284 4293 1598 4343 sanctiones.

1244 389 1462 439 NOTAE
1511 388 1920 439 vAtuoRuu
1968 390 2049 439 IN

1690 534 1848 584 Prior
1869 533 1999 583 adeo
2022 547 2143 597 pars
2178 534 2329 599 hujus
2364 535 2496 600 legis
2523 538 2754 599 pertine·

1689 611 1778 660 bat
1804 611 1866 660 ad
1894 611 2309 674 amplificandum
2351 613 2541 663 civium
2577 629 2752 664 nume·

1691 702 1837 748 rum3
1892 689 2151 750 posterior
2205 688 2269 737 ad
2327 691 2465 738 lucra
2510 690 2751 754 quaedam

1688 764 1905 828 privatis
1944 765 2312 828 praeripienda,
2357 767 2752 831 augendumque

1689 841 1945 890 oerarium.
2025 842 2176 890 Unde
2221 843 2389 892 Tacit.
2425 843 2616 893 Annal.
2662 858 2750 893 ιιι.

1685 922 1767 968 27.
1799 920 1815 947 ‘
1840 920 2059 982 Papiam
2085 919 2411 983 Poppaeam,’
2433 921 2618 984 inquit,
2639 922 2654 947 ⁸
2671 936 2752 971 se-

1685 996 1798 1044 nior
1848 996 2136 1058 Augustus,
2184 1004 2303 1059 post
2344 997 2514 1048 Julias
2560 999 2750 1061 rogati·

1685 1086 1827 1127 oues,
1865 1073 2143 1121 incitandis
2178 1071 2414 1122 caelibum
2443 1074 2626 1138 penis,
2662 1089 2749 1122 au·

1685 1148 1851 1211 gendo
1898 1150 2100 1203 aerario,
2145 1149 2428 1199 κηποι-ιι)
2514 1150 2596 1199 De
2649 1151 2747 1200 hac

1682 1227 1799 1289 lege
1831 1226 1978 1277 Julia
2001 1235 2056 1276 et
2081 1227 2248 1289 Papia
2276 1227 2513 1290 Poppaea
2535 1228 2747 1290 diligen-

1686 1303 1881 1352 tissima
1901 1310 2279 1353 commentatus
2304 1312 2383 1353 est
2413 1304 2747 1361 Heiueccius,

1683 1379 1762 1428 vir
1785 1379 1852 1429 de
1876 1380 2177 1430 humaniore
2200 1380 2621 1445 jurisprudentia
2642 1397 2748 1432 me·

1684 1456 1977 1505 ritissimus.
2010 1457 2250 1507 &lucar-z.

1748 1533 1902 1581 Julioe
1941 1533 2090 1597 leges]
2139 1535 2320 1584 Multa
2364 1541 2485 1582 suut
2531 1533 2597 1583 ab
2641 1534 2748 1583 Au·

1685 1613 1853 1670 gusto,
1880 1609 1977 1658 lioc
2002 1610 2206 1659 nomine
2229 1626 2243 1670 ;
2280 1609 2371 1659 sed
2397 1624 2535 1659 nuuc
2557 1611 2747 1662 Juliam

1685 1684 1749 1731 de
1766 1684 2075 1733 Maritandis
2096 1685 2405 1747 Ordinibus,
2431 1701 2548 1751 quae
2566 1688 2747 1751 Papiae

1677 1760 1828 1823 jungi
1866 1771 1955 1811 aut
1992 1778 2106 1811 cum
2142 1778 2205 1812 ea
2239 1764 2444 1813 misceri
2482 1765 2636 1826 solet,
2669 1766 2748 1828 ip·

1683 1852 1867 1901 sasque
1907 1838 2099 1901 Papias
2134 1840 2379 1902 intelligi,
2416 1842 2612 1890 clarum
2653 1848 2749 1890 est.

1687 1913 1822 1963 Nam
1867 1915 1958 1963 bas
1999 1913 2291 1978 Augustus,
2331 1924 2390 1964 ut
2425 1917 2636 1966 Tacitus
2675 1917 2747 1966 lo·

1682 1990 1877 2052 quitur,
1926 1998 1941 2020 ‘
1966 1991 2148 2040 aerario
2189 1991 2428 2053 augendo
2465 1992 2750 2055 sanxerat,'

1682 2066 1747 2115 ob
1775 2066 2081 2127 multiplices
2106 2067 2174 2116 ibi
2208 2068 2447 2116 mulctas.
2478 2067 2612 2130 Lips.

1747 2142 2023 2203 Mnjestatis
2058 2142 2303 2203 singulare
2338 2148 2386 2192 et
2420 2145 2610 2191 unicum
2644 2145 2744 2192 cri·

1681 2216 1812 2279 men]
1846 2218 2060 2267 Sueten.
2099 2220 2214 2277 lege
2255 2219 2382 2268 Ner.
2417 2233 2534 2282 cap.
2568 2223 2654 2269 32.
2690 2226 2745 2270 et

1681 2294 1873 2343 Doutit.
1899 2309 2013 2358 cap.
2038 2299 2119 2344 12.
2155 2295 2323 2344 Licin.

1753 2371 1956 2421 Unicum
1990 2372 2194 2435 crimen]
2231 2373 2294 2422 Iu
2336 2373 2517 2422 Tacito
2558 2373 2743 2437 passim

1679 2447 1922 2513 docetur,
1960 2449 2068 2507 ubi,
2110 2449 2291 2515 quibus
2315 2449 2440 2499 nibil
2463 2449 2625 2514 objici
2652 2466 2741 2514 po·

1680 2530 1803 2585 test,
1845 2526 2138 2589 majestatis
2180 2527 2374 2575 crimen
2417 2527 2745 2590 impingitur.

1681 2601 1824 2650 Nero
1863 2603 2018 2650 etiam
2059 2603 2261 2658 statuit,
2297 2602 2310 2629 ‘
2336 2609 2393 2651 ut
2418 2603 2532 2666 lege
2559 2603 2746 2667 majes-

1680 2679 1825 2738 tatis,
1864 2679 2029 2726 omula
2062 2677 2207 2728 dicta
2249 2677 2513 2743 factaque,
2553 2681 2741 2746 quibus

1677 2753 1831 2802 modo
1866 2753 2070 2803 delator
2106 2769 2208 2804 non
2244 2754 2468 2812 deesset,
2508 2764 2747 2808 teneren-

1680 2829 1799 2879 tur.'
1834 2830 1985 2880 Suet.
2008 2830 2137 2879 Ner.
2169 2832 2304 2895 Lips.

1751 2907 1952 2956 Unicum
1986 2905 2189 2969 crimen]
2224 2909 2392 2957 Tacit.
2428 2909 2618 2959 Annal.
2654 2924 2742 2961 ιιι.

1677 2988 1760 3033 47.
1796 2988 1812 3012 ‘
1837 2985 2136 3048 Majestatis
2167 2988 2363 3037 crimen
2400 2991 2626 3039 omnium
2662 3005 2746 3040 ac·

1678 3061 2005 3110 cusatiouum
2050 3064 2522 3125 complementum.'
2612 3067 2741 3115 Vide

1678 3150 1838 3198 supra
1877 3150 1939 3185 ιι.
1978 3142 2023 3186 l.
2088 3138 2301 3188 Dictum
2342 3140 2477 3195 cuitu
2527 3140 2743 3203 quodvis

1679 3212 2150 3263 innocentissimum
2175 3215 2238 3264 ad
2268 3225 2427 3279 caput
2450 3217 2654 3281 aliquod
2681 3219 2744 3267 de

1681 3290 1951 3350 majestate
1993 3304 2023 3339 a
2067 3289 2386 3341 delatoribus
2437 3294 2742 3361 plerumque

1680 3364 2009 3428 flectebatur,
2037 3368 2170 3432 quod
2196 3370 2349 3419 letale
2372 3377 2485 3419 erat
2510 3385 2632 3420 reo:
2669 3375 2746 3422 uti

1680 3444 1845 3493 insani
1870 3460 2071 3509 quoque
2097 3447 2324 3506 recutiti,
2354 3455 2552 3509 pra’ter
2573 3449 2744 3500 inteu-

1679 3536 1788 3571 sum
1810 3523 2098 3586 iinajestatis
2114 3525 2329 3579 crimen.
2351 3523 2551 3575 dictum
2568 3527 2746 3578 Chris·

1679 3598 1739 3661 ti,
1780 3614 1879 3663 quo
1908 3614 1964 3649 se
1992 3600 2088 3649 Dei
2112 3599 2269 3649 filium
2295 3616 2359 3650 ex
2385 3602 2645 3664 pontificis
2670 3605 2745 3655 iu·

1681 3677 2032 3736 terrogatioue
2062 3677 2333 3726 asserebat
2367 3678 2563 3730 Mattb.
2588 3693 2744 3731 xxvi.

1676 3756 1759 3801 63.
1797 3750 1861 3800 ad
1899 3758 2059 3816 caput
2100 3753 2305 3817 aliquod
2351 3754 2482 3817 legis
2525 3758 2745 3820 arripie-

1681 3829 1824 3890 bant,
1865 3829 1988 3880 Joh.
2032 3843 2155 3879 xix.
2197 3835 2248 3879 7.
2296 3829 2446 3893 ἡμεῖς,
2489 3833 2743 3898 inquiunt,

1676 3906 1821 3969 νόμον
1855 3907 2033 3970 ἔχομεν
2062 3910 2252 3973 (legem
2289 3919 2463 3961 autem
2505 3912 2572 3962 de
2609 3914 2744 3964 blas-

1676 3985 1883 4048 phemia
1938 3985 2319 4048 intelligebant,
2370 3988 2540 4039 Levit.
2584 4003 2746 4042 xxxv.

1677 4061 1785 4122 16.)
1827 4061 1964 4126 quod
2006 4062 2145 4124 apud
2191 4063 2488 4127 imperitum
2529 4069 2743 4133 amplia·

1677 4133 1806 4186 baut
1863 4136 2099 4199 perversi
2150 4147 2309 4202 atque
2365 4140 2744 4207 extendebant,

1675 4212 2164 4277 interpretationem
2200 4214 2267 4264 de
2297 4231 2391 4266 sno
2425 4229 2743 4284 promentes,

1673 4290 1787 4342 scil.
1841 4287 1968 4342 κατὰ
2013 4290 2190 4343 τοῦτον
2235 4292 2325 4342 τὸν
2371 4293 2518 4355 νόμον
2560 4295 2742 4360 ὀφείλει
