3060 4902
520 388 653 457 882

520 549 699 599 Divin.
734 562 770 597 1.
806 551 888 596 28.
926 545 942 573 ‘
968 546 1097 596 Cum
1134 549 1190 593 tu
1227 556 1365 607 equo
1404 542 1589 592 advec-

523 636 607 679 tus
642 626 707 676 ad
751 624 1010 690 quandam
1050 622 1222 685 magni
1260 620 1486 670 fluminis
1527 618 1592 667 ri-

524 718 644 766 pam
680 710 960 767 provectus
994 700 1187 758 subito,
1224 704 1379 761 atque
1414 697 1593 757 delap-

523 797 610 831 sus
636 782 686 830 in
711 779 1042 839 flumen,non
1064 774 1432 838 apparuisses.'
1473 774 1594 821 Vir·

526 858 612 921 gii.
649 859 767 908 AEn.
808 871 874 905 ιι.
908 860 1023 904 506.
1081 862 1095 883 ⁴
1122 853 1462 901 Provehimur
1506 865 1595 915 pe·

523 935 659 997 logo,
679 935 845 983 vicina
864 932 1122 983 Ceraunia
1139 930 1329 994 juxta.'
1372 928 1595 985 Deinde,

527 1011 663 1076 quod
685 1012 837 1074 vulgo
853 1017 1078 1066 constat,
1095 1022 1187 1069 per
1206 1006 1595 1054 translationem

528 1088 684 1136 etiam
711 1095 724 1115 ‘
749 1087 813 1134 ad
844 1085 1065 1134 honores
1089 1085 1301 1146 provehi
1320 1082 1333 1103 '
1356 1082 1595 1131 dicimur.

527 1166 693 1214 Tacit.
723 1162 910 1211 Annai.
932 1175 1060 1210 xm.
1081 1164 1161 1208 20.
1197 1161 1211 1184 ‘
1231 1158 1484 1206 Burrhum
1503 1158 1596 1204 eti-

531 1258 612 1293 am
649 1242 926 1290 demovere
953 1235 1268 1301 praesectnra
1291 1235 1597 1295 destinarat,

533 1328 773 1382 tanquam
821 1314 1126 1379 Agrippinae
1165 1312 1330 1375 gratia
1380 1324 1598 1374 provec-

534 1391 677 1443 tum.’
722 1392 845 1456 Ipse
866 1399 1038 1439 autem
1059 1388 1261 1437 Plinius
1279 1390 1445 1436 iocum
1466 1385 1603 1433 hunc

533 1470 683 1526 infra,
712 1471 762 1518 in
799 1467 901 1517 fine
940 1466 1273 1530 panegyrici,
1303 1465 1498 1528 optime
1535 1462 1601 1510 ad

533 1564 589 1599 se
614 1549 780 1610 ipsum
801 1545 1065 1609 applicat:
1100 1545 1115 1571 ‘
1133 1543 1186 1592 Si
1208 1557 1357 1592 cursu
1380 1540 1601 1605 quodam

535 1632 815 1689 provectus
847 1622 911 1670 ab
938 1621 1023 1669 iiio
1050 1618 1438 1667 insidiosissime>
1463 1617 1602 1679 prin·

536 1702 675 1764 cipe,
695 1694 1068 1763 (Domitiano‚)
1092 1702 1370 1757 autequam
1396 1690 1603 1756 profite-

536 1786 682 1826 retur
702 1774 874 1823 odium
900 1773 1169 1824 bonorum,
1190 1778 1461 1832 postquam
1488 1782 1605 1831 pro·

535 1852 702 1902 fessus
726 1847 1097 1908 est,.substiti‚’
1119 1851 1218 1894 ἃς.
1256 1846 1500 1894 Schwarz.

603 1926 893 1989 Improvisus
920 1923 1056 1971 turbo
1083 1921 1373 1984 perculerat]
1411 1920 1607 1968 Puteo-

537 2003 708 2062 lanus,
734 1999 1042 2053 Beroaldus,
1067 2008 1121 2046 et
1160 1998 1501 2051 Phiiontnsus,
1530 1996 1607 2043 nti

539 2078 665 2135 dixi,
686 2080 875 2127 omisso
896 2076 1174 2140 participio
1191 2078 1451 2137 provectos,
1467 2074 1608 2121 evul-

541 2164 747 2218 garunt,
763 2153 1042 2217 improvisos
1059 2151 1195 2201 turbo
1215 2152 1496 2214 perculerat.
1541 2150 1610 2197 Et

542 2245 835 2295 quanquam
863 2231 1137 2278 Rhenanus
1167 2226 1447 2275 adsciverit
1472 2224 1608 2274 istud

544 2309 894 2373 participium,
909 2306 1231 2355 nihilominus
1247 2311 1439 2363 tamen,
1458 2303 1613 2350 inter·

545 2388 718 2450 posito
737 2384 942 2448 quidem
959 2389 1236 2442 commate,
1251 2381 1466 2429 eandem
1484 2381 1613 2428 itatic

542 2467 826 2516 lectionem
879 2461 1141 2525 procudit.
1232 2458 1333 2508 Sed
1387 2473 1490 2517 res,
1529 2457 1614 2505 vel

546 2554 789 2603 persona,
821 2552 938 2599 qum
972 2551 1037 2583 ex
1076 2535 1344 2596 inopinato
1377 2542 1431 2582 et
1469 2533 1616 2581 dere·

547 2623 707 2679 pente
742 2613 952 2672 accidit,
984 2612 1090 2658 sive
1125 2611 1450 2671 supervenit,
1485 2615 1498 2636 ⁸
1524 2608 1616 2656 im·

544 2688 783 2754 provisa’
806 2687 1011 2751 quidem
1036 2686 1246 2746 dicitur,
1265 2699 1365 2733 non
1388 2698 1509 2733 vero
1527 2685 1615 2733 ho-

546 2769 732 2821 mines,
768 2765 955 2829 quibus
997 2763 1114 2812 talis
1152 2777 1231 2811 res
1271 2772 1354 2809 aut
1397 2777 1619 2825 persona

549 2841 763 2902 accidit,
783 2839 887 2889 dici
912 2839 1079 2887 solent
1105 2840 1119 2866 ⁶
1149 2840 1412 2900 improvisi
1433 2839 1464 2898 ;'
1498 2839 1549 2885 h.
1571 2854 1619 2888 e.

548 2927 562 2949 ⁸
590 2916 931 2983 improvisus'
961 2931 1060 2966 non
1096 2917 1263 2965 active
1295 2924 1347 2963 et
1374 2917 1619 2964 neutrali-

550 3003 632 3046 ter
679 2997 898 3046 sumitur
944 3009 1039 3058 pro
1081 2993 1388 3056 improvido,
1427 2994 1619 3057 impru-

552 3073 732 3127 dente,
764 3071 986 3126 incauto,
1021 3070 1345 3133 inopinante,
1370 3084 1466 3117 non
1503 3083 1620 3131 spe-

553 3158 731 3209 rante;
766 3148 855 3198 sed
884 3148 1086 3211 passive
1111 3146 1316 3200 dicitur,
1336 3145 1482 3208 quasi
1518 3158 1619 3192 non

553 3233 882 3290 expectatus,
906 3238 1006 3272 non
1032 3231 1293 3286 speratus,
1318 3236 1417 3270 nou
1446 3221 1622 3285 provi-

553 3317 674 3363 sus3
711 3315 1007 3366 quanquam
1043 3300 1225 3348 similis
1249 3299 1469 3347 mutatio
1496 3299 1624 3346 aiios

552 3379 710 3428 etiam
735 3385 976 3426 auctores
998 3373 1198 3425 infecit.
1258 3376 1345 3425 Sic
1362 3374 1500 3438 apud
1519 3375 1624 3422 Ve-

556 3463 667 3516 get.
694 3453 759 3501 de
787 3455 862 3501 Re
888 3452 1003 3501 Mil.
1023 3466 1110 3501 nt.
1131 3456 1212 3500 2⁰.
1245 3451 1480 3514 legimns,
1514 3454 1529 3478 ⁸
1550 3450 1625 3499 Ut

556 3544 622 3577 cx
659 3539 879 3592 utroque
913 3542 1075 3577 cornu
1113 3528 1418 3591 improvisos
1453 3528 1626 3576 hostes

557 3612 734 3653 vertas
769 3605 819 3652 in
846 3602 1017 3664 fugam
1037 3602 1071 3662 ;’
1109 3604 1197 3653 ubi
1223 3603 1415 3652 rectius
1441 3604 1625 3653 rescri-

555 3680 779 3731 bendum
805 3680 1106 3742 improvisus,
1143 3679 1380 3743 quamvis
1418 3694 1514 3728 nec
1541 3693 1627 3729 ve·

559 3766 725 3809 tustu‘s
763 3756 931 3807 codex
973 3770 1119 3804 meus
1166 3755 1375 3817 vegetii
1424 3756 1489 3804 ab
1527 3756 1628 3806 ista

559 3835 761 3884 macula
781 3834 847 3882 sit
863 3832 1121 3881 immunis.
1177 3830 1332 3893 Item,
1348 3832 1485 3894 apud
1509 3834 1627 3881 Vic-

559 3919 664 3962 tor.
689 3912 755 3961 de
781 3910 923 3959 Viris
951 3909 1151 3959 Illustr.
1169 3911 1316 3958 (·.23.
1351 3916 1365 3938 ·
1383 3910 1484 3960 Qui
1504 3909 1629 3975 (Ca-

558 3988 756 4050 millus)
778 3987 961 4036 absens
983 3985 1208 4034 dictator
1233 3987 1421 4048 dictus,
1440 3987 1630 4036 coiiec·

561 4065 628 4113 tis
662 4064 912 4130 reliqniis,
935 4062 1115 4112 Gallos
1141 4063 1444 4124 improvisos
1470 4063 1630 4110 inter·

560 4144 781 4191 necione
803 4139 994 4191 occidit
1015 4138 1047 4200 ;'
1084 4138 1169 4187 ubi
1197 4139 1374 4187 itidem
1398 4152 1489 4203 pro
1506 4152 1628 4187 casu

562 4227 750 4281 quarto
784 4218 996 4282 pluralis
1031 4215 1228 4266 numeri
1264 4216 1449 4266 meiius
1476 4228 1630 4278 repo·

563 4295 707 4345 nitur
740 4309 889 4346 casus
934 4295 1129 4359 primus
1170 4293 1368 4343 numeri
1405 4292 1632 4356 singula·

1217 398 1436 450 1101·AE
1492 395 1895 445 vammum
1943 393 2026 442 IN

1668 540 1755 595 ris,
1788 538 2101 603 improvisu,-
2143 541 2297 601 prout
2318 529 2520 588 sustin.
2544 543 2647 584 vn.
2680 535 2733 583 θ.

1668 616 1937 680 loquitur:
2007 615 2022 643 ‘
2056 613 2371 663 Thessaliam
2427 610 2733 673 improvisus

1668 690 1976 755 expugnat-⁹
2040 690 2257 740 Curtius
2294 701 2372 738 vt.
2405 692 2456 737 6.
2496 688 2512 716 ⁸
2535 687 2735 750 Impro-

1670 771 1810 819 visus
1837 769 1970 817 hosti
1995 764 2334 832 supervenit?
2398 765 2489 814 Sic
2510 767 2527 792 ⁸
2550 766 2732 826 impro-

1671 846 1806 894 visus
1844 844 2027 894 turbo'
2063 843 2255 892 dicitur
2286 841 2563 905 repentina
2585 849 2641 889 et
2662 841 2733 887 in·

1670 923 1881 984 opinata
1926 928 2239 984 tempestas3
2290 918 2325 965 i.
2364 931 2412 966 e.
2453 918 2734 966 calamitas.

1671 998 1827 1060 Apud
1862 998 2030 1046 Tacit.
2068 997 2253 1044 Annai.
2289 1008 2367 1043 xv.
2392 998 2475 1044 62.
2511 995 2527 1023 ⁸
2553 993 2735 1056 Ingen-

1674 1074 1799 1122 tium
1824 1073 2073 1121 beiiornm
2091 1071 2292 1120 cladem
2309 1070 2536 1133 aquavit
2555 1071 2736 1118 rnatum

1674 1147 2045 1212 improvisum?
2111 1148 2173 1197 In
2203 1148 2338 1196 libro
2367 1148 2619 1195 Vossiano
2648 1159 2739 1209 pro

1671 1229 1955 1289 perculerat,
1978 1233 2231 1274 annotata
2261 1232 2343 1273 est
2370 1222 2546 1272 insulsi
2570 1223 2740 1285 cujus·

1675 1303 1791 1351 dam
1810 1301 2004 1350 librarii
2022 1300 2280 1364 scriptura
2293 1300 2580 1363 preater-at.
2613 1299 2741 1349 Qua

1677 1380 1937 1440 scriptura
1952 1378 2118 1441 petits
2136 1376 2343 1425 videtur
2359 1390 2426 1423 ex
2444 1375 2627 1424 codice
2642 1374 2740 1423 Pa·

1681 1456 1885 1515 tavin03
1923 1453 1975 1501 in
2012 1467 2114 1517 quo
2153 1458 2321 1500 tamen
2356 1453 2423 1499 ab
2453 1450 2558 1499 alia
2590 1464 2742 1498 manu

1677 1545 1832 1594 supra
1854 1530 2105 1595 scriptum
2130 1536 2209 1578 est
2233 1530 2521 1592 perculerat.
2593 1528 2743 1576 Pror-

1680 1623 1766 1656 sus
1789 1622 1910 1656 vero
1931 1608 1978 1654 in
1998 1609 2130 1655 itanc
2148 1606 2459 1654 sententiam
2478 1603 2617 1651 dixit
2633 1602 2746 1651 Cic.

1681 1698 1774 1748 pro
1807 1684 2008 1744 Sextio,
2033 1696 2081 1730 c.
2104 1687 2189 1731 67.
2222 1688 2236 1710 ·
2257 1680 2375 1730 Alia
2408 1678 2643 1744 qna-dam
2676 1679 2750 1727 ci·

1683 1775 1795 1808 vent
1827 1759 2092 1822 egregium
2124 1757 2287 1822 iniqui
2309 1756 2497 1820 judicii
2522 1756 2750 1819 procella

1683 1838 1973 1901 pervertit;
2019 1836 2182 1885 ceteri
2225 1848 2349 1882 vero
2386 1832 2659 1897 repentina
2695 1833 2748 1879 vi

1684 1915 1906 1980 perculsi
1931 1929 1991 1964 ac
2021 1918 2350 1976 tempestate,
2374 1924 2472 1974 per
2502 1908 2751 1972 populum

1687 2003 1854 2041 tamen
1885 1993 2051 2055 ipsum
2080 1990 2299 2039 recreati
2331 1994 2454 2038 suut
2484 1993 2640 2051 atque
2671 1998 2753 2034 re·

1686 2068 1896 2118 vocati.’
1963 2070 2031 2118 Et
2068 2081 2159 2132 pro
2194 2066 2379 2126 centio,
2405 2080 2454 2113 c.
2478 2067 2562 2113 ⁸2.
2594 2065 2614 2091 ⁴
2642 2063 2753 2112 No·

1687 2147 1778 2195 lite
1802 2147 1938 2194 huttc
1965 2154 2208 2209 tanquam
2230 2143 2437 2192 turbine
2452 2140 2646 2205 atiquo,
2662 2145 2756 2188 aut

1686 2224 1856 2273 subita
1873 2229 2206 2285 tempestate,
2222 2222 2562 2282 pervertere-¹
2583 2217 2757 2266 Tacit.

1691 2301 1878 2350 Annal.
1904 2313 1978 2349 tv.
1997 2303 2081 2349 63.
2118 2299 2133 2325 ‘
2156 2299 2342 2362 Neque
2368 2295 2491 2345 dum
2517 2307 2756 2357 comper-

1691 2385 1763 2433 to,
1789 2391 1913 2440 quos
1947 2377 2038 2423 itia
2059 2375 2133 2423 vis
2162 2372 2485 2436 perculisset,
2511 2371 2669 2422 latior
2691 2383 2758 2420 ex

1690 2454 1893 2502 incerto
1918 2449 2117 2500 metus?
2150 2449 2298 2499 Idem·

1757 2530 1896 2585 Quod
1927 2529 2074 2592 enim]
2115 2527 2221 2575 Pro
2247 2526 2389 2589 quod,
2409 2523 2624 2573 edidere
2646 2524 2761 2587 qaid

1695 2608 2031 2666 Puteolanus,
2094 2601 2402 2663 Beroaldus,
2460 2602 2759 2662 catanens,

1693 2681 1878 2742 Aldus,
1913 2681 2272 2744 cuspinianus,
2307 2678 2663 2741 Philomnsus,
2697 2679 2758 2726 R.

1695 2757 2003 2819 Stephanus,
2026 2755 2291 2818 Gryphins
2329 2767 2412 2803 an.
2437 2756 2588 2802 1581.
2656 2752 2755 2803 Na·

1696 2833 1825 2890 vius,
1862 2830 2156 2880 sichardus.
2231 2829 2334 2879 Sed
2375 2827 2760 2893 preferendum

1696 2916 1777 2958 est
1810 2910 1963 2972 quotu
1996 2907 2077 2957 cui
2112 2908 2257 2955 locus
2279 2912 2362 2954 est
2388 2906 2442 2954 in
2477 2906 2677 2955 ceteris
2707 2906 2764 2954 ii·

1698 2986 1803 3036 bris
1827 3001 1981 3035 mann
2004 2984 2242 3049 typisque
2260 2984 2562 3046 exscriptis.
2592 2984 2745 3034 Idea·-

1765 3065 1921 3112 Tonta
1941 3060 2138 3124 levitas]
2161 3062 2268 3110 Pro
2291 3073 2419 3109 voce
2443 3060 2639 3115 Ιεοᾶευ.
2663 3075 2764 3110 noa

1699 3140 1862 3189 solum
1899 3138 2131 3187 codicem
2160 3136 2469 3185 Vaticanum
2501 3139 2655 3186 ⁸⁸61.
2675 3135 2764 3187 sed

1699 3218 1856 3266 etiam
1893 3214 2150 3263 editiones
2177 3212 2430 3271 catana-i,
2465 3211 2611 3275 Aldi,
2646 3213 2772 3263 Phi·

1702 3294 1903 3354 lomusi,
1940 3292 2117 3357 Navii,
2157 3290 2378 3356 Grypiiii
2415 3305 2500 3341 an.
2525 3295 2676 3341 1⁵42.
2712 3298 2768 3341 et

1701 3373 1839 3424 sorte
1874 3372 2089 3421 aliorum
2125 3370 2401 3432 occupavit
2437 3370 2648 3427 haitan
2684 3383 2770 3418 ve·

1704 3464 1815 3499 rum
1846 3454 2062 3511 praestat
2090 3445 2252 3495 lectio
2288 3445 2561 3506 vulgatior,
2593 3458 2769 3510 quarn·

1704 3528 1781 3576 vis
1813 3525 1987 3575 lenitus
2009 3537 2037 3571 a
2063 3524 2313 3573 Catanaeo
2350 3534 2446 3584 per
2480 3523 2772 3570 simulatio-

1703 3618 1821 3653 nem
1877 3599 2105 3651 ienitatis
2166 3599 2484 3662 explicetur.
2578 3599 2773 3663 Magna

1700 3680 1837 3729 enim
1880 3678 2059 3740 ntique
2097 3683 2180 3724 est
2209 3675 2393 3724 levitas
2424 3674 2585 3724 animi
2609 3684 2665 3724 et
2698 3677 2772 3724 in·

1702 3755 1996 3807 constantia
2018 3766 2193 3802 eornm
2218 3752 2531 3816 principum,
2556 3767 2769 3818 qnorum

1703 3832 1855 3882 favor
1876 3841 1929 3880 et
1955 3828 2221 3879 blanditias
2254 3827 2425 3876 subito
2456 3828 2508 3876 in
2550 3829 2681 3878 iram
2717 3837 2770 3878 et

1705 3908 1959 3957 saevitiem
1991 3911 2391 3955 commutantur.
2426 3904 2582 3954 Idem.

1774 3985 1989 4033 Facilius
2008 3982 2155 4045 esset]
2186 3981 2445 4029 Constans
2464 3979 2586 4030 hec
2600 3980 2773 4037 tectio,

1707 4076 1877 4126 neque
1914 4059 2070 4109 facile
2113 4056 2456 4116 solicitanda3
2491 4054 2773 4105 solicitavit

1707 4147 1885 4187 tamen
1901 4151 2012 4185 eam
2038 4133 2262 4197 Lipsius,
2280 4131 2545 4194 opinatus,
2568 4138 2776 4180 senten·

1708 4215 1832 4264 tiam
1871 4214 1989 4263 inde
2035 4208 2180 4260 reddi
2218 4208 2488 4271 frigidam,
2528 4209 2626 4258 nisi
2669 4208 2773 4258 ani·

1708 4297 1896 4346 metor,
1918 4288 1960 4338 si
1978 4289 2119 4350 tegas
2131 4284 2346 4344 felicius.
2391 4282 2583 4350 Neque
2603 4291 2771 4334 tanes
