3060 4902
830 329 895 374 C.
941 325 1185 374 Palm!
1238 325 1569 396 SECUNDI
1627 325 1896 375 PANssG.
1976 328 2020 373 Ι.

383 471 550 521 multa
596 471 834 534 querenti
874 470 1162 534 Amplexus
1206 477 1258 520 et
1297 484 1447 535 opem

383 547 551 598 tulit!
620 548 733 596 Liv.
760 562 797 596 ι.
821 551 901 596 56.
936 554 950 576 ⁴
976 548 1076 598 Qui
1101 553 1319 596 vestrum
1344 548 1447 611 pri-

380 638 518 680 mus,
554 623 845 686 ojuvenes.
869 623 1098 672 osculum
1134 623 1286 672 matri
1315 624 1448 674 tule-

380 700 488 750 rit-⁹
529 701 797 749 Assentior
821 707 994 749 tamen
1018 700 1322 761 Arntzeuio,
1341 708 1445 750 tra·

376 777 554 839 denti,
585 777 855 841 probabile
880 792 1011 833 esse.
1046 778 1085 826 si
1111 778 1316 826 Plinius
1344 793 1444 827 am·

372 855 546 917 plexus
569 854 620 902 iu
644 868 857 903 numero
882 853 1226 903 multitudiuis
1259 868 1443 918 posue·

376 930 467 985 rit.
483 944 599 979 eum
617 931 771 980 etiam
792 944 895 980 non
915 932 1143 989 osculum,
1159 929 1250 978 sed
1269 934 1441 988 oscula,

374 1005 637 1055 dicturum
661 1004 839 1055 fnisse.
876 1008 1013 1055 Puto
1040 1009 1214 1070 igitur.
1237 1011 1444 1060 osculum

373 1085 620 1145 amplexus
657 1083 740 1132 hic
762 1082 866 1132 dici
899 1085 1122 1139 osculum,
1149 1085 1283 1147 quod
1326 1087 1440 1136 loco

375 1160 667 1223 amplexus,
691 1174 783 1208 sen
820 1161 1011 1224 potius,
1037 1162 1171 1224 qttod
1196 1163 1440 1226 conjunc·

366 1237 466 1285 tim
492 1251 608 1286 cum
634 1237 893 1300 amplexu,
911 1237 1081 1287 datur.
1116 1239 1302 1302 Neque
1326 1255 1440 1292 raro

370 1311 514 1362 inter
551 1314 699 1376 signa
738 1315 925 1362 amoris
959 1322 1014 1363 et
1048 1315 1305 1374 amicitiae,
1338 1333 1437 1367 am·

363 1390 1435 1456 plexusetosculacommemorantnr‚quam·

369 1464 447 1512 vis
471 1464 718 1514 distincte
739 1472 793 1514 et
819 1480 1046 1515 seorsum
1066 1465 1330 1530 designari
1355 1485 1434 1519 so·

367 1540 551 1601 leant;
590 1556 639 1588 v.
663 1556 713 1604 g.
745 1542 903 1590 Ovid.
927 1543 1058 1591 Met.
1086 1557 1166 1592 rx.
1192 1549 1308 1593 559.
1327 1547 1342 1573 ‘
1364 1547 1433 1596 Et

367 1618 550 1668 damus
577 1620 861 1682 amplexus,
884 1627 937 1668 et
965 1620 1229 1683 jungimus
1256 1623 1432 1672 oscula

366 1695 582 1744 coram!
615 1697 829 1745 Sueton-
848 1697 1059 1745 Othone
1078 1711 1194 1760 cap.
1212 1702 1292 1746 to.
1315 1700 1330 1725 ‘
1346 1699 1430 1749 Ab

366 1774 613 1836 amplexu
630 1781 682 1822 et
700 1776 874 1823 osculo
896 1789 988 1823 suo
1004 1774 1197 1824 dimisit
1218 1776 1431 1825 omnes-³

364 1850 505 1898 Vide
535 1864 707 1914 supra,
732 1850 795 1898 ad
833 1866 951 1914 pag.
976 1855 1090 1900 530.
1182 1852 1428 1916 Inprimis

361 1940 419 1973 se
444 1925 664 1976 invicem
692 1927 1143 1989 amplectebantur
1161 1937 1213 1977 et
1231 1931 1428 1978 oscula·

362 2001 557 2050 bantur
580 2011 826 2066 amantes,
847 2012 900 2053 et
935 2004 1106 2066 amici,
1145 2005 1186 2053 si
1226 2005 1425 2055 disces·

360 2079 491 2135 suri,
532 2093 850 2143 peregre-que
890 2080 1098 2142 abituri,
1129 2082 1244 2129 vale
1279 2081 1422 2130 dice-

359 2163 503 2215 rent,
527 2162 680 2219 atque
707 2155 815 2216 ubi,
839 2156 881 2204 si
904 2156 1221 2219 navigaturis
1241 2158 1424 2220 guber·

355 2238 509 2281 nator
526 2233 727 2295 signum
753 2232 929 2291 dabat,
941 2233 1048 2294 jam
1074 2231 1420 2282 distraheren-

353 2314 462 2365 tur,
525 2315 1017 2372 separarenturque.
1107 2310 1312 2359 Statius
1368 2311 1419 2361 in

355 2384 715 2447 Propemtico,
741 2385 865 2434 Silv.
891 2397 976 2434 m.
993 2389 1139 2435 254.
1160 2389 1174 2413 ‘
1192 2386 1418 2450 Jamque

352 2468 519 2510 ratem
546 2462 696 2510 terris
731 2461 926 2523 divisit,
950 2459 1073 2511 fune
1097 2465 1287 2525 soluto,
1310 2466 1419 2515 Na·

352 2536 480 2591 vita.
504 2543 558 2585 et
590 2543 861 2600 angustum
899 2536 1095 2599 dejecit
1133 2538 1183 2586 in
1209 2554 1417 2604 aequora

350 2619 600 2676 pontem3
651 2614 829 2662 Saevus
876 2613 959 2661 ubi
998 2628 1026 2663 e
1064 2615 1227 2677 puppi
1262 2618 1417 2680 longo

347 2687 578 2738 clamore
603 2689 849 2752 magister
877 2689 1107 2752 Dissipat
1131 2692 1417 2755 amplexus,

347 2774 509 2829 atque
532 2766 714 2815 oscula
747 2764 853 2814 fids
891 2767 1117 2821 revellit,
1153 2768 1269 2816 Nec
1305 2769 1412 2817 lon-

350 2857 472 2905 gum
517 2856 641 2892 cara
685 2842 811 2891 licet
856 2844 905 2891 in
950 2844 1156 2892 cervice
1193 2844 1420 2893 morari.’

344 2921 491 2973 Quos
515 2933 694 2969 versus
717 2918 845 2969 falso
870 2920 1054 2970 tribuit
1081 2920 1272 2970 Ovidio
1301 2924 1410 2971 Pri-

344 3010 483 3046 caeus
528 2997 578 3046 iu
622 2997 910 3046 Commeat.
952 2998 1015 3044 ad
1062 2996 1183 3046 Act.
1226 2998 1409 3061 Apost.

345 3085 473 3121 xxx.
496 3075 543 3121 1.
609 3072 695 3121 Sic
733 3081 786 3121 et
810 3073 951 3122 canit
973 3073 1130 3122 Silius
1163 3074 1281 3124 Ital.
1323 3090 1408 3125 ιιι.

342 3152 457 3197 153.
483 3148 568 3197 ubi
593 3155 787 3209 narrat,
825 3148 1254 3212 quemadmodum
1279 3166 1409 3201 uxor

340 3226 647 3275 Hannibalis
696 3228 1002 3289 navigaturo
1047 3228 1232 3275 marito
1288 3229 1404 3278 vale

338 3302 567 3351 dixerit:
618 3303 634 3329 ‘
655 3301 890 3352 Confisus
937 3304 1121 3364 pelago
1163 3303 1303 3352 celsa
1336 3304 1402 3354 de

337 3392 516 3442 puppe
533 3380 776 3442 magister
792 3378 1139 3427 Cunctantem
1164 3380 1292 3435 ciet,·
1314 3380 1400 3429 ab·

334 3458 523 3519 ripitur
544 3456 745 3504 divulsa
769 3455 992 3504 marito.’
1031 3456 1176 3505 Idem.

404 3532 466 3580 In
489 3532 573 3581 illu
591 3531 821 3580 amicitia
842 3531 1055 3594 specula]
1087 3533 1394 3584 Catauaeus:

336 3609 403 3658 In
459 3608 759 3672 propatulo,
813 3607 1015 3657 cunctis
1058 3608 1395 3674 intuentihus,

330 3686 513 3735 Cesar
536 3687 813 3735 maximum
837 3685 1075 3735 amicitiae
1091 3686 1290 3747 signum
1314 3704 1391 3737 os·

331 3764 527 3815 tendit.
591 3765 810 3813 Thomas
835 3765 1010 3813 Ceva:
1049 3764 1112 3812 Iu
1138 3766 1249 3812 loco
1274 3765 1390 3814 lito·

330 3841 401 3887 ris
447 3840 808 3894 eminentiore.
866 3839 1007 3886 velut
1052 3840 1100 3886 in
1146 3840 1388 3890 amicitias

325 3913 557 3978 fastigio,
595 3928 898 3978 prosperum
935 3916 1036 3963 iter
1068 3929 1130 3964 ac
1165 3916 1388 3966 reditum

326 3992 497 4042 amico
521 4000 783 4054 precatus.
808 3990 956 4040 Idem.

388 4069 635 4120 Amicitia·
655 4068 864 4132 specula]
888 4069 951 4118 In
975 4068 1130 4118 litore
1157 4069 1386 4119 eminen-

324 4145 481 4203 tiore.
507 4145 644 4195 uude
667 4145 882 4195 amicum
908 4144 1110 4195 videret
1133 4152 1188 4196 et
1209 4160 1385 4211 prose·

325 4232 575 4290 queretur
601 4222 893 4274 abeuntem.
912 4222 1046 4286 Lips.

1593 471 1919 534 Proculusque
1930 471 2109 535 maria]
2131 473 2303 533 Forte,
2318 479 2406 522 est.
2429 473 2596 522 Livin.

1595 549 1912 613 precatusque
1934 551 2110 613 maria]
2152 550 2332 599 Codex
2364 566 2507 600 meus
2542 560 2599 601 et

1523 623 1940 688 Salisburgensis
1955 626 2147 675 habent
2175 633 2477 690 spectansque
2494 643 2595 676 ma-

1523 700 1635 758 rt'a,·
1669 716 1960 765 quanquam
1987 704 2088 750 alia
2109 702 2455 752 manusetiam
2482 704 2592 753 vul·

1522 786 1695 839 ‘atam
1744 777 2020 827 lectionem
2057 778 2290 828 reddidit
2331 778 2586 828 Salisbur-

1521 855 1687 916 gensi.
1756 854 1888 903 Mihi
1924 855 2049 904 mire
2083 856 2259 917 placet
2281 855 2430 915 illud,
2453 871 2581 918 spes·

1518 935 1645 991 tans,
1662 930 1751 980 sed
1778 932 1867 992 ita,
1885 939 1939 980 ut
1957 932 2112 980 nihilo
2135 933 2301 981 minus
2322 932 2584 994 vulgatum

1521 1008 1853 1069 participium
1867 1008 2011 1055 simul
2029 1008 2491 1072 retineatur,atque
2505 1011 2582 1060 sic

1516 1083 1824 1133 ordinentur
1859 1085 1968 1134 haec
2008 1084 2192 1134 verba:
2229 1084 2424 1134 ‘Stetit
2462 1086 2579 1135 Cae-

1516 1173 1602 1206 sar
1629 1160 1677 1208 in
1702 1160 1790 1209 illa
1812 1160 2049 1210 amicitiae
2072 1162 2297 1224 specula,
2315 1170 2580 1224 spectans,

1518 1243 1861 1301 precatusque
1887 1238 2084 1299 maria,’
2115 1242 2213 1287 &m
2281 1239 2581 1301 cujusmodi

1515 1311 1887 1360 emendationis
1912 1314 2334 1376 exempltun,quo
2350 1315 2465 1362 duae
2491 1314 2585 1363 ali·

1513 1389 1635 1452 oqui
1660 1387 1883 1438 diversae
1913 1391 2162 1439 lectiones
2187 1400 2308 1453 apte
2334 1390 2583 1454 conjungi

1514 1470 1747 1525 possunt,
1768 1478 1943 1528 supra,
1968 1479 2109 1513 xxx.
2131 1468 2177 1513 3.
2202 1465 2421 1528 praebui.
2479 1467 2580 1516 Vel

1510 1536 1740 1589 fortasse
1777 1542 1849 1589 sic
1893 1542 2084 1590 rectius
2115 1542 2230 1589 istae
2269 1555 2418 1590 voces
2457 1550 2580 1591 tuuc

1510 1617 1824 1666 collocandae
1882 1625 2075 1677 essent,
2135 1623 2352 1680 spectans
2409 1618 2579 1673 maria,

1502 1699 1814 1757 precatusque
1857 1696 2067 1749 celerem,
2111 1696 2194 1754 dyc.
2265 1693 2446 1757 Neque
2482 1707 2576 1742 nos

1506 1781 1758 1833 moretur,
1802 1771 1940 1835 quod
1977 1771 2054 1820 sic
2093 1770 2285 1818 diversi
2322 1770 2571 1833 temporis

1507 1849 1808 1912 participia,
1841 1854 2055 1912 spectans
2087 1854 2412 1912 precatusque,
2449 1863 2572 1898 con-

1495 1925 1804 1988 jungantur.
1875 1927 1994 1976 Non
2032 1926 2258 1974 insoleus
2279 1933 2377 1981 est,
2402 1940 2467 1975 ea
2496 1927 2572 1976 ita

1501 2004 1770 2067 conjungi.
1805 2005 2006 2053 Plinius
2021 2003 2216 2066 Major,
2234 2017 2359 2053 xxi.
2376 2008 2425 2052 9.
2448 2008 2463 2032 ⁴
2484 2005 2572 2054 In·

1502 2077 1568 2125 de
1595 2079 1838 2128 eductum
1861 2095 1889 2127 e
1918 2081 2159 2128 custodia
2189 2080 2369 2129 bibere
2388 2082 2570 2145 jussit,

1500 2154 1636 2203 illico
1652 2155 2040 2218 exspirantem!
2066 2157 2212 2218 Virg.
2231 2158 2347 2204 AEn.
2366 2171 2441 2205 tx.
2456 2161 2575 2208 624.

1495 2229 1510 2256 ‘
1528 2231 1853 2294 Diversaque
1873 2230 2083 2279 brachia
2098 2230 2291 2280 ducens
2305 2232 2573 2290 Constitit,

1499 2314 1620 2355 ante
1640 2308 1825 2358 Jovem
1851 2308 2070 2369 supplex
2101 2321 2193 2367 per
2230 2313 2350 2355 vota
2388 2322 2569 2370 precu-

1499 2382 1619 2432 tus.'
1688 2382 1847 2433 Ovid.
1884 2384 2018 2432 Met.
2056 2397 2107 2431 v.
2141 2386 2222 2430 31.
2259 2384 2573 2445 ‘Spectans,

1497 2494 1511 2510 .
1540 2493 1553 2508 .
1582 2494 1595 2509 .
1619 2461 2013 2523 cunctatusque
2038 2457 2218 2507 brevi-⁹
2286 2460 2569 2524 Participi-

1495 2551 1578 2586 um
1605 2552 1727 2586 vero
1751 2537 1876 2585 illud
1892 2543 2110 2600 spectans
2126 2537 2336 2599 respicit
2351 2553 2568 2603 morcui,

1494 2628 1596 2677 qno
1617 2615 1768 2663 amici
1795 2614 2143 2670 discedentes,
2168 2622 2222 2663 et
2247 2615 2362 2663 vale
2387 2616 2563 2665 dicen-

1494 2699 1590 2751 tes,
1613 2691 1832 2742 invicem
1853 2706 1926 2746 se.
1951 2704 2105 2755 quam
2131 2689 2430 2751 longissime
2449 2690 2564 2740 fieri

1493 2774 1687 2831 potest,
1709 2774 1970 2831 spectant.
2038 2766 2175 2815 Hinc
2201 2766 2358 2815 Silius
2377 2766 2501 2815 Ital.
2526 2769 2558 2818 l.

1491 2857 1538 2891 c.
1580 2844 1833 2893 ‘Haerent
1875 2843 2055 2892 intenti
2097 2842 2289 2904 vultus,
2311 2850 2365 2891 et
2404 2843 2560 2893 litora

1488 2930 1718 2977 servant,
1743 2923 1928 2970 Donec
1954 2921 2053 2967 iter
2082 2919 2332 2982 liquidum
2359 2920 2555 2969 volucri

1486 2996 1726 3059 rapiente
1748 2996 1944 3057 carina,
1968 2994 2260 3044 Consumsit
2279 2995 2412 3041 visus
2431 3011 2556 3058 pou—

1485 3080 1586 3129 tus‚
1601 3074 1853 3137 tellusque
1872 3070 2115 3121 recessit-⁹
2140 3070 2457 3119 Stat.Theb.
2474 3084 2551 3121 tv.

1481 3154 1565 3197 28.
1588 3151 1601 3178 ⁸
1623 3152 1841 3198 Certant
1867 3149 2132 3197 innectere
2150 3147 2283 3196 collo
2305 3146 2547 3209 Brachia,

1481 3233 1851 3286 manantesque
1875 3223 2070 3278 oculos,
2096 3223 2213 3270 hinc
2239 3224 2413 3271 oscula
2441 3233 2546 3272 tur-

1480 3301 1638 3362 bant;
1676 3301 1813 3350 Hinc
1836 3300 2188 3361 magnicaligo
2205 3299 2395 3358 maris3
2431 3307 2545 3349 tau-

1477 3377 1700 3442 demque
1725 3377 1892 3426 relicti
1922 3377 2072 3424 Stant
2097 3376 2147 3424 iu
2173 3391 2299 3438 rupe
2326 3383 2498 3425 tamen
2523 3396 2540 3439 ;

1474 3455 1730 3520 fugientia
1769 3455 1979 3505 carbasa
2022 3454 2132 3502 visu
2170 3453 2337 3503 Dulce
2371 3456 2539 3518 sequi,

1475 3533 1775 3595 patriosque
1792 3531 1969 3580 dolent
1987 3530 2319 3579 crebrescere
2337 3541 2537 3594 ventos3

1470 3611 1624 3659 Stant
1668 3616 1857 3666 tamen,
1890 3614 1944 3656 et
1989 3614 2160 3655 notam
2209 3608 2420 3670 puppim
2466 3607 2535 3657 de

1468 3700 1598 3748 rupe
1632 3682 1892 3734 salutant!
1962 3680 2115 3732 Ovid.
2142 3681 2273 3730 Met.
2300 3694 2381 3729 xi.
2417 3685 2534 3737 463,

1464 3762 1479 3789 ⁴
1506 3762 1612 3811 Ubi
1649 3770 1789 3810 terra
1810 3761 2058 3823 Longius,
2084 3765 2239 3822 atque
2272 3757 2408 3805 oculi
2443 3770 2535 3805 ne·

1465 3844 1659 3901 queunt
1677 3849 1995 3899 cognoscere
2016 3834 2205 3893 vultus,
2232 3832 2366 3880 Dum
2390 3830 2532 3887 licet,

1463 3915 1752 3980 insequitur
1788 3912 2073 3974 fugientem
2100 3910 2295 3958 lumine
2332 3908 2530 3970 pinum.

1464 3993 1600 4043 Haec
1622 4005 1825 4056 quoque
1850 3996 1908 4038 ut
1932 3986 2065 4035 haud
2092 3991 2322 4049 poterat,
2355 3984 2529 4049 spatio

1462 4071 1718 4122 submota,
1757 4065 1957 4124 videri3
1996 4064 2131 4111 Vela
2166 4069 2339 4111 tamen
2378 4075 2530 4125 spec·

1461 4152 1558 4205 tat,
1584 4156 1780 4193 summo
1801 4139 2060 4191 fluitantia
2094 4138 2263 4189 malo?
2328 4139 2528 4188 Utcun-

1460 4237 1560 4290 que
1588 4234 1708 4272 vero
1733 4226 1832 4283 est,
1856 4215 2078 4266 nondum
2099 4214 2263 4265 audeo
2287 4215 2410 4267 illud
2440 4231 2524 4266 vo-
