3060 4902
462 384 594 453 508

462 544 670 596 ‘hostes
705 544 757 594 in
785 558 965 595 manus
1002 545 1219 606 venire,'
1252 545 1343 608 qui
1375 544 1523 594 nobis

465 623 601 672 obvii
626 623 836 684 dautur,
871 631 925 672 et
956 624 1157 685 copiam
1185 622 1383 673 faciunt
1409 637 1528 672 con-

465 699 672 748 serendi
709 714 936 748 manum.
1007 699 1090 747 Ita
1115 700 1272 748 etism
1300 699 1530 764 loquitur

466 776 677 825 Sallust.
698 775 821 837 Jng.
847 788 1087 825 mxxxix.
1115 780 1161 825 1.
1226 776 1241 802 ‘
1261 775 1339 824 Ac
1368 777 1532 838 primo

465 853 746 902 mediocria
763 855 977 915 gerebat
1000 852 1199 913 consul,
1214 854 1532 914 existimaus,

463 927 797 993 Jugurtham,
821 930 886 979 ob
912 943 1031 979 suos
1062 929 1326 993 tutandos,
1349 930 1399 978 in
1423 944 1528 978 ma-

467 1019 564 1056 nus
604 1005 915 1056 venturum!
985 1005 1160 1069 Atque
1197 1004 1332 1054 idem
1365 1019 1440 1056 ct.
1479 1009 1528 1055 4.

471 1090 484 1111 ·
503 1083 676 1132 Ceteri
713 1083 765 1132 in
790 1085 904 1132 loco
930 1092 1216 1136 manentes.
1249 1082 1315 1131 ab
1340 1083 1532 1146 jaculis

469 1158 667 1208 eminus
706 1160 900 1210 emissis
933 1174 1122 1224 corpus
1161 1168 1361 1221 tegere,
1396 1166 1466 1220 et,
1489 1159 1530 1207 si

468 1234 555 1298 qui
589 1235 642 1283 iu
673 1250 853 1285 manus
886 1242 1152 1299 venerant,
1178 1234 1533 1284 obtruncare!

469 1311 711 1360 Schworz.

537 1387 642 1438 Nec
671 1385 830 1449 modo]
864 1389 967 1437 Res
1002 1388 1118 1452 ipsa
1157 1388 1422 1453 requirere
1461 1387 1532 1436 vi·

471 1462 714 1525 debatur,
750 1470 807 1511 ut
845 1463 919 1514 sic
957 1465 1291 1519 scriberetur,
1314 1480 1534 1520 neeman

469 1542 621 1589 modo.
687 1538 863 1604 Atque
892 1540 964 1590 ita
988 1542 1146 1590 etiam
1172 1539 1534 1590 excudendum

471 1616 676 1666 curavit
698 1616 983 1667 Gesnerus.
1049 1617 1171 1673 Sed,
1193 1618 1389 1678 nescio,
1407 1632 1535 1682 quo·

469 1692 623 1742 modo
666 1693 813 1756 illud,
846 1708 929 1741 nec
962 1708 1054 1742 non
1087 1695 1240 1754 modo,
1274 1693 1534 1757 ingratum

474 1769 681 1822 accidat
719 1769 961 1830 auribus3
995 1769 1094 1818 nisi
1119 1767 1257 1818 forte
1282 1770 1538 1832 particula

469 1859 585 1907 non,
606 1858 636 1892 a
664 1844 874 1909 reliquis
910 1846 1167 1907 sejuncta,
1199 1845 1405 1894 demum
1429 1845 1536 1895 col·

472 1923 676 1971 locetur
729 1929 851 1971 ante
905 1920 1119 1971 verbum
1189 1922 1536 1984 perhorreseat.

473 1996 761 2055 Praeterea,
815 2005 1073 2061 quotquot
1120 1999 1269 2047 nobis
1313 1998 1537 2062 contigit

470 2071 709 2122 conferre
745 2073 895 2137 liujus
927 2073 1240 2137 Panegyrici
1275 2075 1532 2139 exempla·

472 2149 567 2210 ria,
588 2164 739 2199 manu
779 2152 1024 2215 typisque
1049 2153 1347 2216 exscripta3
1378 2168 1439 2202 ea
1464 2154 1535 2202 al·

472 2233 636 2276 teram
693 2228 830 2277 illam
891 2229 1199 2290 particulam
1256 2238 1534 2289 negantem

470 2317 565 2351 nou
587 2303 824 2352 omisere.
875 2303 1028 2354 Quod
1051 2304 1089 2352 si
1112 2304 1344 2353 audimus
1369 2319 1535 2367 gram·

469 2378 689 2428 maticos
711 2379 1046 2444 criticosque,
1060 2379 1171 2428 haec
1195 2381 1303 2444 ipsa
1324 2381 1536 2445 ἔλλειψις

471 2457 683 2520 optimis
737 2457 1026 2522 quibusque
1084 2459 1288 2507 Latinae
1348 2460 1534 2519 liuguae

473 2531 772 2579 auctoribus
829 2538 909 2579 est
957 2544 1205 2594 perquam
1250 2532 1534 2582 familiaria.

474 2608 698 2662 Etenim,
723 2622 813 2655 non
838 2609 990 2666 modo,
1024 2622 1117 2669 pro
1150 2623 1239 2656 nou
1268 2611 1400 2657 modo
1424 2624 1537 2674 non,

475 2695 617 2745 sepe
643 2682 780 2743 apud
824 2689 1030 2730 veteres
1062 2682 1182 2744 legi,
1219 2698 1334 2732 cum
1363 2687 1536 2735 oratio

475 2757 635 2806 dubia
669 2772 770 2806 non
806 2758 893 2817 sit,
930 2758 1082 2806 variis
1117 2761 1366 2822 exemplis
1395 2776 1536 2810 com-

474 2834 758 2898 probarunt
793 2834 1033 2882 Muretus
1068 2833 1189 2882 Var.
1228 2835 1374 2887 Lect.
1406 2852 1463 2886 x.
1490 2842 1539 2888 7.

476 2911 747 2959 Manutius
773 2909 838 2958 ad
874 2911 986 2960 Cic.
1012 2911 1159 2960 Fam.
1186 2926 1223 2962 t.
1248 2916 1297 2962 9.
1349 2914 1535 2964 Boaius

475 2986 540 3036 ad
569 2987 736 3049 Epist.
773 2986 835 3035 ad
873 2986 1037 3037 Attic.
1072 3002 1149 3036 ιν.
1181 2993 1228 3038 2.
1297 2991 1537 3040 Graevius

474 3065 539 3114 ad
564 3064 715 3114 Orat.
736 3064 798 3113 ad
824 3063 1051 3115 Quirites
1072 3073 1190 3128 post
1215 3068 1391 3118 Redit.
1423 3084 1539 3131 cap.

474 3145 524 3191 4.
570 3142 812 3191 Sanctius
838 3142 887 3190 iu
916 3142 1137 3190 Minerv.
1160 3158 1276 3207 cap.
1298 3148 1346 3193 7.
1383 3145 1538 3194 Com-

474 3225 792 3266 mentatores
813 3217 875 3265 ad
894 3217 1082 3268 Justin.
1110 3233 1190 3269 lx.
1212 3224 1257 3269 2.
1282 3223 1381 3269 διο.
1416 3223 1535 3271 Μιι-

474 3300 617 3342 retus
650 3306 795 3353 vero,
827 3302 1098 3358 postquam
1133 3297 1259 3345 lianc
1293 3299 1535 3362 loquendi

474 3369 726 3418 rationem
765 3369 918 3418 variis
953 3374 1206 3437 exemplis
1231 3375 1538 3437 comproba-

471 3453 586 3494 rat:
623 3444 789 3495 ⁴}1oee
822 3447 1030 3510 omnis,’
1068 3447 1257 3513 inquit,
1290 3452 1305 3479 ‘
1331 3452 1537 3514 aliaque

475 3520 707 3585 ejusdem
739 3522 946 3584 generis
973 3523 1210 3585 plurima,
1231 3526 1302 3572 ita
1329 3526 1380 3573 in
1406 3525 1538 3574 auti—

475 3600 736 3664 quissitnis
761 3600 906 3649 libris
928 3602 1127 3664 scripta
1140 3609 1288 3662 sunt3
1324 3617 1537 3665 quorum

475 3684 678 3727 tautum
699 3691 1007 3726 consensum
1034 3693 1128 3742 pro
1151 3679 1310 3729 nihilo
1334 3688 1539 3742 putare,

474 3753 692 3804 bominis
716 3767 828 3801 esse
852 3755 1058 3824 ingenio
1091 3769 1182 3804 suo
1215 3755 1538 3817 praefidentis

474 3835 639 3893 puto:
673 3831 959 3891 presertim
984 3841 1098 3879 cum
1134 3831 1309 3881 Graeci
1333 3847 1537 3898 quoque

475 3905 553 3954 ita
576 3905 871 3968 loquantur,
901 3905 1038 3968 apud
1062 3921 1208 3971 qnos,
1230 3909 1328 3970 οὐχ
1357 3909 1447 3967 ὅτι,
1470 3911 1539 3973 μὴ

473 3980 567 4044 ὅτι,
600 3980 695 4042 οὐχ
731 3979 871 4042 ὅπως,
902 3981 1162 4032 interdum
1211 3986 1405 4044 valent,
1445 4002 1538 4038 nen

473 4059 655 4115 solum
672 4057 953 4115 interdum,
966 4074 1058 4107 aon
1072 4060 1217 4109 solum
1235 4062 1362 4112 non.'
1384 4065 1538 4115 Quod

475 4143 530 4184 et
552 4134 750 4194 docuit,
785 4139 840 4182 et
868 4135 1040 4184 multis
1081 4141 1535 4201 prestantissimo·

477 4224 588 4259 rum
612 4211 923 4272 scriptorum
944 4213 1251 4263 testimoniis
1264 4216 1536 4268 coufirma-

477 4287 554 4336 vit
574 4283 881 4336 Guilielmus
912 4286 1142 4339 Budaeus
1171 4290 1223 4341 in
1264 4293 1537 4346 Commen-

1159 401 1376 451 NOTAE
1424 400 1829 449 vARtoRUM
1888 399 1960 448 lN

1604 544 1750 592 tariis
1779 543 1996 607 Linguae
2022 541 2242 594 Graecae.
2278 544 2430 594 Idem.

1671 621 1928 669 Oculorum
1980 622 2147 685 etiam]
2193 621 2327 670 Haee
2384 620 2542 671 verba
2586 621 2665 670 ita

1602 697 1867 746 commode
1893 700 2207 760 transposita
2229 697 2668 759 deprehendimus

1602 775 1655 823 in
1700 774 1933 824 omnibus
1973 773 2239 823 codicibus
2279 774 2409 822 Mas.
2451 787 2569 822 cum
2613 773 2666 823 in

1604 850 1827 913 vulgatis
1853 850 1995 899 libris
2021 851 2249 912 legamus
2275 852 2358 898 sed
2384 850 2532 899 etium
2552 863 2665 898 octi-

1602 928 1770 976 lorum.
1836 927 1851 954 ‘
1874 927 2208 989 Coujectum’
2255 935 2428 975 autem
2464 927 2670 977 ‘oculo-

1605 1016 1717 1051 rum
1756 1002 1893 1051 ferre
1928 1017 2029 1051 non
2075 1001 2263 1066 posse,'
2299 1002 2431 1051 dixit
2454 1002 2666 1052 Curtius

1606 1092 1690 1127 tx.
1711 1083 1761 1129 7.
1826 1080 1914 1129 Sic
1943 1089 1998 1129 et
2036 1081 2281 1135 Pacatus,
2307 1081 2535 1130 imitator
2559 1080 2670 1129 Pli-

1607 1154 1694 1209 nii.
1721 1154 1914 1219 Paneg.
1941 1170 2058 1219 cap.
2080 1160 2162 1205 31.
2194 1158 2210 1184 ‘
2232 1156 2314 1204 An
2336 1155 2594 1205 sustinere
2614 1162 2669 1206 te

1607 1230 1817 1291 coram,'
1855 1233 2043 1295 inquit,
2077 1232 2092 1258 ‘
2116 1240 2169 1281 et
2210 1233 2369 1281 solum
2405 1232 2670 1282 oculorum

1607 1313 1809 1356 tuorum
1834 1307 1972 1357 ferre
1996 1309 2287 1372 conjectum
2314 1310 2397 1357 ille
2420 1340 2433 1355 .
2451 1344 2465 1358 .
2483 1341 2497 1355 .
2519 1317 2674 1371 potu·

1607 1384 1731 1434 isset
1747 1383 1784 1432 θ’
1853 1383 2050 1434 Confer
2075 1385 2301 1449 Lipsium
2326 1393 2381 1435 et
2406 1384 2668 1434 Raudium

1607 1461 1672 1509 ad
1695 1461 1747 1509 lt.
1772 1463 1805 1510 1.
1843 1462 1999 1511 Idem.

1678 1538 1934 1585 Oculorum
1969 1537 2254 1601 conjectum]
2287 1537 2507 1587 Caesaris
2546 1537 2674 1587 titu-

1608 1614 1708 1673 lus,
1743 1615 1758 1640 ⁸
1776 1615 1932 1677 Veni,
1954 1615 2081 1678 vidi,
2100 1613 2241 1678 vici,'
2283 1615 2426 1664 Suet.
2449 1628 2566 1678 cap.
2587 1617 2672 1663 37.

1608 1690 1623 1717 ‘
1648 1690 1906 1740 Videreut
1930 1692 2082 1740 modo
2110 1691 2453 1752 adversarios,
2486 1698 2545 1739 et
2583 1689 2672 1739 ad·

1609 1769 1936 1830 spicerentur
1978 1768 2031 1817 id
2079 1768 2205 1817 satis
2251 1767 2317 1816 ad
2359 1764 2673 1823 victoriam,'

1607 1846 1778 1894 Tacit.
1808 1846 1942 1895 Anu.
1968 1859 2055 1895 ιιι.
2078 1850 2160 1896 46.
2197 1844 2481 1895 ‘Samnites
2506 1844 2673 1894 inter·

1609 1922 1793 1983 rogati.
1831 1936 1947 1985 qua·
1992 1937 2173 1972 caussa
2206 1937 2295 1973 eos
2339 1922 2583 1971 movisset
2605 1923 2673 1985 ⁴iu

1610 1995 1821 2059 fugam?
1854 1999 2080 2063 aiebant,
2103 1999 2279 2049 oculos
2296 1999 2393 2048 sibi
2423 1999 2676 2048 Romano·

1611 2088 1721 2124 rum
1746 2075 1932 2124 ardere
1967 2076 2118 2132 visos,
2149 2089 2468 2140 vesanosque
2500 2074 2673 2123 vultus

1609 2159 1664 2201 et
1690 2151 1917 2201 furentia
1942 2168 2065 2202 ora:
2101 2153 2221 2201 iude
2260 2154 2392 2216 plus,
2431 2165 2584 2214 quam
2607 2165 2675 2200 ex

1612 2227 1713 2276 alia
1738 2228 1843 2276 ulla
1866 2242 1937 2288 re,
1962 2227 2174 2278 terroris
2200 2226 2405 2289 ortum,'
2435 2227 2546 2275 Liv.
2569 2239 2675 2276 vu.

1609 2306 1692 2352 88.
1748 2304 1847 2353 Adi
1874 2305 2029 2354 Grut.
2059 2306 2290 2354 Discors.
2314 2317 2441 2354 xm.
2476 2304 2633 2355 Bm.

1681 2382 1909 2431 Proximo
1932 2382 2273 2446 moderatione]
2298 2382 2381 2430 De
2402 2381 2592 2445 priore,
2611 2385 2675 2429 nt

1612 2458 1859 2518 arbitror,
1885 2461 1933 2507 in
1963 2459 2133 2508 Dacos
2154 2458 2677 2523 expeditioueloqni·

1613 2542 1716 2594 tur,
1759 2549 1859 2597 qua
1908 2534 2203 2583 Decebalus
2247 2535 2314 2583 ab
2361 2535 2676 2597 imperatore

1614 2611 1855 2673 primum,
1885 2626 1946 2659 ac
1984 2618 2100 2674 post
2140 2612 2326 2673 legatis
2362 2611 2574 2660 Romam
2598 2610 2677 2660 di-

1615 2687 1785 2735 missis
1817 2688 1880 2735 ab
1919 2697 2105 2736 senatu
2144 2703 2322 2750 pacem
2357 2688 2676 2750 impetravit.

1612 2765 1743 2816 Quae
1773 2773 2060 2827 sequuntur
2095 2774 2288 2825 tamen,
2318 2764 2383 2812 de
2419 2762 2678 2813 modestia

1612 2841 1729 2903 capi
1752 2841 2028 2899 suaserint,
2059 2854 2160 2903 qua
2191 2839 2461 2902 imperium
2485 2838 2674 2901 Traja-

1613 2931 1707 2963 nus
1733 2931 1888 2979 aegre,
1920 2930 1981 2965 ac
2013 2914 2101 2964 diu
2127 2922 2399 2965 cunctatus
2423 2916 2674 2979 suscepit.

1614 2991 1775 3040 Livia.

1680 3067 1915 3116 Proxima
1940 3068 2281 3132 moderatione]
2321 3069 2449 3119 Cum
2474 3069 2539 3119 ad
2568 3071 2677 3121 Da·

1613 3143 1825 3193 nubium
1864 3144 2094 3207 sederes,
2131 3155 2314 3204 certus
2343 3148 2594 3205 victorie,
2628 3148 2675 3197 si

1617 3220 1901 3269 transisses.
1935 3220 2070 3284 Lips.

1681 3296 1914 3344 Proxima
1944 3298 2286 3363 moderatione]
2321 3300 2483 3351 Modo
2506 3301 2671 3357 dicta.

1614 3387 1714 3436 qua
1757 3389 1787 3423 a
1837 3374 2066 3423 Danubii
2105 3378 2323 3426 transitu
2357 3379 2676 3443 abstinuisti,

1614 3448 1740 3496 licet
1764 3450 1996 3498 victoria}
2021 3464 2250 3500 securus.
2285 3454 2508 3502 Potui-ol.

1680 3525 1814 3574 Ciu».
1849 3539 2012 3575 xvut.
2077 3526 2370 3593 Speciosam]
2404 3531 2438 3579 i.
2474 3545 2522 3580 e.
2565 3532 2681 3594 pul-

1614 3600 1814 3662 chrum,
1838 3601 2056 3659 illustre.
2080 3604 2340 3654 eximium.
2397 3606 2551 3658 Quod
2573 3605 2680 3656 hi·

1611 3681 1750 3726 θετον
1783 3692 1884 3727 non
1921 3681 2082 3743 magis
2119 3683 2372 3744 personis,
2406 3699 2559 3748 quam
2595 3700 2678 3735 re·

1616 3754 1726 3811 bus,
1764 3757 2030 3805 convenit.
2097 3758 2248 3809 Quod
2299 3760 2361 3808 ad
2409 3775 2678 3823 personas,

1615 3833 1690 3881 sic
1724 3834 2080 3884 Quinctiliano
2113 3833 2288 3885 Instit.
2320 3836 2473 3886 Orat.
2501 3850 2601 3889 vu.
2623 3843 2676 3889 4.

1614 3907 1913 3957 Alcibiades
1958 3908 2150 3958 dicitur
2180 3910 2367 3960 ‘bomo
2405 3913 2680 3974 speciosis-

1613 3985 1806 4041 simus:
1839 3985 2091 4034 Petronio
2114 4000 2230 4047 cap.
2250 3990 2362 4037 140.
2396 3996 2410 4016 ·
2432 3987 2538 4040 fllia
2558 4005 2678 4058 spe.

1612 4062 1928 4126 ciosissima,'
1981 4061 2016 4111 i.
2052 4077 2099 4112 e.
2151 4064 2517 4126 pulcherrima.
2590 4069 2675 4130 De

1612 4142 1770 4192 rebus
1815 4146 2032 4204 usurpat
2086 4142 2276 4204 aaepius
2333 4152 2516 4194 auctor
2559 4160 2677 4196 nos-

1612 4225 1723 4281 ter;
1774 4232 1823 4267 v.
1866 4232 1915 4281 g.
1952 4217 2120 4281 Epist.
2159 4232 2249 4270 tu.
2295 4225 2377 4270 21.
2422 4227 2438 4250 ‘
2466 4222 2675 4274 Nostris

1613 4307 1733 4344 vero
1792 4293 2128 4358 temporibus,
2178 4304 2238 4345 ut
2289 4295 2391 4345 alia
2434 4298 2676 4362 speciosa
