<?xml version="1.0" encoding="UTF-8"?>
<!DOCTYPE html PUBLIC "-//W3C//DTD XHTML 1.0 Transitional//EN"
    "http://www.w3.org/TR/xhtml1/DTD/xhtml1-transitional.dtd">
<html xmlns="http://www.w3.org/1999/xhtml" xml:lang="en" lang="en">
 <head>
  <title>
</title>
<meta http-equiv="Content-Type" content="text/html;charset=utf-8" />
  <meta name='ocr-system' content='tesseract 3.04.00' />
  <meta name='ocr-capabilities' content='ocr_page ocr_carea ocr_par ocr_line ocrx_word'/>
</head>
<body>
  <div class='ocr_page' id='page_1' title='image "./panegyriciveter02unkngoog_0195.png"; bbox 0 0 3060 4902; ppageno 0'>
   <div class='ocr_carea' id='block_1_1' title="bbox 710 374 1780 428">
    <p class='ocr_par' dir='ltr' id='par_1_1' title="bbox 710 374 1780 428">
     <span class='ocr_line' id='line_1_1' title="bbox 710 374 1780 428; baseline 0 -1"><span class='ocrx_word' id='word_1_1' title='bbox 710 380 779 427; x_wconf 81' lang='lat' dir='ltr'>C·</span> <span class='ocrx_word' id='word_1_2' title='bbox 829 375 1072 428; x_wconf 67' lang='lat' dir='ltr'>Pmun</span> <span class='ocrx_word' id='word_1_3' title='bbox 1121 374 1454 428; x_wconf 75' lang='lat' dir='ltr'>ssscuNnt</span> <span class='ocrx_word' id='word_1_4' title='bbox 1503 377 1780 428; x_wconf 74' lang='lat' dir='ltr'>PANEG.</span> 
     </span>
    </p>
   </div>
   <div class='ocr_carea' id='block_1_2' title="bbox 278 517 1359 4350">
    <p class='ocr_par' dir='ltr' id='par_1_2' title="bbox 278 517 1344 2184">
     <span class='ocr_line' id='line_1_2' title="bbox 280 517 1337 590; baseline 0.001 -19"><span class='ocrx_word' id='word_1_5' title='bbox 280 517 406 572; x_wconf 70' lang='lat' dir='ltr'>fleile</span> <span class='ocrx_word' id='word_1_6' title='bbox 423 520 542 579; x_wconf 61' lang='lat' dir='ltr'>est?</span> <span class='ocrx_word' id='word_1_7' title='bbox 565 522 763 587; x_wconf 84' lang='lat' dir='ltr'>inquit,</span> <span class='ocrx_word' id='word_1_8' title='bbox 783 525 802 552; x_wconf 84' lang='lat'>‘</span> <span class='ocrx_word' id='word_1_9' title='bbox 820 524 995 581; x_wconf 86' lang='lat' dir='ltr'>rebus,</span> <span class='ocrx_word' id='word_1_10' title='bbox 1016 537 1130 590; x_wconf 74' lang='lat' dir='ltr'>quae</span> <span class='ocrx_word' id='word_1_11' title='bbox 1148 523 1212 573; x_wconf 87' lang='lat' dir='ltr'>ad</span> <span class='ocrx_word' id='word_1_12' title='bbox 1235 522 1337 573; x_wconf 80' lang='lat' dir='ltr'>fas-</span> 
     </span>
     <span class='ocr_line' id='line_1_3' title="bbox 280 600 1335 666; baseline -0.002 -16"><span class='ocrx_word' id='word_1_13' title='bbox 280 602 565 666; x_wconf 73' lang='lat' dir='ltr'>tigiumjam</span> <span class='ocrx_word' id='word_1_14' title='bbox 581 602 858 666; x_wconf 63' lang='lat' dir='ltr'>perducta</span> <span class='ocrx_word' id='word_1_15' title='bbox 874 600 1335 665; x_wconf 76' lang='lat' dir='ltr'>videntur-,aliquid</span> 
     </span>
     <span class='ocr_line' id='line_1_4' title="bbox 280 679 1340 741; baseline 0.001 -14"><span class='ocrx_word' id='word_1_16' title='bbox 280 679 490 729; x_wconf 78' lang='lat' dir='ltr'>addere:</span> <span class='ocrx_word' id='word_1_17' title='bbox 516 690 696 730; x_wconf 79' lang='lat' dir='ltr'>cessat</span> <span class='ocrx_word' id='word_1_18' title='bbox 719 681 1008 740; x_wconf 81' lang='lat' dir='ltr'>admiratio,</span> <span class='ocrx_word' id='word_1_19' title='bbox 1030 681 1073 730; x_wconf 88' lang='lat' dir='ltr'>si</span> <span class='ocrx_word' id='word_1_20' title='bbox 1099 681 1258 729; x_wconf 88' lang='lat' dir='ltr'>addat</span> <span class='ocrx_word' id='word_1_21' title='bbox 1280 682 1340 741; x_wconf 85' lang='lat' dir='ltr'>is,</span> 
     </span>
     <span class='ocr_line' id='line_1_5' title="bbox 278 755 1339 818; baseline 0.002 -15"><span class='ocrx_word' id='word_1_22' title='bbox 278 756 354 804; x_wconf 83' lang='lat' dir='ltr'>cni</span> <span class='ocrx_word' id='word_1_23' title='bbox 377 765 699 807; x_wconf 77' lang='lat' dir='ltr'>reservatum</span> <span class='ocrx_word' id='word_1_24' title='bbox 724 758 938 807; x_wconf 84' lang='lat' dir='ltr'>consilio</span> <span class='ocrx_word' id='word_1_25' title='bbox 953 765 1051 818; x_wconf 88' lang='lat' dir='ltr'>est,</span> <span class='ocrx_word' id='word_1_26' title='bbox 1068 765 1122 805; x_wconf 88' lang='lat' dir='ltr'>nt</span> <span class='ocrx_word' id='word_1_27' title='bbox 1138 755 1339 805; x_wconf 82' lang='lat' dir='ltr'>addat.&#39;</span> 
     </span>
     <span class='ocr_line' id='line_1_6' title="bbox 279 830 1337 895; baseline 0.002 -17"><span class='ocrx_word' id='word_1_28' title='bbox 279 830 396 892; x_wconf 82' lang='lat' dir='ltr'>Sed,</span> <span class='ocrx_word' id='word_1_29' title='bbox 429 846 560 895; x_wconf 80' lang='lat' dir='ltr'>paee</span> <span class='ocrx_word' id='word_1_30' title='bbox 594 833 696 882; x_wconf 81' lang='lat' dir='ltr'>viri</span> <span class='ocrx_word' id='word_1_31' title='bbox 732 833 1034 893; x_wconf 86' lang='lat' dir='ltr'>doctissimi,</span> <span class='ocrx_word' id='word_1_32' title='bbox 1072 833 1337 881; x_wconf 81' lang='lat' dir='ltr'>existima·</span> 
     </span>
     <span class='ocr_line' id='line_1_7' title="bbox 280 906 1338 972; baseline 0.004 -18"><span class='ocrx_word' id='word_1_33' title='bbox 280 906 385 963; x_wconf 73' lang='lat' dir='ltr'>rim.</span> <span class='ocrx_word' id='word_1_34' title='bbox 407 908 567 958; x_wconf 81' lang='lat' dir='ltr'>nihilo</span> <span class='ocrx_word' id='word_1_35' title='bbox 584 909 755 958; x_wconf 85' lang='lat' dir='ltr'>minus</span> <span class='ocrx_word' id='word_1_36' title='bbox 776 910 876 959; x_wconf 83' lang='lat' dir='ltr'>boc</span> <span class='ocrx_word' id='word_1_37' title='bbox 898 923 1028 972; x_wconf 87' lang='lat' dir='ltr'>opus</span> <span class='ocrx_word' id='word_1_38' title='bbox 1043 907 1258 958; x_wconf 86' lang='lat' dir='ltr'>arduum</span> <span class='ocrx_word' id='word_1_39' title='bbox 1282 914 1338 958; x_wconf 87' lang='lat' dir='ltr'>et</span> 
     </span>
     <span class='ocr_line' id='line_1_8' title="bbox 281 982 1334 1049; baseline 0.004 -20"><span class='ocrx_word' id='word_1_40' title='bbox 281 982 609 1034; x_wconf 80' lang='lat' dir='ltr'>admiratione</span> <span class='ocrx_word' id='word_1_41' title='bbox 626 984 843 1049; x_wconf 74' lang='lat' dir='ltr'>dignum</span> <span class='ocrx_word' id='word_1_42' title='bbox 862 985 963 1034; x_wconf 82' lang='lat' dir='ltr'>dici</span> <span class='ocrx_word' id='word_1_43' title='bbox 981 999 1147 1048; x_wconf 86' lang='lat' dir='ltr'>posse,</span> <span class='ocrx_word' id='word_1_44' title='bbox 1172 986 1212 1034; x_wconf 91' lang='lat' dir='ltr'>si</span> <span class='ocrx_word' id='word_1_45' title='bbox 1235 1000 1334 1033; x_wconf 89' lang='lat' dir='ltr'>non</span> 
     </span>
     <span class='ocr_line' id='line_1_9' title="bbox 282 1063 1334 1127; baseline 0.004 -19"><span class='ocrx_word' id='word_1_46' title='bbox 282 1068 509 1124; x_wconf 83' lang='lat' dir='ltr'>respectu</span> <span class='ocrx_word' id='word_1_47' title='bbox 532 1063 768 1126; x_wconf 81' lang='lat' dir='ltr'>Trajani,</span> <span class='ocrx_word' id='word_1_48' title='bbox 791 1069 1034 1127; x_wconf 85' lang='lat' dir='ltr'>respectu</span> <span class='ocrx_word' id='word_1_49' title='bbox 1054 1071 1225 1112; x_wconf 84' lang='lat' dir='ltr'>tamen</span> <span class='ocrx_word' id='word_1_50' title='bbox 1245 1063 1334 1112; x_wconf 86' lang='lat' dir='ltr'>ali-</span> 
     </span>
     <span class='ocr_line' id='line_1_10' title="bbox 281 1137 1336 1202; baseline 0.005 -18"><span class='ocrx_word' id='word_1_51' title='bbox 281 1149 431 1193; x_wconf 82' lang='lat' dir='ltr'>orum,</span> <span class='ocrx_word' id='word_1_52' title='bbox 453 1138 540 1200; x_wconf 85' lang='lat' dir='ltr'>qni</span> <span class='ocrx_word' id='word_1_53' title='bbox 570 1139 617 1186; x_wconf 90' lang='lat' dir='ltr'>ei</span> <span class='ocrx_word' id='word_1_54' title='bbox 657 1138 979 1202; x_wconf 85' lang='lat' dir='ltr'>perficiendo</span> <span class='ocrx_word' id='word_1_55' title='bbox 1014 1137 1207 1189; x_wconf 77' lang='lat' dir='ltr'>fuerint</span> <span class='ocrx_word' id='word_1_56' title='bbox 1246 1141 1336 1189; x_wconf 89' lang='lat' dir='ltr'>im·</span> 
     </span>
     <span class='ocr_line' id='line_1_11' title="bbox 282 1215 1339 1280; baseline 0.004 -19"><span class='ocrx_word' id='word_1_57' title='bbox 282 1227 439 1275; x_wconf 78' lang='lat' dir='ltr'>pares.</span> <span class='ocrx_word' id='word_1_58' title='bbox 459 1215 721 1278; x_wconf 81' lang='lat' dir='ltr'>Trajanus</span> <span class='ocrx_word' id='word_1_59' title='bbox 730 1216 843 1280; x_wconf 87' lang='lat' dir='ltr'>jam</span> <span class='ocrx_word' id='word_1_60' title='bbox 864 1217 914 1266; x_wconf 88' lang='lat' dir='ltr'>in</span> <span class='ocrx_word' id='word_1_61' title='bbox 928 1216 1207 1266; x_wconf 82' lang='lat' dir='ltr'>eorundem</span> <span class='ocrx_word' id='word_1_62' title='bbox 1229 1231 1339 1265; x_wconf 80' lang='lat' dir='ltr'>ver·</span> 
     </span>
     <span class='ocr_line' id='line_1_12' title="bbox 284 1287 1336 1356; baseline 0.003 -19"><span class='ocrx_word' id='word_1_63' title='bbox 284 1287 449 1338; x_wconf 78' lang='lat' dir='ltr'>borum</span> <span class='ocrx_word' id='word_1_64' title='bbox 484 1293 682 1341; x_wconf 72' lang='lat' dir='ltr'>ambitu</span> <span class='ocrx_word' id='word_1_65' title='bbox 731 1292 1047 1356; x_wconf 79' lang='lat' dir='ltr'>designatur,</span> <span class='ocrx_word' id='word_1_66' title='bbox 1092 1301 1336 1354; x_wconf 82' lang='lat' dir='ltr'>tanquam</span> 
     </span>
     <span class='ocr_line' id='line_1_13' title="bbox 280 1367 1340 1432; baseline 0.006 -19"><span class='ocrx_word' id='word_1_67' title='bbox 280 1379 557 1428; x_wconf 76' lang='lat' dir='ltr'>successor,</span> <span class='ocrx_word' id='word_1_68' title='bbox 620 1381 729 1432; x_wconf 88' lang='lat' dir='ltr'>qno</span> <span class='ocrx_word' id='word_1_69' title='bbox 789 1367 1122 1432; x_wconf 75' lang='lat' dir='ltr'>dignissimus</span> <span class='ocrx_word' id='word_1_70' title='bbox 1179 1369 1340 1420; x_wconf 87' lang='lat' dir='ltr'>fuerit</span> 
     </span>
     <span class='ocr_line' id='line_1_14' title="bbox 286 1443 1337 1510; baseline 0.005 -19"><span class='ocrx_word' id='word_1_71' title='bbox 286 1443 465 1499; x_wconf 77' lang='lat' dir='ltr'>Nerva,</span> <span class='ocrx_word' id='word_1_72' title='bbox 488 1452 545 1493; x_wconf 90' lang='lat' dir='ltr'>et</span> <span class='ocrx_word' id='word_1_73' title='bbox 564 1459 597 1494; x_wconf 82' lang='lat' dir='ltr'>a</span> <span class='ocrx_word' id='word_1_74' title='bbox 619 1460 728 1510; x_wconf 87' lang='lat' dir='ltr'>quo</span> <span class='ocrx_word' id='word_1_75' title='bbox 751 1445 883 1495; x_wconf 86' lang='lat' dir='ltr'>adeo</span> <span class='ocrx_word' id='word_1_76' title='bbox 894 1447 1002 1510; x_wconf 86' lang='lat' dir='ltr'>jam</span> <span class='ocrx_word' id='word_1_77' title='bbox 1028 1448 1226 1510; x_wconf 85' lang='lat' dir='ltr'>majora</span> <span class='ocrx_word' id='word_1_78' title='bbox 1250 1462 1337 1496; x_wconf 86' lang='lat' dir='ltr'>ex·</span> 
     </span>
     <span class='ocr_line' id='line_1_15' title="bbox 281 1520 1337 1587; baseline 0.006 -22"><span class='ocrx_word' id='word_1_79' title='bbox 281 1521 492 1581; x_wconf 75' lang='lat' dir='ltr'>spectari</span> <span class='ocrx_word' id='word_1_80' title='bbox 515 1522 806 1586; x_wconf 85' lang='lat' dir='ltr'>potuerint.</span> <span class='ocrx_word' id='word_1_81' title='bbox 860 1520 940 1572; x_wconf 85' lang='lat' dir='ltr'>Ac</span> <span class='ocrx_word' id='word_1_82' title='bbox 963 1531 1125 1587; x_wconf 86' lang='lat' dir='ltr'>certe,</span> <span class='ocrx_word' id='word_1_83' title='bbox 1146 1524 1186 1572; x_wconf 82' lang='lat' dir='ltr'>si</span> <span class='ocrx_word' id='word_1_84' title='bbox 1223 1538 1337 1587; x_wconf 81' lang='lat' dir='ltr'>par·</span> 
     </span>
     <span class='ocr_line' id='line_1_16' title="bbox 283 1597 1338 1661; baseline 0.006 -17"><span class='ocrx_word' id='word_1_85' title='bbox 283 1597 431 1646; x_wconf 78' lang='lat' dir='ltr'>ticnla</span> <span class='ocrx_word' id='word_1_86' title='bbox 448 1597 557 1647; x_wconf 75' lang='lat' dir='ltr'>brec</span> <span class='ocrx_word' id='word_1_87' title='bbox 579 1598 682 1647; x_wconf 74' lang='lat' dir='ltr'>nisi</span> <span class='ocrx_word' id='word_1_88' title='bbox 706 1598 790 1647; x_wconf 85' lang='lat' dir='ltr'>bic</span> <span class='ocrx_word' id='word_1_89' title='bbox 813 1601 1107 1661; x_wconf 84' lang='lat' dir='ltr'>omittatur,</span> <span class='ocrx_word' id='word_1_90' title='bbox 1132 1600 1338 1650; x_wconf 83' lang='lat' dir='ltr'>videtur</span> 
     </span>
     <span class='ocr_line' id='line_1_17' title="bbox 283 1673 1340 1739; baseline 0.006 -19"><span class='ocrx_word' id='word_1_91' title='bbox 283 1673 526 1735; x_wconf 78' lang='lat' dir='ltr'>particula</span> <span class='ocrx_word' id='word_1_92' title='bbox 567 1679 735 1723; x_wconf 70' lang='lat' dir='ltr'>tanen</span> <span class='ocrx_word' id='word_1_93' title='bbox 774 1678 921 1739; x_wconf 86' lang='lat' dir='ltr'>sequi</span> <span class='ocrx_word' id='word_1_94' title='bbox 956 1675 1218 1737; x_wconf 75' lang='lat' dir='ltr'>debuisse,</span> <span class='ocrx_word' id='word_1_95' title='bbox 1256 1679 1340 1739; x_wconf 83' lang='lat' dir='ltr'>qui</span> 
     </span>
     <span class='ocr_line' id='line_1_18' title="bbox 282 1752 1339 1813; baseline 0.004 -16"><span class='ocrx_word' id='word_1_96' title='bbox 282 1755 426 1799; x_wconf 70' lang='lat' dir='ltr'>tenen</span> <span class='ocrx_word' id='word_1_97' title='bbox 458 1756 556 1800; x_wconf 72' lang='lat' dir='ltr'>tens</span> <span class='ocrx_word' id='word_1_98' title='bbox 590 1752 749 1800; x_wconf 64' lang='lat' dir='ltr'>mutto</span> <span class='ocrx_word' id='word_1_99' title='bbox 781 1752 1083 1813; x_wconf 74' lang='lat' dir='ltr'>excogitasti.</span> <span class='ocrx_word' id='word_1_100' title='bbox 1146 1753 1339 1802; x_wconf 81' lang='lat' dir='ltr'>Saltem</span> 
     </span>
     <span class='ocr_line' id='line_1_19' title="bbox 284 1825 1339 1893; baseline 0.008 -22"><span class='ocrx_word' id='word_1_101' title='bbox 284 1825 364 1872; x_wconf 80' lang='lat' dir='ltr'>illa</span> <span class='ocrx_word' id='word_1_102' title='bbox 384 1826 492 1888; x_wconf 82' lang='lat' dir='ltr'>ipsa</span> <span class='ocrx_word' id='word_1_103' title='bbox 526 1828 792 1890; x_wconf 87' lang='lat' dir='ltr'>particula</span> <span class='ocrx_word' id='word_1_104' title='bbox 826 1827 938 1893; x_wconf 80' lang='lat' dir='ltr'>nisi,</span> <span class='ocrx_word' id='word_1_105' title='bbox 965 1843 1116 1892; x_wconf 82' lang='lat' dir='ltr'>qnam</span> <span class='ocrx_word' id='word_1_106' title='bbox 1153 1837 1231 1878; x_wconf 90' lang='lat' dir='ltr'>tot</span> <span class='ocrx_word' id='word_1_107' title='bbox 1256 1844 1339 1878; x_wconf 89' lang='lat' dir='ltr'>co·</span> 
     </span>
     <span class='ocr_line' id='line_1_20' title="bbox 284 1902 1341 1969; baseline 0.003 -18"><span class='ocrx_word' id='word_1_108' title='bbox 284 1902 417 1952; x_wconf 78' lang='lat' dir='ltr'>dices</span> <span class='ocrx_word' id='word_1_109' title='bbox 453 1905 660 1969; x_wconf 83' lang='lat' dir='ltr'>scripti,</span> <span class='ocrx_word' id='word_1_110' title='bbox 702 1904 924 1969; x_wconf 76' lang='lat' dir='ltr'>librique</span> <span class='ocrx_word' id='word_1_111' title='bbox 961 1906 1197 1968; x_wconf 81' lang='lat' dir='ltr'>impressi</span> <span class='ocrx_word' id='word_1_112' title='bbox 1236 1920 1341 1955; x_wconf 88' lang='lat' dir='ltr'>ser·</span> 
     </span>
     <span class='ocr_line' id='line_1_21' title="bbox 285 1982 1343 2044; baseline 0.004 -17"><span class='ocrx_word' id='word_1_113' title='bbox 285 1990 477 2043; x_wconf 76' lang='lat' dir='ltr'>varnnt,</span> <span class='ocrx_word' id='word_1_114' title='bbox 498 1982 670 2030; x_wconf 84' lang='lat' dir='ltr'>multo</span> <span class='ocrx_word' id='word_1_115' title='bbox 691 1982 987 2044; x_wconf 86' lang='lat' dir='ltr'>elegantius</span> <span class='ocrx_word' id='word_1_116' title='bbox 1017 1983 1152 2031; x_wconf 78' lang='lat' dir='ltr'>liunc</span> <span class='ocrx_word' id='word_1_117' title='bbox 1176 1983 1343 2031; x_wconf 89' lang='lat' dir='ltr'>locum</span> 
     </span>
     <span class='ocr_line' id='line_1_22' title="bbox 284 2058 1344 2121; baseline 0.006 -19"><span class='ocrx_word' id='word_1_118' title='bbox 284 2065 515 2120; x_wconf 70' lang='lat' dir='ltr'>occupat,</span> <span class='ocrx_word' id='word_1_119' title='bbox 553 2069 712 2121; x_wconf 73' lang='lat' dir='ltr'>qnam</span> <span class='ocrx_word' id='word_1_120' title='bbox 741 2064 799 2106; x_wconf 89' lang='lat' dir='ltr'>ut</span> <span class='ocrx_word' id='word_1_121' title='bbox 825 2071 853 2105; x_wconf 86' lang='lat' dir='ltr'>a</span> <span class='ocrx_word' id='word_1_122' title='bbox 878 2058 998 2106; x_wconf 85' lang='lat' dir='ltr'>solis</span> <span class='ocrx_word' id='word_1_123' title='bbox 1020 2058 1243 2108; x_wconf 88' lang='lat' dir='ltr'>librariis</span> <span class='ocrx_word' id='word_1_124' title='bbox 1268 2060 1344 2109; x_wconf 89' lang='lat' dir='ltr'>in-</span> 
     </span>
     <span class='ocr_line' id='line_1_23' title="bbox 287 2133 983 2184; baseline 0.004 -4"><span class='ocrx_word' id='word_1_125' title='bbox 287 2141 417 2182; x_wconf 80' lang='lat' dir='ltr'>trusa</span> <span class='ocrx_word' id='word_1_126' title='bbox 441 2135 709 2184; x_wconf 75' lang='lat' dir='ltr'>videatur.</span> <span class='ocrx_word' id='word_1_127' title='bbox 742 2133 983 2184; x_wconf 66' lang='lat' dir='ltr'>semaa.</span> 
     </span>
    </p>

    <p class='ocr_par' dir='ltr' id='par_1_3' title="bbox 283 2210 1349 3195">
     <span class='ocr_line' id='line_1_24' title="bbox 350 2210 1344 2275; baseline 0.002 -16"><span class='ocrx_word' id='word_1_128' title='bbox 350 2210 413 2259; x_wconf 89' lang='lat' dir='ltr'>Ut</span> <span class='ocrx_word' id='word_1_129' title='bbox 431 2211 499 2275; x_wconf 78' lang='lat' dir='ltr'>ai]</span> <span class='ocrx_word' id='word_1_130' title='bbox 535 2212 583 2260; x_wconf 88' lang='lat'>1.</span> <span class='ocrx_word' id='word_1_131' title='bbox 608 2224 656 2257; x_wconf 83' lang='lat' dir='ltr'>e.</span> <span class='ocrx_word' id='word_1_132' title='bbox 675 2211 839 2275; x_wconf 85' lang='lat' dir='ltr'>qnasi.</span> <span class='ocrx_word' id='word_1_133' title='bbox 889 2211 1165 2259; x_wconf 72' lang='lat' dir='ltr'>Rhenanus</span> <span class='ocrx_word' id='word_1_134' title='bbox 1186 2211 1344 2261; x_wconf 83' lang='lat' dir='ltr'>babet</span> 
     </span>
     <span class='ocr_line' id='line_1_25' title="bbox 286 2285 1345 2352; baseline 0.003 -18"><span class='ocrx_word' id='word_1_135' title='bbox 286 2285 331 2334; x_wconf 87' lang='lat' dir='ltr'>ln</span> <span class='ocrx_word' id='word_1_136' title='bbox 351 2288 579 2351; x_wconf 72' lang='lat' dir='ltr'>margine</span> <span class='ocrx_word' id='word_1_137' title='bbox 605 2303 663 2337; x_wconf 72' lang='lat' dir='ltr'>aa</span> <span class='ocrx_word' id='word_1_138' title='bbox 684 2288 728 2336; x_wconf 75' lang='lat' dir='ltr'>si</span> <span class='ocrx_word' id='word_1_139' title='bbox 742 2302 763 2345; x_wconf 85' lang='lat'>‚·</span> <span class='ocrx_word' id='word_1_140' title='bbox 783 2294 838 2336; x_wconf 86' lang='lat' dir='ltr'>et</span> <span class='ocrx_word' id='word_1_141' title='bbox 860 2288 933 2336; x_wconf 86' lang='lat' dir='ltr'>sic</span> <span class='ocrx_word' id='word_1_142' title='bbox 963 2303 1166 2352; x_wconf 86' lang='lat' dir='ltr'>quoque</span> <span class='ocrx_word' id='word_1_143' title='bbox 1191 2303 1345 2337; x_wconf 85' lang='lat' dir='ltr'>excu-</span> 
     </span>
     <span class='ocr_line' id='line_1_26' title="bbox 286 2362 1345 2428; baseline 0.003 -18"><span class='ocrx_word' id='word_1_144' title='bbox 286 2376 388 2410; x_wconf 82' lang='lat' dir='ltr'>sum</span> <span class='ocrx_word' id='word_1_145' title='bbox 415 2372 495 2412; x_wconf 79' lang='lat' dir='ltr'>est</span> <span class='ocrx_word' id='word_1_146' title='bbox 534 2363 590 2412; x_wconf 90' lang='lat' dir='ltr'>in</span> <span class='ocrx_word' id='word_1_147' title='bbox 624 2362 854 2412; x_wconf 76' lang='lat' dir='ltr'>editione</span> <span class='ocrx_word' id='word_1_148' title='bbox 890 2362 1237 2428; x_wconf 85' lang='lat' dir='ltr'>Ultrajectina</span> <span class='ocrx_word' id='word_1_149' title='bbox 1263 2378 1345 2413; x_wconf 87' lang='lat' dir='ltr'>an.</span> 
     </span>
     <span class='ocr_line' id='line_1_27' title="bbox 288 2440 1347 2505; baseline 0.003 -18"><span class='ocrx_word' id='word_1_150' title='bbox 288 2443 420 2490; x_wconf 75' lang='lat'>1⁶⁵2.</span> <span class='ocrx_word' id='word_1_151' title='bbox 458 2442 509 2490; x_wconf 87' lang='lat' dir='ltr'>in</span> <span class='ocrx_word' id='word_1_152' title='bbox 548 2440 913 2505; x_wconf 72' lang='lat' dir='ltr'>salmuriensi,</span> <span class='ocrx_word' id='word_1_153' title='bbox 944 2449 998 2492; x_wconf 89' lang='lat' dir='ltr'>et</span> <span class='ocrx_word' id='word_1_154' title='bbox 1031 2442 1347 2493; x_wconf 86' lang='lat' dir='ltr'>Gedanensi.</span> 
     </span>
     <span class='ocr_line' id='line_1_28' title="bbox 283 2518 1345 2583; baseline 0.002 -17"><span class='ocrx_word' id='word_1_155' title='bbox 283 2518 378 2567; x_wconf 80' lang='lat' dir='ltr'>Sed</span> <span class='ocrx_word' id='word_1_156' title='bbox 421 2520 544 2569; x_wconf 82' lang='lat' dir='ltr'>nibil</span> <span class='ocrx_word' id='word_1_157' title='bbox 586 2526 672 2569; x_wconf 80' lang='lat' dir='ltr'>est</span> <span class='ocrx_word' id='word_1_158' title='bbox 707 2519 1027 2570; x_wconf 84' lang='lat' dir='ltr'>mutandum.</span> <span class='ocrx_word' id='word_1_159' title='bbox 1080 2521 1257 2583; x_wconf 88' lang='lat' dir='ltr'>Nepos</span> <span class='ocrx_word' id='word_1_160' title='bbox 1294 2521 1345 2568; x_wconf 86' lang='lat' dir='ltr'>in</span> 
     </span>
     <span class='ocr_line' id='line_1_29' title="bbox 290 2596 1347 2661; baseline 0.002 -18"><span class='ocrx_word' id='word_1_161' title='bbox 290 2596 402 2644; x_wconf 77' lang='lat' dir='ltr'>Dat.</span> <span class='ocrx_word' id='word_1_162' title='bbox 441 2610 560 2661; x_wconf 76' lang='lat' dir='ltr'>cap.</span> <span class='ocrx_word' id='word_1_163' title='bbox 587 2601 670 2647; x_wconf 89' lang='lat' dir='ltr'>ll.</span> <span class='ocrx_word' id='word_1_164' title='bbox 704 2603 720 2626; x_wconf 79' lang='lat'>⁸</span> <span class='ocrx_word' id='word_1_165' title='bbox 743 2596 918 2661; x_wconf 85' lang='lat' dir='ltr'>Atque</span> <span class='ocrx_word' id='word_1_166' title='bbox 946 2597 1038 2661; x_wconf 91' lang='lat' dir='ltr'>ibi,</span> <span class='ocrx_word' id='word_1_167' title='bbox 1072 2597 1157 2646; x_wconf 88' lang='lat' dir='ltr'>ubi</span> <span class='ocrx_word' id='word_1_168' title='bbox 1187 2598 1347 2646; x_wconf 88' lang='lat' dir='ltr'>telum</span> 
     </span>
     <span class='ocr_line' id='line_1_30' title="bbox 288 2673 1348 2737; baseline -0.002 -16"><span class='ocrx_word' id='word_1_169' title='bbox 288 2681 392 2723; x_wconf 78' lang='lat' dir='ltr'>erat</span> <span class='ocrx_word' id='word_1_170' title='bbox 425 2674 679 2737; x_wconf 82' lang='lat' dir='ltr'>positum,</span> <span class='ocrx_word' id='word_1_171' title='bbox 711 2673 922 2729; x_wconf 84' lang='lat' dir='ltr'>resedit,</span> <span class='ocrx_word' id='word_1_172' title='bbox 945 2681 1002 2722; x_wconf 90' lang='lat' dir='ltr'>nt</span> <span class='ocrx_word' id='word_1_173' title='bbox 1024 2674 1065 2722; x_wconf 88' lang='lat' dir='ltr'>si</span> <span class='ocrx_word' id='word_1_174' title='bbox 1090 2688 1121 2723; x_wconf 82' lang='lat' dir='ltr'>a</span> <span class='ocrx_word' id='word_1_175' title='bbox 1143 2674 1348 2722; x_wconf 84' lang='lat' dir='ltr'>lassitu-</span> 
     </span>
     <span class='ocr_line' id='line_1_31' title="bbox 286 2747 1349 2815; baseline 0.002 -19"><span class='ocrx_word' id='word_1_176' title='bbox 286 2747 399 2798; x_wconf 87' lang='lat' dir='ltr'>dine</span> <span class='ocrx_word' id='word_1_177' title='bbox 419 2755 649 2814; x_wconf 84' lang='lat' dir='ltr'>cuperet</span> <span class='ocrx_word' id='word_1_178' title='bbox 667 2750 1036 2815; x_wconf 64' lang='lat' dir='ltr'>acquiescere!</span> <span class='ocrx_word' id='word_1_179' title='bbox 1096 2752 1206 2800; x_wconf 88' lang='lat' dir='ltr'>Cic.</span> <span class='ocrx_word' id='word_1_180' title='bbox 1224 2751 1349 2799; x_wconf 85' lang='lat' dir='ltr'>Tus·</span> 
     </span>
     <span class='ocr_line' id='line_1_32' title="bbox 286 2826 1347 2890; baseline 0.003 -18"><span class='ocrx_word' id='word_1_181' title='bbox 286 2826 381 2873; x_wconf 80' lang='lat' dir='ltr'>cul.</span> <span class='ocrx_word' id='word_1_182' title='bbox 420 2839 497 2876; x_wconf 78' lang='lat' dir='ltr'>tv.</span> <span class='ocrx_word' id='word_1_183' title='bbox 551 2830 637 2876; x_wconf 72' lang='lat'>28.</span> <span class='ocrx_word' id='word_1_184' title='bbox 677 2826 887 2890; x_wconf 86' lang='lat' dir='ltr'>‘Scipio</span> <span class='ocrx_word' id='word_1_185' title='bbox 923 2828 1174 2890; x_wconf 82' lang='lat' dir='ltr'>privatus,</span> <span class='ocrx_word' id='word_1_186' title='bbox 1211 2834 1264 2876; x_wconf 84' lang='lat' dir='ltr'>ut</span> <span class='ocrx_word' id='word_1_187' title='bbox 1306 2827 1347 2875; x_wconf 90' lang='lat' dir='ltr'>si</span> 
     </span>
     <span class='ocr_line' id='line_1_33' title="bbox 286 2904 1348 2968; baseline 0.001 -17"><span class='ocrx_word' id='word_1_188' title='bbox 286 2905 459 2953; x_wconf 72' lang='lat' dir='ltr'>consul</span> <span class='ocrx_word' id='word_1_189' title='bbox 500 2911 670 2961; x_wconf 77' lang='lat' dir='ltr'>esset,</span> <span class='ocrx_word' id='word_1_190' title='bbox 705 2904 793 2968; x_wconf 87' lang='lat' dir='ltr'>qui</span> <span class='ocrx_word' id='word_1_191' title='bbox 836 2906 1206 2968; x_wconf 80' lang='lat' dir='ltr'>rempublicam</span> <span class='ocrx_word' id='word_1_192' title='bbox 1250 2906 1348 2953; x_wconf 83' lang='lat' dir='ltr'>sal·</span> 
     </span>
     <span class='ocr_line' id='line_1_34' title="bbox 288 2980 1349 3046; baseline 0.005 -21"><span class='ocrx_word' id='word_1_193' title='bbox 288 2993 393 3027; x_wconf 75' lang='lat' dir='ltr'>vam</span> <span class='ocrx_word' id='word_1_194' title='bbox 415 2994 537 3029; x_wconf 78' lang='lat' dir='ltr'>esse</span> <span class='ocrx_word' id='word_1_195' title='bbox 560 2981 741 3042; x_wconf 79' lang='lat' dir='ltr'>vellet,</span> <span class='ocrx_word' id='word_1_196' title='bbox 757 2995 813 3030; x_wconf 86' lang='lat' dir='ltr'>se</span> <span class='ocrx_word' id='word_1_197' title='bbox 837 2982 981 3044; x_wconf 85' lang='lat' dir='ltr'>sequi</span> <span class='ocrx_word' id='word_1_198' title='bbox 996 2980 1191 3046; x_wconf 63' lang='lat' dir='ltr'>jussit!</span> <span class='ocrx_word' id='word_1_199' title='bbox 1240 2983 1349 3031; x_wconf 85' lang='lat' dir='ltr'>Pli-</span> 
     </span>
     <span class='ocr_line' id='line_1_35' title="bbox 284 3054 1349 3121; baseline 0.003 -18"><span class='ocrx_word' id='word_1_200' title='bbox 284 3054 394 3104; x_wconf 84' lang='lat' dir='ltr'>nins</span> <span class='ocrx_word' id='word_1_201' title='bbox 428 3059 549 3121; x_wconf 75' lang='lat' dir='ltr'>ipse</span> <span class='ocrx_word' id='word_1_202' title='bbox 584 3057 786 3118; x_wconf 72' lang='lat' dir='ltr'>Paneg.</span> <span class='ocrx_word' id='word_1_203' title='bbox 827 3070 925 3105; x_wconf 81' lang='lat' dir='ltr'>xx.</span> <span class='ocrx_word' id='word_1_204' title='bbox 959 3061 1009 3107; x_wconf 78' lang='lat'>4.</span> <span class='ocrx_word' id='word_1_205' title='bbox 1052 3059 1158 3108; x_wconf 84' lang='lat' dir='ltr'>‘Ut</span> <span class='ocrx_word' id='word_1_206' title='bbox 1195 3059 1237 3107; x_wconf 85' lang='lat' dir='ltr'>si</span> <span class='ocrx_word' id='word_1_207' title='bbox 1275 3058 1349 3107; x_wconf 82' lang='lat' dir='ltr'>vis</span> 
     </span>
     <span class='ocr_line' id='line_1_36' title="bbox 287 3133 1089 3195; baseline 0.005 -15"><span class='ocrx_word' id='word_1_208' title='bbox 287 3133 449 3195; x_wconf 73' lang='lat' dir='ltr'>aliqua</span> <span class='ocrx_word' id='word_1_209' title='bbox 472 3168 488 3183; x_wconf 88' lang='lat'>.</span> <span class='ocrx_word' id='word_1_210' title='bbox 520 3168 535 3183; x_wconf 90' lang='lat'>.</span> <span class='ocrx_word' id='word_1_211' title='bbox 560 3165 575 3181; x_wconf 86' lang='lat'>.</span> <span class='ocrx_word' id='word_1_212' title='bbox 597 3134 893 3183; x_wconf 87' lang='lat' dir='ltr'>incideret.&#39;</span> <span class='ocrx_word' id='word_1_213' title='bbox 940 3136 1089 3184; x_wconf 81' lang='lat' dir='ltr'>Idem.</span> 
     </span>
    </p>

    <p class='ocr_par' dir='ltr' id='par_1_4' title="bbox 286 3210 1359 4350">
     <span class='ocr_line' id='line_1_37' title="bbox 349 3210 1350 3276; baseline 0.002 -16"><span class='ocrx_word' id='word_1_214' title='bbox 349 3210 673 3275; x_wconf 72' lang='lat' dir='ltr'>Dispmaeto]</span> <span class='ocrx_word' id='word_1_215' title='bbox 711 3210 758 3260; x_wconf 91' lang='lat'>1.</span> <span class='ocrx_word' id='word_1_216' title='bbox 781 3226 829 3260; x_wconf 91' lang='lat' dir='ltr'>e.</span> <span class='ocrx_word' id='word_1_217' title='bbox 851 3211 1145 3276; x_wconf 85' lang='lat' dir='ltr'>distributa,</span> <span class='ocrx_word' id='word_1_218' title='bbox 1165 3225 1222 3260; x_wconf 86' lang='lat' dir='ltr'>ac</span> <span class='ocrx_word' id='word_1_219' title='bbox 1239 3226 1350 3275; x_wconf 85' lang='lat' dir='ltr'>par·</span> 
     </span>
     <span class='ocr_line' id='line_1_38' title="bbox 286 3289 1349 3353; baseline 0.002 -17"><span class='ocrx_word' id='word_1_220' title='bbox 286 3289 415 3337; x_wconf 85' lang='lat' dir='ltr'>titim</span> <span class='ocrx_word' id='word_1_221' title='bbox 448 3298 507 3340; x_wconf 86' lang='lat' dir='ltr'>et</span> <span class='ocrx_word' id='word_1_222' title='bbox 542 3290 728 3338; x_wconf 84' lang='lat' dir='ltr'>sensim</span> <span class='ocrx_word' id='word_1_223' title='bbox 763 3289 1003 3338; x_wconf 85' lang='lat' dir='ltr'>instituta</span> <span class='ocrx_word' id='word_1_224' title='bbox 1032 3299 1187 3353; x_wconf 79' lang='lat' dir='ltr'>atque</span> <span class='ocrx_word' id='word_1_225' title='bbox 1216 3303 1349 3351; x_wconf 78' lang='lat' dir='ltr'>prae·</span> 
     </span>
     <span class='ocr_line' id='line_1_39' title="bbox 286 3365 1352 3430; baseline 0.002 -16"><span class='ocrx_word' id='word_1_226' title='bbox 286 3366 419 3415; x_wconf 78' lang='lat' dir='ltr'>atita.</span> <span class='ocrx_word' id='word_1_227' title='bbox 454 3366 562 3416; x_wconf 80' lang='lat' dir='ltr'>His</span> <span class='ocrx_word' id='word_1_228' title='bbox 578 3380 694 3415; x_wconf 86' lang='lat' dir='ltr'>mox</span> <span class='ocrx_word' id='word_1_229' title='bbox 712 3375 1046 3430; x_wconf 86' lang='lat' dir='ltr'>opponuntur</span> <span class='ocrx_word' id='word_1_230' title='bbox 1065 3365 1302 3430; x_wconf 83' lang='lat' dir='ltr'>‘profusa</span> <span class='ocrx_word' id='word_1_231' title='bbox 1315 3366 1352 3416; x_wconf 86' lang='lat'>:’</span> 
     </span>
     <span class='ocr_line' id='line_1_40' title="bbox 289 3440 1352 3506; baseline 0.005 -17"><span class='ocrx_word' id='word_1_232' title='bbox 289 3442 304 3468; x_wconf 89' lang='lat'>‘</span> <span class='ocrx_word' id='word_1_233' title='bbox 321 3448 373 3490; x_wconf 86' lang='lat' dir='ltr'>at</span> <span class='ocrx_word' id='word_1_234' title='bbox 398 3451 455 3491; x_wconf 88' lang='lat' dir='ltr'>tn</span> <span class='ocrx_word' id='word_1_235' title='bbox 480 3441 637 3491; x_wconf 84' lang='lat' dir='ltr'>simul</span> <span class='ocrx_word' id='word_1_236' title='bbox 660 3443 832 3491; x_wconf 88' lang='lat' dir='ltr'>omnia</span> <span class='ocrx_word' id='word_1_237' title='bbox 855 3440 1166 3506; x_wconf 59' lang='lat' dir='ltr'>profudisti!</span> <span class='ocrx_word' id='word_1_238' title='bbox 1234 3444 1352 3494; x_wconf 82' lang='lat' dir='ltr'>Hoc</span> 
     </span>
     <span class='ocr_line' id='line_1_41' title="bbox 290 3518 1353 3571; baseline 0.007 -7"><span class='ocrx_word' id='word_1_239' title='bbox 290 3519 448 3567; x_wconf 75' lang='lat' dir='ltr'>voluit</span> <span class='ocrx_word' id='word_1_240' title='bbox 492 3518 671 3567; x_wconf 85' lang='lat' dir='ltr'>dicere</span> <span class='ocrx_word' id='word_1_241' title='bbox 710 3518 939 3567; x_wconf 83' lang='lat' dir='ltr'>Plinius:</span> <span class='ocrx_word' id='word_1_242' title='bbox 975 3520 1031 3569; x_wconf 91' lang='lat' dir='ltr'>Si</span> <span class='ocrx_word' id='word_1_243' title='bbox 1068 3520 1256 3570; x_wconf 88' lang='lat' dir='ltr'>sensim</span> <span class='ocrx_word' id='word_1_244' title='bbox 1297 3527 1353 3571; x_wconf 90' lang='lat' dir='ltr'>et</span> 
     </span>
     <span class='ocr_line' id='line_1_42' title="bbox 290 3594 1350 3660; baseline 0.007 -18"><span class='ocrx_word' id='word_1_245' title='bbox 290 3595 554 3658; x_wconf 73' lang='lat' dir='ltr'>sigillatim</span> <span class='ocrx_word' id='word_1_246' title='bbox 588 3594 821 3658; x_wconf 80' lang='lat' dir='ltr'>quaedam</span> <span class='ocrx_word' id='word_1_247' title='bbox 850 3596 1127 3660; x_wconf 72' lang='lat' dir='ltr'>adjecisses</span> <span class='ocrx_word' id='word_1_248' title='bbox 1152 3598 1350 3649; x_wconf 87' lang='lat' dir='ltr'>institu-</span> 
     </span>
     <span class='ocr_line' id='line_1_43' title="bbox 291 3671 1352 3740; baseline 0.005 -20"><span class='ocrx_word' id='word_1_249' title='bbox 291 3671 353 3720; x_wconf 86' lang='lat' dir='ltr'>tis</span> <span class='ocrx_word' id='word_1_250' title='bbox 377 3672 485 3721; x_wconf 86' lang='lat' dir='ltr'>Titi</span> <span class='ocrx_word' id='word_1_251' title='bbox 511 3677 568 3721; x_wconf 88' lang='lat' dir='ltr'>et</span> <span class='ocrx_word' id='word_1_252' title='bbox 594 3672 805 3730; x_wconf 63' lang='lat' dir='ltr'>Neue,</span> <span class='ocrx_word' id='word_1_253' title='bbox 828 3673 893 3722; x_wconf 81' lang='lat' dir='ltr'>ad</span> <span class='ocrx_word' id='word_1_254' title='bbox 915 3674 1234 3724; x_wconf 69' lang='lat' dir='ltr'>coercendos</span> <span class='ocrx_word' id='word_1_255' title='bbox 1258 3691 1352 3740; x_wconf 89' lang='lat' dir='ltr'>pu·</span> 
     </span>
     <span class='ocr_line' id='line_1_44' title="bbox 289 3748 1355 3815; baseline 0.005 -19"><span class='ocrx_word' id='word_1_256' title='bbox 289 3749 613 3812; x_wconf 74' lang='lat' dir='ltr'>tuendosque</span> <span class='ocrx_word' id='word_1_257' title='bbox 644 3748 921 3805; x_wconf 87' lang='lat' dir='ltr'>delatores,</span> <span class='ocrx_word' id='word_1_258' title='bbox 959 3757 1205 3815; x_wconf 86' lang='lat' dir='ltr'>quantum</span> <span class='ocrx_word' id='word_1_259' title='bbox 1240 3767 1355 3815; x_wconf 80' lang='lat' dir='ltr'>gra-</span> 
     </span>
     <span class='ocr_line' id='line_1_45' title="bbox 291 3824 1355 3890; baseline 0.005 -19"><span class='ocrx_word' id='word_1_260' title='bbox 291 3824 374 3871; x_wconf 72' lang='lat' dir='ltr'>tiae</span> <span class='ocrx_word' id='word_1_261' title='bbox 396 3833 451 3874; x_wconf 85' lang='lat' dir='ltr'>et</span> <span class='ocrx_word' id='word_1_262' title='bbox 481 3824 812 3874; x_wconf 77' lang='lat' dir='ltr'>auctoritatis</span> <span class='ocrx_word' id='word_1_263' title='bbox 842 3826 954 3889; x_wconf 85' lang='lat' dir='ltr'>jam</span> <span class='ocrx_word' id='word_1_264' title='bbox 991 3834 1098 3875; x_wconf 88' lang='lat' dir='ltr'>tum</span> <span class='ocrx_word' id='word_1_265' title='bbox 1120 3827 1355 3890; x_wconf 83' lang='lat' dir='ltr'>collegis·</span> 
     </span>
     <span class='ocr_line' id='line_1_46' title="bbox 294 3902 1352 3969; baseline 0.003 -17"><span class='ocrx_word' id='word_1_266' title='bbox 294 3904 405 3952; x_wconf 83' lang='lat' dir='ltr'>ses?</span> <span class='ocrx_word' id='word_1_267' title='bbox 432 3904 518 3953; x_wconf 86' lang='lat' dir='ltr'>Sic</span> <span class='ocrx_word' id='word_1_268' title='bbox 536 3902 693 3966; x_wconf 86' lang='lat' dir='ltr'>idem,</span> <span class='ocrx_word' id='word_1_269' title='bbox 710 3904 878 3965; x_wconf 81' lang='lat' dir='ltr'>Epist.</span> <span class='ocrx_word' id='word_1_270' title='bbox 897 3917 982 3954; x_wconf 76' lang='grc' dir='ltr'>ιιι.</span> <span class='ocrx_word' id='word_1_271' title='bbox 999 3908 1078 3954; x_wconf 89' lang='grc'>10.</span> <span class='ocrx_word' id='word_1_272' title='bbox 1097 3906 1352 3969; x_wconf 85' lang='lat' dir='ltr'>loquitur:</span> 
     </span>
     <span class='ocr_line' id='line_1_47' title="bbox 293 3978 1358 4046; baseline 0.002 -17"><span class='ocrx_word' id='word_1_273' title='bbox 293 3982 308 4005; x_wconf 82' lang='lat'>⁴</span> <span class='ocrx_word' id='word_1_274' title='bbox 328 3980 510 4046; x_wconf 83' lang='lat' dir='ltr'>Neque</span> <span class='ocrx_word' id='word_1_275' title='bbox 545 3980 681 4029; x_wconf 87' lang='lat' dir='ltr'>enim</span> <span class='ocrx_word' id='word_1_276' title='bbox 713 3978 987 4031; x_wconf 74' lang='lat' dir='ltr'>affectibus</span> <span class='ocrx_word' id='word_1_277' title='bbox 1018 3982 1144 4030; x_wconf 83' lang='lat' dir='ltr'>meis</span> <span class='ocrx_word' id='word_1_278' title='bbox 1167 3996 1267 4031; x_wconf 87' lang='lat' dir='ltr'>uuo</span> <span class='ocrx_word' id='word_1_279' title='bbox 1300 3984 1358 4031; x_wconf 90' lang='lat' dir='ltr'>li·</span> 
     </span>
     <span class='ocr_line' id='line_1_48' title="bbox 297 4056 1359 4108; baseline 0.002 -2"><span class='ocrx_word' id='word_1_280' title='bbox 297 4056 428 4107; x_wconf 87' lang='lat' dir='ltr'>bello</span> <span class='ocrx_word' id='word_1_281' title='bbox 467 4056 785 4107; x_wconf 84' lang='lat' dir='ltr'>carissimam</span> <span class='ocrx_word' id='word_1_282' title='bbox 829 4059 953 4108; x_wconf 86' lang='lat' dir='ltr'>mibi</span> <span class='ocrx_word' id='word_1_283' title='bbox 995 4067 1051 4107; x_wconf 90' lang='lat' dir='ltr'>et</span> <span class='ocrx_word' id='word_1_284' title='bbox 1097 4059 1359 4108; x_wconf 86' lang='lat' dir='ltr'>sanctissi-</span> 
     </span>
     <span class='ocr_line' id='line_1_49' title="bbox 297 4133 1357 4199; baseline 0.005 -18"><span class='ocrx_word' id='word_1_285' title='bbox 297 4146 423 4185; x_wconf 78' lang='lat' dir='ltr'>mam</span> <span class='ocrx_word' id='word_1_286' title='bbox 459 4133 761 4183; x_wconf 82' lang='lat' dir='ltr'>memoriam</span> <span class='ocrx_word' id='word_1_287' title='bbox 798 4135 1040 4199; x_wconf 80' lang='lat' dir='ltr'>prosequi</span> <span class='ocrx_word' id='word_1_288' title='bbox 1078 4137 1206 4185; x_wconf 87' lang='lat' dir='ltr'>satis</span> <span class='ocrx_word' id='word_1_289' title='bbox 1242 4144 1357 4186; x_wconf 84' lang='lat' dir='ltr'>est:</span> 
     </span>
     <span class='ocr_line' id='line_1_50' title="bbox 298 4211 1358 4275; baseline 0.005 -18"><span class='ocrx_word' id='word_1_290' title='bbox 298 4211 437 4273; x_wconf 81' lang='lat' dir='ltr'>enjus</span> <span class='ocrx_word' id='word_1_291' title='bbox 466 4211 619 4261; x_wconf 67' lang='lat' dir='ltr'>fame</span> <span class='ocrx_word' id='word_1_292' title='bbox 649 4211 805 4260; x_wconf 80' lang='lat' dir='ltr'>latius</span> <span class='ocrx_word' id='word_1_293' title='bbox 835 4213 1154 4275; x_wconf 87' lang='lat' dir='ltr'>consuletur,</span> <span class='ocrx_word' id='word_1_294' title='bbox 1189 4214 1230 4260; x_wconf 83' lang='lat' dir='ltr'>si</span> <span class='ocrx_word' id='word_1_295' title='bbox 1256 4212 1358 4262; x_wconf 89' lang='lat' dir='ltr'>dis·</span> 
     </span>
     <span class='ocr_line' id='line_1_51' title="bbox 298 4287 1358 4350; baseline 0.005 -15"><span class='ocrx_word' id='word_1_296' title='bbox 298 4295 510 4349; x_wconf 82' lang='lat' dir='ltr'>pensata</span> <span class='ocrx_word' id='word_1_297' title='bbox 554 4296 610 4337; x_wconf 88' lang='lat' dir='ltr'>et</span> <span class='ocrx_word' id='word_1_298' title='bbox 657 4287 901 4350; x_wconf 72' lang='lat' dir='ltr'>digesta,&#39;</span> <span class='ocrx_word' id='word_1_299' title='bbox 937 4289 987 4338; x_wconf 86' lang='lat' dir='ltr'>h.</span> <span class='ocrx_word' id='word_1_300' title='bbox 1026 4288 1077 4339; x_wconf 85' lang='lat' dir='ltr'>e.</span> <span class='ocrx_word' id='word_1_301' title='bbox 1115 4304 1218 4340; x_wconf 86' lang='lat' dir='ltr'>non</span> <span class='ocrx_word' id='word_1_302' title='bbox 1257 4306 1358 4341; x_wconf 91' lang='lat' dir='ltr'>uno</span> 
     </span>
    </p>
   </div>
   <div class='ocr_carea' id='block_1_3' title="bbox 422 4371 983 4437">
    <p class='ocr_par' dir='ltr' id='par_1_5' title="bbox 422 4371 983 4437">
     <span class='ocr_line' id='line_1_52' title="bbox 422 4371 983 4437; baseline 0 -17"><span class='ocrx_word' id='word_1_303' title='bbox 422 4372 601 4436; x_wconf 68' lang='lat' dir='ltr'>Daph.</span> <span class='ocrx_word' id='word_1_304' title='bbox 625 4378 670 4422; x_wconf 84' lang='lat' dir='ltr'>et</span> <span class='ocrx_word' id='word_1_305' title='bbox 700 4371 817 4420; x_wconf 68' lang='grc' dir='ltr'><strong>γαν.</strong></span> <span class='ocrx_word' id='word_1_306' title='bbox 836 4372 983 4437; x_wconf 67' lang='grc' dir='ltr'>(ΗΜ.Ι</span> 
     </span>
    </p>
   </div>
   <div class='ocr_carea' id='block_1_4' title="bbox 1263 4372 1588 4435">
    <p class='ocr_par' dir='ltr' id='par_1_6' title="bbox 1263 4372 1588 4435">
     <span class='ocr_line' id='line_1_53' title="bbox 1263 4372 1588 4435; baseline -0.006 -13"><span class='ocrx_word' id='word_1_307' title='bbox 1263 4374 1450 4435; x_wconf 78' lang='lat' dir='ltr'>Paneg.</span> <span class='ocrx_word' id='word_1_308' title='bbox 1483 4372 1588 4421; x_wconf 60' lang='lat' dir='ltr'>Vnt.</span> 
     </span>
    </p>
   </div>
   <div class='ocr_carea' id='block_1_5' title="bbox 1859 366 2476 432">
    <p class='ocr_par' dir='ltr' id='par_1_7' title="bbox 1859 366 2476 432">
     <span class='ocr_line' id='line_1_54' title="bbox 1859 366 2476 432; baseline 0.006 -4"><span class='ocrx_word' id='word_1_309' title='bbox 1859 381 1907 430; x_wconf 91' lang='lat'>1.</span> <span class='ocrx_word' id='word_1_310' title='bbox 1937 366 2046 431; x_wconf 84' lang='lat'>35.</span> <span class='ocrx_word' id='word_1_311' title='bbox 2346 367 2476 432; x_wconf 76' lang='lat'>641</span> 
     </span>
    </p>
   </div>
   <div class='ocr_carea' id='block_1_6' title="bbox 1413 525 2503 4350">
    <p class='ocr_par' dir='ltr' id='par_1_8' title="bbox 1414 525 2477 726">
     <span class='ocr_line' id='line_1_55' title="bbox 1415 525 2477 590; baseline 0.005 -18"><span class='ocrx_word' id='word_1_312' title='bbox 1415 527 1671 586; x_wconf 85' lang='lat' dir='ltr'>tempore,</span> <span class='ocrx_word' id='word_1_313' title='bbox 1710 538 1916 589; x_wconf 87' lang='lat' dir='ltr'>unaque</span> <span class='ocrx_word' id='word_1_314' title='bbox 1948 538 2129 590; x_wconf 85' lang='lat' dir='ltr'>opera,</span> <span class='ocrx_word' id='word_1_315' title='bbox 2166 525 2256 574; x_wconf 88' lang='lat' dir='ltr'>sed</span> <span class='ocrx_word' id='word_1_316' title='bbox 2290 528 2477 577; x_wconf 80' lang='lat' dir='ltr'>sensim</span> 
     </span>
     <span class='ocr_line' id='line_1_56' title="bbox 1416 601 2477 666; baseline 0.008 -20"><span class='ocrx_word' id='word_1_317' title='bbox 1416 609 1470 647; x_wconf 85' lang='lat' dir='ltr'>et</span> <span class='ocrx_word' id='word_1_318' title='bbox 1511 601 1700 663; x_wconf 77' lang='lat' dir='ltr'>saepius</span> <span class='ocrx_word' id='word_1_319' title='bbox 1740 602 1981 666; x_wconf 83' lang='lat' dir='ltr'>exposita</span> <span class='ocrx_word' id='word_1_320' title='bbox 2023 608 2078 651; x_wconf 85' lang='lat' dir='ltr'>et</span> <span class='ocrx_word' id='word_1_321' title='bbox 2114 601 2258 651; x_wconf 81' lang='lat' dir='ltr'>culta</span> <span class='ocrx_word' id='word_1_322' title='bbox 2294 601 2477 654; x_wconf 82' lang='lat' dir='ltr'>suerit.</span> 
     </span>
     <span class='ocr_line' id='line_1_57' title="bbox 1414 677 1564 726; baseline 0.007 -2"><span class='ocrx_word' id='word_1_323' title='bbox 1414 677 1564 726; x_wconf 80' lang='lat' dir='ltr'>Idem.</span> 
     </span>
    </p>

    <p class='ocr_par' dir='ltr' id='par_1_9' title="bbox 1413 751 2479 1111">
     <span class='ocr_line' id='line_1_58' title="bbox 1477 751 2478 819; baseline 0.004 -17"><span class='ocrx_word' id='word_1_324' title='bbox 1477 753 1552 802; x_wconf 74' lang='lat' dir='ltr'>At</span> <span class='ocrx_word' id='word_1_325' title='bbox 1587 753 1663 815; x_wconf 77' lang='lat' dir='ltr'>tu]</span> <span class='ocrx_word' id='word_1_326' title='bbox 1701 751 2022 803; x_wconf 87' lang='lat' dir='ltr'>Particulam</span> <span class='ocrx_word' id='word_1_327' title='bbox 2059 759 2129 811; x_wconf 79' lang='lat' dir='ltr'>at,</span> <span class='ocrx_word' id='word_1_328' title='bbox 2163 758 2478 819; x_wconf 78' lang='lat' dir='ltr'>praetermis·</span> 
     </span>
     <span class='ocr_line' id='line_1_59' title="bbox 1413 831 2477 895; baseline 0.008 -18"><span class='ocrx_word' id='word_1_329' title='bbox 1413 844 1519 878; x_wconf 84' lang='lat' dir='ltr'>sam</span> <span class='ocrx_word' id='word_1_330' title='bbox 1558 832 1623 879; x_wconf 87' lang='lat' dir='ltr'>ab</span> <span class='ocrx_word' id='word_1_331' title='bbox 1648 831 1817 882; x_wconf 86' lang='lat' dir='ltr'>Henr.</span> <span class='ocrx_word' id='word_1_332' title='bbox 1841 831 2128 895; x_wconf 84' lang='lat' dir='ltr'>Stephano,</span> <span class='ocrx_word' id='word_1_333' title='bbox 2161 834 2477 894; x_wconf 83' lang='lat' dir='ltr'>Boxbornio,</span> 
     </span>
     <span class='ocr_line' id='line_1_60' title="bbox 1413 908 2479 964; baseline 0.007 -9"><span class='ocrx_word' id='word_1_334' title='bbox 1413 914 1468 955; x_wconf 84' lang='lat' dir='ltr'>et</span> <span class='ocrx_word' id='word_1_335' title='bbox 1494 908 1739 964; x_wconf 79' lang='lat' dir='ltr'>cellario,</span> <span class='ocrx_word' id='word_1_336' title='bbox 1766 922 1831 957; x_wconf 89' lang='lat' dir='ltr'>ex</span> <span class='ocrx_word' id='word_1_337' title='bbox 1852 908 2123 959; x_wconf 84' lang='lat' dir='ltr'>codicibus</span> <span class='ocrx_word' id='word_1_338' title='bbox 2146 910 2277 960; x_wconf 88' lang='lat' dir='ltr'>Mss.</span> <span class='ocrx_word' id='word_1_339' title='bbox 2308 919 2363 962; x_wconf 88' lang='lat' dir='ltr'>et</span> <span class='ocrx_word' id='word_1_340' title='bbox 2392 927 2479 961; x_wconf 87' lang='lat' dir='ltr'>ce·</span> 
     </span>
     <span class='ocr_line' id='line_1_61' title="bbox 1417 983 2476 1050; baseline 0.007 -20"><span class='ocrx_word' id='word_1_341' title='bbox 1417 983 1541 1032; x_wconf 90' lang='lat' dir='ltr'>teris</span> <span class='ocrx_word' id='word_1_342' title='bbox 1599 983 1744 1033; x_wconf 86' lang='lat' dir='ltr'>libris</span> <span class='ocrx_word' id='word_1_343' title='bbox 1799 985 2082 1050; x_wconf 79' lang='lat' dir='ltr'>impressis,</span> <span class='ocrx_word' id='word_1_344' title='bbox 2136 988 2476 1038; x_wconf 77' lang='lat' dir='ltr'>revocandam</span> 
     </span>
     <span class='ocr_line' id='line_1_62' title="bbox 1413 1058 1744 1111; baseline 0.015 -5"><span class='ocrx_word' id='word_1_345' title='bbox 1413 1058 1554 1108; x_wconf 78' lang='lat' dir='ltr'>duxi.</span> <span class='ocrx_word' id='word_1_346' title='bbox 1592 1061 1744 1111; x_wconf 85' lang='lat' dir='ltr'>Idem.</span> 
     </span>
    </p>

    <p class='ocr_par' dir='ltr' id='par_1_10' title="bbox 1413 1135 2503 4350">
     <span class='ocr_line' id='line_1_63' title="bbox 1482 1135 2481 1201; baseline 0.008 -18"><span class='ocrx_word' id='word_1_347' title='bbox 1482 1136 1660 1184; x_wconf 80' lang='lat' dir='ltr'>Omnia</span> <span class='ocrx_word' id='word_1_348' title='bbox 1680 1135 1964 1201; x_wconf 67' lang='lat' dir='ltr'>profudisti]</span> <span class='ocrx_word' id='word_1_349' title='bbox 1988 1137 2051 1187; x_wconf 94' lang='lat' dir='ltr'>In</span> <span class='ocrx_word' id='word_1_350' title='bbox 2069 1137 2336 1189; x_wconf 86' lang='lat' dir='ltr'>codicibus</span> <span class='ocrx_word' id='word_1_351' title='bbox 2352 1140 2481 1192; x_wconf 84' lang='lat' dir='ltr'>Msa.</span> 
     </span>
     <span class='ocr_line' id='line_1_64' title="bbox 1414 1213 2480 1280; baseline 0.007 -21"><span class='ocrx_word' id='word_1_352' title='bbox 1414 1220 1467 1259; x_wconf 90' lang='lat' dir='ltr'>et</span> <span class='ocrx_word' id='word_1_353' title='bbox 1504 1213 1736 1275; x_wconf 84' lang='lat' dir='ltr'>plurimis</span> <span class='ocrx_word' id='word_1_354' title='bbox 1772 1214 2056 1277; x_wconf 88' lang='lat' dir='ltr'>impressis,</span> <span class='ocrx_word' id='word_1_355' title='bbox 2096 1216 2286 1279; x_wconf 86' lang='lat' dir='ltr'>legitur</span> <span class='ocrx_word' id='word_1_356' title='bbox 2317 1216 2480 1280; x_wconf 86' lang='lat' dir='ltr'>persu-</span> 
     </span>
     <span class='ocr_line' id='line_1_65' title="bbox 1414 1289 2481 1357; baseline 0.004 -19"><span class='ocrx_word' id='word_1_357' title='bbox 1414 1289 1569 1347; x_wconf 80' lang='lat' dir='ltr'>disti;</span> <span class='ocrx_word' id='word_1_358' title='bbox 1614 1290 1750 1353; x_wconf 91' lang='lat' dir='ltr'>quod</span> <span class='ocrx_word' id='word_1_359' title='bbox 1785 1292 1997 1341; x_wconf 88' lang='lat' dir='ltr'>verbum</span> <span class='ocrx_word' id='word_1_360' title='bbox 2038 1306 2140 1341; x_wconf 91' lang='lat' dir='ltr'>non</span> <span class='ocrx_word' id='word_1_361' title='bbox 2175 1293 2481 1357; x_wconf 87' lang='lat' dir='ltr'>simpliciter</span> 
     </span>
     <span class='ocr_line' id='line_1_66' title="bbox 1416 1366 2480 1433; baseline 0.006 -20"><span class='ocrx_word' id='word_1_362' title='bbox 1416 1366 1835 1429; x_wconf 87' lang='lat' dir='ltr'>adspernandnm</span> <span class='ocrx_word' id='word_1_363' title='bbox 1863 1367 2088 1426; x_wconf 78' lang='lat' dir='ltr'>videtur,</span> <span class='ocrx_word' id='word_1_364' title='bbox 2110 1369 2232 1433; x_wconf 86' lang='lat' dir='ltr'>quia</span> <span class='ocrx_word' id='word_1_365' title='bbox 2265 1377 2317 1420; x_wconf 87' lang='lat' dir='ltr'>et</span> <span class='ocrx_word' id='word_1_366' title='bbox 2353 1370 2480 1420; x_wconf 85' lang='lat' dir='ltr'>alibi</span> 
     </span>
     <span class='ocr_line' id='line_1_67' title="bbox 1416 1443 2480 1510; baseline 0.007 -19"><span class='ocrx_word' id='word_1_367' title='bbox 1416 1444 1482 1491; x_wconf 90' lang='lat' dir='ltr'>de</span> <span class='ocrx_word' id='word_1_368' title='bbox 1506 1443 1613 1492; x_wconf 86' lang='lat' dir='ltr'>sole</span> <span class='ocrx_word' id='word_1_369' title='bbox 1637 1454 1936 1507; x_wconf 83' lang='lat' dir='ltr'>usurpatur.</span> <span class='ocrx_word' id='word_1_370' title='bbox 2000 1446 2089 1495; x_wconf 90' lang='lat' dir='ltr'>Sic</span> <span class='ocrx_word' id='word_1_371' title='bbox 2112 1446 2244 1495; x_wconf 91' lang='lat' dir='ltr'>enim</span> <span class='ocrx_word' id='word_1_372' title='bbox 2282 1453 2336 1496; x_wconf 90' lang='lat' dir='ltr'>et</span> <span class='ocrx_word' id='word_1_373' title='bbox 2369 1448 2480 1510; x_wconf 86' lang='lat' dir='ltr'>ipse</span> 
     </span>
     <span class='ocr_line' id='line_1_68' title="bbox 1416 1522 2476 1584; baseline 0.003 -14"><span class='ocrx_word' id='word_1_374' title='bbox 1416 1522 1556 1571; x_wconf 84' lang='lat' dir='ltr'>Plin.</span> <span class='ocrx_word' id='word_1_375' title='bbox 1584 1522 1751 1584; x_wconf 81' lang='lat' dir='ltr'>Epist.</span> <span class='ocrx_word' id='word_1_376' title='bbox 1779 1536 1835 1572; x_wconf 77' lang='grc' dir='ltr'><strong>ν.</strong></span> <span class='ocrx_word' id='word_1_377' title='bbox 1868 1527 1918 1571; x_wconf 83' lang='grc'><strong>6.</strong></span> <span class='ocrx_word' id='word_1_378' title='bbox 1949 1526 2030 1572; x_wconf 72' lang='lat'>21.</span> <span class='ocrx_word' id='word_1_379' title='bbox 2066 1524 2247 1572; x_wconf 82' lang='lat' dir='ltr'>‘Idem</span> <span class='ocrx_word' id='word_1_380' title='bbox 2271 1525 2476 1573; x_wconf 87' lang='lat' dir='ltr'>cubicu-</span> 
     </span>
     <span class='ocr_line' id='line_1_69' title="bbox 1413 1597 2485 1663; baseline 0.003 -18"><span class='ocrx_word' id='word_1_381' title='bbox 1413 1597 1519 1646; x_wconf 88' lang='lat' dir='ltr'>lum</span> <span class='ocrx_word' id='word_1_382' title='bbox 1550 1597 1720 1646; x_wconf 86' lang='lat' dir='ltr'>hieme</span> <span class='ocrx_word' id='word_1_383' title='bbox 1753 1598 2148 1661; x_wconf 87' lang='lat' dir='ltr'>tepidissimum,</span> <span class='ocrx_word' id='word_1_384' title='bbox 2170 1600 2292 1663; x_wconf 90' lang='lat' dir='ltr'>quia</span> <span class='ocrx_word' id='word_1_385' title='bbox 2325 1601 2485 1663; x_wconf 85' lang='lat' dir='ltr'>pluri·</span> 
     </span>
     <span class='ocr_line' id='line_1_70' title="bbox 1417 1673 2484 1737; baseline 0.002 -15"><span class='ocrx_word' id='word_1_386' title='bbox 1417 1688 1501 1722; x_wconf 89' lang='lat' dir='ltr'>mo</span> <span class='ocrx_word' id='word_1_387' title='bbox 1541 1675 1648 1723; x_wconf 87' lang='lat' dir='ltr'>sole</span> <span class='ocrx_word' id='word_1_388' title='bbox 1688 1673 2056 1737; x_wconf 64' lang='lat' dir='ltr'>perfunditur!</span> <span class='ocrx_word' id='word_1_389' title='bbox 2120 1676 2209 1725; x_wconf 87' lang='lat' dir='ltr'>Sic</span> <span class='ocrx_word' id='word_1_390' title='bbox 2242 1676 2339 1726; x_wconf 86' lang='lat' dir='ltr'>hoc</span> <span class='ocrx_word' id='word_1_391' title='bbox 2371 1676 2484 1725; x_wconf 92' lang='lat' dir='ltr'>loco</span> 
     </span>
     <span class='ocr_line' id='line_1_71' title="bbox 1417 1751 2486 1815; baseline 0.001 -16"><span class='ocrx_word' id='word_1_392' title='bbox 1417 1751 1488 1799; x_wconf 75' lang='lat' dir='ltr'>At</span> <span class='ocrx_word' id='word_1_393' title='bbox 1520 1756 1576 1800; x_wconf 85' lang='lat' dir='ltr'>tu</span> <span class='ocrx_word' id='word_1_394' title='bbox 1605 1752 1746 1799; x_wconf 80' lang='lat' dir='ltr'>simul</span> <span class='ocrx_word' id='word_1_395' title='bbox 1778 1754 1933 1800; x_wconf 78' lang='lat' dir='ltr'>omniu</span> <span class='ocrx_word' id='word_1_396' title='bbox 1963 1751 2240 1815; x_wconf 73' lang='lat' dir='ltr'>perfudisti,</span> <span class='ocrx_word' id='word_1_397' title='bbox 2269 1760 2323 1802; x_wconf 85' lang='lat' dir='ltr'>ut</span> <span class='ocrx_word' id='word_1_398' title='bbox 2344 1754 2486 1801; x_wconf 79' lang='lat' dir='ltr'>solet</span> 
     </span>
     <span class='ocr_line' id='line_1_72' title="bbox 1416 1826 2484 1891; baseline 0.004 -18"><span class='ocrx_word' id='word_1_399' title='bbox 1416 1827 1539 1886; x_wconf 76' lang='lat' dir='ltr'>dies,</span> <span class='ocrx_word' id='word_1_400' title='bbox 1558 1830 1640 1886; x_wconf 64' lang='lat' dir='ltr'>sse.</span> <span class='ocrx_word' id='word_1_401' title='bbox 1666 1830 1698 1875; x_wconf 89' lang='lat' dir='ltr'>i.</span> <span class='ocrx_word' id='word_1_402' title='bbox 1722 1843 1769 1875; x_wconf 89' lang='lat' dir='ltr'>e.</span> <span class='ocrx_word' id='word_1_403' title='bbox 1813 1826 1885 1876; x_wconf 90' lang='lat' dir='ltr'>At</span> <span class='ocrx_word' id='word_1_404' title='bbox 1909 1834 1965 1876; x_wconf 88' lang='lat' dir='ltr'>tn</span> <span class='ocrx_word' id='word_1_405' title='bbox 1993 1829 2141 1877; x_wconf 88' lang='lat' dir='ltr'>simul</span> <span class='ocrx_word' id='word_1_406' title='bbox 2162 1829 2334 1877; x_wconf 86' lang='lat' dir='ltr'>omnia</span> <span class='ocrx_word' id='word_1_407' title='bbox 2355 1843 2484 1891; x_wconf 77' lang='lat' dir='ltr'>qua-</span> 
     </span>
     <span class='ocr_line' id='line_1_73' title="bbox 1417 1905 2487 1968; baseline 0.001 -16"><span class='ocrx_word' id='word_1_408' title='bbox 1417 1905 1456 1952; x_wconf 87' lang='lat' dir='ltr'>si</span> <span class='ocrx_word' id='word_1_409' title='bbox 1482 1905 1913 1968; x_wconf 84' lang='lat' dir='ltr'>luminejustitiae</span> <span class='ocrx_word' id='word_1_410' title='bbox 1951 1913 2055 1956; x_wconf 81' lang='lat' dir='ltr'>tuae</span> <span class='ocrx_word' id='word_1_411' title='bbox 2080 1906 2369 1962; x_wconf 85' lang='lat' dir='ltr'>illustrasti,</span> <span class='ocrx_word' id='word_1_412' title='bbox 2387 1910 2487 1954; x_wconf 76' lang='lat' dir='ltr'>&amp;c-</span> 
     </span>
     <span class='ocr_line' id='line_1_74' title="bbox 1418 1981 2486 2032; baseline 0.001 -2"><span class='ocrx_word' id='word_1_413' title='bbox 1418 1981 1583 2031; x_wconf 83' lang='lat' dir='ltr'>Extat</span> <span class='ocrx_word' id='word_1_414' title='bbox 1623 1990 1793 2031; x_wconf 83' lang='lat' dir='ltr'>autem</span> <span class='ocrx_word' id='word_1_415' title='bbox 1832 1983 1883 2030; x_wconf 92' lang='lat' dir='ltr'>in</span> <span class='ocrx_word' id='word_1_416' title='bbox 1928 1982 2110 2032; x_wconf 88' lang='lat' dir='ltr'>codice</span> <span class='ocrx_word' id='word_1_417' title='bbox 2147 1983 2353 2032; x_wconf 84' lang='lat' dir='ltr'>Veneto</span> <span class='ocrx_word' id='word_1_418' title='bbox 2395 1997 2486 2031; x_wconf 87' lang='lat' dir='ltr'>ex-</span> 
     </span>
     <span class='ocr_line' id='line_1_75' title="bbox 1419 2058 2483 2122; baseline 0.002 -15"><span class='ocrx_word' id='word_1_419' title='bbox 1419 2073 1653 2121; x_wconf 85' lang='lat' dir='ltr'>pressum</span> <span class='ocrx_word' id='word_1_420' title='bbox 1705 2058 1964 2121; x_wconf 74' lang='lat' dir='ltr'>profudisti</span> <span class='ocrx_word' id='word_1_421' title='bbox 1987 2077 2007 2118; x_wconf 84' lang='lat'>,·</span> <span class='ocrx_word' id='word_1_422' title='bbox 2071 2059 2208 2122; x_wconf 88' lang='lat' dir='ltr'>quod</span> <span class='ocrx_word' id='word_1_423' title='bbox 2264 2059 2483 2109; x_wconf 82' lang='lat' dir='ltr'>verbum</span> 
     </span>
     <span class='ocr_line' id='line_1_76' title="bbox 1419 2135 2485 2197; baseline 0.001 -13"><span class='ocrx_word' id='word_1_424' title='bbox 1419 2135 1575 2184; x_wconf 82' lang='lat' dir='ltr'>etiam</span> <span class='ocrx_word' id='word_1_425' title='bbox 1597 2136 1866 2197; x_wconf 77' lang='lat' dir='ltr'>exhibent,</span> <span class='ocrx_word' id='word_1_426' title='bbox 1884 2136 2187 2192; x_wconf 85' lang='lat' dir='ltr'>Beroaldus,</span> <span class='ocrx_word' id='word_1_427' title='bbox 2208 2137 2485 2185; x_wconf 81' lang='lat' dir='ltr'>Catanaens</span> 
     </span>
     <span class='ocr_line' id='line_1_77' title="bbox 1420 2211 2485 2276; baseline 0.003 -17"><span class='ocrx_word' id='word_1_428' title='bbox 1420 2211 1472 2260; x_wconf 88' lang='lat' dir='ltr'>in</span> <span class='ocrx_word' id='word_1_429' title='bbox 1511 2211 1826 2261; x_wconf 69' lang='lat' dir='ltr'>editionibus</span> <span class='ocrx_word' id='word_1_430' title='bbox 1876 2212 2073 2274; x_wconf 88' lang='lat' dir='ltr'>primis,</span> <span class='ocrx_word' id='word_1_431' title='bbox 2112 2213 2235 2260; x_wconf 89' lang='lat' dir='ltr'>item</span> <span class='ocrx_word' id='word_1_432' title='bbox 2277 2213 2485 2276; x_wconf 83' lang='lat' dir='ltr'>Lipsius</span> 
     </span>
     <span class='ocr_line' id='line_1_78' title="bbox 1422 2282 2486 2349; baseline 0.005 -16"><span class='ocrx_word' id='word_1_433' title='bbox 1422 2287 1473 2334; x_wconf 91' lang='lat' dir='ltr'>in</span> <span class='ocrx_word' id='word_1_434' title='bbox 1498 2282 1855 2349; x_wconf 75' lang='lat' dir='ltr'>plantiniana,</span> <span class='ocrx_word' id='word_1_435' title='bbox 1877 2287 2137 2336; x_wconf 79' lang='lat' dir='ltr'>Gruterus</span> <span class='ocrx_word' id='word_1_436' title='bbox 2175 2289 2225 2335; x_wconf 87' lang='lat' dir='ltr'>in</span> <span class='ocrx_word' id='word_1_437' title='bbox 2264 2289 2486 2338; x_wconf 85' lang='lat' dir='ltr'>Franco·</span> 
     </span>
     <span class='ocr_line' id='line_1_79' title="bbox 1422 2360 2489 2419; baseline 0.001 -8"><span class='ocrx_word' id='word_1_438' title='bbox 1422 2360 1650 2417; x_wconf 83' lang='lat' dir='ltr'>furtana,</span> <span class='ocrx_word' id='word_1_439' title='bbox 1665 2362 1933 2411; x_wconf 81' lang='lat' dir='ltr'>Puteanus</span> <span class='ocrx_word' id='word_1_440' title='bbox 1952 2362 2001 2411; x_wconf 91' lang='lat' dir='ltr'>in</span> <span class='ocrx_word' id='word_1_441' title='bbox 2029 2363 2324 2419; x_wconf 84' lang='lat' dir='ltr'>Parisiensi,</span> <span class='ocrx_word' id='word_1_442' title='bbox 2341 2363 2489 2413; x_wconf 80' lang='lat' dir='ltr'>Grae-</span> 
     </span>
     <span class='ocr_line' id='line_1_80' title="bbox 1425 2438 2488 2504; baseline 0.003 -16"><span class='ocrx_word' id='word_1_443' title='bbox 1425 2440 1537 2489; x_wconf 85' lang='lat' dir='ltr'>vius</span> <span class='ocrx_word' id='word_1_444' title='bbox 1577 2440 1628 2489; x_wconf 89' lang='lat' dir='ltr'>in</span> <span class='ocrx_word' id='word_1_445' title='bbox 1671 2438 1959 2499; x_wconf 81' lang='lat' dir='ltr'>Hackiana,</span> <span class='ocrx_word' id='word_1_446' title='bbox 1986 2441 2364 2504; x_wconf 85' lang='lat' dir='ltr'>Berneggerus,</span> <span class='ocrx_word' id='word_1_447' title='bbox 2388 2442 2488 2491; x_wconf 91' lang='lat' dir='ltr'>Pa·</span> 
     </span>
     <span class='ocr_line' id='line_1_81' title="bbox 1425 2517 2488 2582; baseline 0.004 -15"><span class='ocrx_word' id='word_1_448' title='bbox 1425 2517 1578 2572; x_wconf 87' lang='lat' dir='ltr'>tarol,</span> <span class='ocrx_word' id='word_1_449' title='bbox 1597 2518 1767 2580; x_wconf 81' lang='lat' dir='ltr'>ceva;</span> <span class='ocrx_word' id='word_1_450' title='bbox 1801 2519 1938 2582; x_wconf 87' lang='lat' dir='ltr'>quod</span> <span class='ocrx_word' id='word_1_451' title='bbox 1962 2528 2013 2568; x_wconf 88' lang='lat' dir='ltr'>et</span> <span class='ocrx_word' id='word_1_452' title='bbox 2033 2519 2230 2582; x_wconf 79' lang='lat' dir='ltr'>placuit</span> <span class='ocrx_word' id='word_1_453' title='bbox 2251 2520 2488 2571; x_wconf 80' lang='lat' dir='ltr'>Livineio</span> 
     </span>
     <span class='ocr_line' id='line_1_82' title="bbox 1423 2594 2488 2658; baseline 0.004 -16"><span class='ocrx_word' id='word_1_454' title='bbox 1423 2594 1476 2642; x_wconf 87' lang='lat' dir='ltr'>in</span> <span class='ocrx_word' id='word_1_455' title='bbox 1515 2597 1765 2658; x_wconf 80' lang='lat' dir='ltr'>margine,</span> <span class='ocrx_word' id='word_1_456' title='bbox 1790 2604 1842 2645; x_wconf 86' lang='lat' dir='ltr'>et</span> <span class='ocrx_word' id='word_1_457' title='bbox 1876 2597 2214 2646; x_wconf 74' lang='lat' dir='ltr'>Rittersliusio</span> <span class='ocrx_word' id='word_1_458' title='bbox 2240 2597 2291 2645; x_wconf 86' lang='lat' dir='ltr'>in</span> <span class='ocrx_word' id='word_1_459' title='bbox 2333 2599 2488 2654; x_wconf 82' lang='lat' dir='ltr'>notis,</span> 
     </span>
     <span class='ocr_line' id='line_1_83' title="bbox 1424 2671 2488 2735; baseline 0.008 -18"><span class='ocrx_word' id='word_1_460' title='bbox 1424 2684 1563 2718; x_wconf 88' lang='lat' dir='ltr'>nunc</span> <span class='ocrx_word' id='word_1_461' title='bbox 1603 2673 1760 2721; x_wconf 85' lang='lat' dir='ltr'>etiam</span> <span class='ocrx_word' id='word_1_462' title='bbox 1798 2671 2101 2735; x_wconf 86' lang='lat' dir='ltr'>Arntzenio,</span> <span class='ocrx_word' id='word_1_463' title='bbox 2141 2681 2194 2723; x_wconf 84' lang='lat' dir='ltr'>et</span> <span class='ocrx_word' id='word_1_464' title='bbox 2233 2674 2488 2726; x_wconf 86' lang='lat' dir='ltr'>Gesnero.</span> 
     </span>
     <span class='ocr_line' id='line_1_84' title="bbox 1425 2746 2491 2815; baseline 0.004 -18"><span class='ocrx_word' id='word_1_465' title='bbox 1425 2748 1595 2797; x_wconf 80' lang='lat' dir='ltr'>Quam</span> <span class='ocrx_word' id='word_1_466' title='bbox 1621 2746 1770 2797; x_wconf 84' lang='lat' dir='ltr'>facile</span> <span class='ocrx_word' id='word_1_467' title='bbox 1795 2750 1895 2798; x_wconf 83' lang='lat' dir='ltr'>ista</span> <span class='ocrx_word' id='word_1_468' title='bbox 1916 2750 2018 2799; x_wconf 90' lang='lat' dir='ltr'>duo</span> <span class='ocrx_word' id='word_1_469' title='bbox 2043 2749 2223 2813; x_wconf 83' lang='lat' dir='ltr'>verba,</span> <span class='ocrx_word' id='word_1_470' title='bbox 2249 2753 2263 2778; x_wconf 92' lang='lat'>‘</span> <span class='ocrx_word' id='word_1_471' title='bbox 2280 2750 2491 2815; x_wconf 85' lang='lat' dir='ltr'>perfun-</span> 
     </span>
     <span class='ocr_line' id='line_1_85' title="bbox 1424 2821 2489 2891; baseline 0.008 -21"><span class='ocrx_word' id='word_1_472' title='bbox 1424 2821 1582 2871; x_wconf 86' lang='lat' dir='ltr'>dere&#39;</span> <span class='ocrx_word' id='word_1_473' title='bbox 1616 2831 1668 2873; x_wconf 89' lang='lat' dir='ltr'>et</span> <span class='ocrx_word' id='word_1_474' title='bbox 1704 2824 2093 2888; x_wconf 82' lang='lat' dir='ltr'>‘profundere‚’</span> <span class='ocrx_word' id='word_1_475' title='bbox 2137 2842 2202 2875; x_wconf 85' lang='lat' dir='ltr'>ex</span> <span class='ocrx_word' id='word_1_476' title='bbox 2248 2842 2489 2891; x_wconf 87' lang='lat' dir='ltr'>compen·</span> 
     </span>
     <span class='ocr_line' id='line_1_86' title="bbox 1426 2899 2490 2967; baseline 0.005 -20"><span class='ocrx_word' id='word_1_477' title='bbox 1426 2899 1594 2948; x_wconf 86' lang='lat' dir='ltr'>diaria</span> <span class='ocrx_word' id='word_1_478' title='bbox 1615 2900 1880 2949; x_wconf 86' lang='lat' dir='ltr'>scribendi</span> <span class='ocrx_word' id='word_1_479' title='bbox 1906 2904 2102 2951; x_wconf 79' lang='lat' dir='ltr'>ratione</span> <span class='ocrx_word' id='word_1_480' title='bbox 2139 2904 2274 2951; x_wconf 88' lang='lat' dir='ltr'>inter</span> <span class='ocrx_word' id='word_1_481' title='bbox 2307 2918 2364 2951; x_wconf 82' lang='lat' dir='ltr'>se</span> <span class='ocrx_word' id='word_1_482' title='bbox 2403 2919 2490 2967; x_wconf 86' lang='lat' dir='ltr'>po-</span> 
     </span>
     <span class='ocr_line' id='line_1_87' title="bbox 1428 2976 2488 3040; baseline 0.004 -16"><span class='ocrx_word' id='word_1_483' title='bbox 1428 2976 1623 3025; x_wconf 85' lang='lat' dir='ltr'>tuerint</span> <span class='ocrx_word' id='word_1_484' title='bbox 1645 2977 1947 3039; x_wconf 85' lang='lat' dir='ltr'>permutari,</span> <span class='ocrx_word' id='word_1_485' title='bbox 1965 2976 2115 3026; x_wconf 84' lang='lat' dir='ltr'>facile</span> <span class='ocrx_word' id='word_1_486' title='bbox 2140 2985 2302 3040; x_wconf 84' lang='lat' dir='ltr'>patet.</span> <span class='ocrx_word' id='word_1_487' title='bbox 2337 2979 2488 3030; x_wconf 84' lang='lat' dir='ltr'>Quod</span> 
     </span>
     <span class='ocr_line' id='line_1_88' title="bbox 1425 3052 2492 3117; baseline 0.002 -16"><span class='ocrx_word' id='word_1_488' title='bbox 1425 3052 1468 3101; x_wconf 82' lang='lat' dir='ltr'>si</span> <span class='ocrx_word' id='word_1_489' title='bbox 1513 3062 1709 3102; x_wconf 81' lang='lat' dir='ltr'>nostrae</span> <span class='ocrx_word' id='word_1_490' title='bbox 1759 3053 1987 3102; x_wconf 83' lang='lat' dir='ltr'>rationes</span> <span class='ocrx_word' id='word_1_491' title='bbox 2045 3054 2096 3103; x_wconf 92' lang='lat' dir='ltr'>id</span> <span class='ocrx_word' id='word_1_492' title='bbox 2152 3054 2372 3117; x_wconf 87' lang='lat' dir='ltr'>ferrent,</span> <span class='ocrx_word' id='word_1_493' title='bbox 2416 3063 2492 3112; x_wconf 89' lang='lat' dir='ltr'>ut,</span> 
     </span>
     <span class='ocr_line' id='line_1_89' title="bbox 1424 3130 2491 3196; baseline 0.003 -19"><span class='ocrx_word' id='word_1_494' title='bbox 1424 3130 1560 3195; x_wconf 87' lang='lat' dir='ltr'>quod</span> <span class='ocrx_word' id='word_1_495' title='bbox 1598 3130 1761 3193; x_wconf 82' lang='lat' dir='ltr'>magis</span> <span class='ocrx_word' id='word_1_496' title='bbox 1795 3131 1945 3180; x_wconf 87' lang='lat' dir='ltr'>nobis</span> <span class='ocrx_word' id='word_1_497' title='bbox 1982 3131 2237 3196; x_wconf 78' lang='lat' dir='ltr'>placeret,</span> <span class='ocrx_word' id='word_1_498' title='bbox 2272 3132 2324 3181; x_wconf 89' lang='lat' dir='ltr'>in</span> <span class='ocrx_word' id='word_1_499' title='bbox 2359 3133 2491 3182; x_wconf 88' lang='lat' dir='ltr'>anti·</span> 
     </span>
     <span class='ocr_line' id='line_1_90' title="bbox 1425 3208 2493 3273; baseline 0.004 -19"><span class='ocrx_word' id='word_1_500' title='bbox 1425 3222 1642 3270; x_wconf 87' lang='lat' dir='ltr'>quorum</span> <span class='ocrx_word' id='word_1_501' title='bbox 1658 3208 1863 3270; x_wconf 88' lang='lat' dir='ltr'>scriptis</span> <span class='ocrx_word' id='word_1_502' title='bbox 1889 3222 2255 3272; x_wconf 85' lang='lat' dir='ltr'>reponeremus</span> <span class='ocrx_word' id='word_1_503' title='bbox 2273 3224 2364 3273; x_wconf 89' lang='lat' dir='ltr'>pro</span> <span class='ocrx_word' id='word_1_504' title='bbox 2380 3210 2493 3260; x_wconf 85' lang='lat' dir='ltr'>aliis</span> 
     </span>
     <span class='ocr_line' id='line_1_91' title="bbox 1425 3282 2494 3348; baseline 0.006 -17"><span class='ocrx_word' id='word_1_505' title='bbox 1425 3282 1621 3339; x_wconf 80' lang='lat' dir='ltr'>verbis,</span> <span class='ocrx_word' id='word_1_506' title='bbox 1656 3284 1739 3332; x_wconf 78' lang='lat' dir='ltr'>liic</span> <span class='ocrx_word' id='word_1_507' title='bbox 1776 3285 1930 3333; x_wconf 87' lang='lat' dir='ltr'>etiam</span> <span class='ocrx_word' id='word_1_508' title='bbox 1975 3299 2066 3348; x_wconf 92' lang='lat' dir='ltr'>pro</span> <span class='ocrx_word' id='word_1_509' title='bbox 2099 3285 2376 3347; x_wconf 76' lang='lat' dir='ltr'>perfudisti,</span> <span class='ocrx_word' id='word_1_510' title='bbox 2404 3294 2494 3337; x_wconf 87' lang='lat' dir='ltr'>aut</span> 
     </span>
     <span class='ocr_line' id='line_1_92' title="bbox 1421 3359 2493 3429; baseline 0.007 -22"><span class='ocrx_word' id='word_1_511' title='bbox 1421 3359 1682 3423; x_wconf 76' lang='lat' dir='ltr'>profudisti</span> <span class='ocrx_word' id='word_1_512' title='bbox 1700 3362 2098 3411; x_wconf 83' lang='lat' dir='ltr'>rescriberemus</span> <span class='ocrx_word' id='word_1_513' title='bbox 2116 3362 2368 3426; x_wconf 72' lang='lat' dir='ltr'>effudist1&#39;5</span> <span class='ocrx_word' id='word_1_514' title='bbox 2391 3379 2493 3429; x_wconf 88' lang='lat' dir='ltr'>quo</span> 
     </span>
     <span class='ocr_line' id='line_1_93' title="bbox 1428 3439 2495 3503; baseline 0.006 -16"><span class='ocrx_word' id='word_1_515' title='bbox 1428 3439 1588 3488; x_wconf 83' lang='lat' dir='ltr'>verbo</span> <span class='ocrx_word' id='word_1_516' title='bbox 1629 3453 1750 3487; x_wconf 86' lang='lat' dir='ltr'>usus</span> <span class='ocrx_word' id='word_1_517' title='bbox 1788 3445 1870 3488; x_wconf 88' lang='lat' dir='ltr'>est</span> <span class='ocrx_word' id='word_1_518' title='bbox 1918 3439 2031 3488; x_wconf 90' lang='lat' dir='ltr'>Cic.</span> <span class='ocrx_word' id='word_1_519' title='bbox 2073 3439 2266 3503; x_wconf 81' lang='lat' dir='ltr'>Philip.</span> <span class='ocrx_word' id='word_1_520' title='bbox 2303 3454 2390 3489; x_wconf 75' lang='grc' dir='ltr'><strong>ιιι.</strong></span> <span class='ocrx_word' id='word_1_521' title='bbox 2417 3445 2495 3493; x_wconf 83' lang='grc'><strong>11.</strong></span> 
     </span>
     <span class='ocr_line' id='line_1_94' title="bbox 1430 3514 2493 3578; baseline 0.001 -14"><span class='ocrx_word' id='word_1_522' title='bbox 1430 3515 1495 3564; x_wconf 89' lang='lat' dir='ltr'>ad</span> <span class='ocrx_word' id='word_1_523' title='bbox 1520 3515 1939 3578; x_wconf 82' lang='lat' dir='ltr'>exaggerandam</span> <span class='ocrx_word' id='word_1_524' title='bbox 1961 3515 2020 3564; x_wconf 90' lang='lat' dir='ltr'>C.</span> <span class='ocrx_word' id='word_1_525' title='bbox 2044 3514 2252 3565; x_wconf 83' lang='lat' dir='ltr'>Octavii</span> <span class='ocrx_word' id='word_1_526' title='bbox 2274 3517 2493 3567; x_wconf 82' lang='lat' dir='ltr'>Caesaris</span> 
     </span>
     <span class='ocr_line' id='line_1_95' title="bbox 1429 3590 2496 3658; baseline 0.003 -18"><span class='ocrx_word' id='word_1_527' title='bbox 1429 3590 1896 3655; x_wconf 85' lang='lat' dir='ltr'>magnificentiam:</span> <span class='ocrx_word' id='word_1_528' title='bbox 1932 3592 2024 3642; x_wconf 85' lang='lat' dir='ltr'>‘C.</span> <span class='ocrx_word' id='word_1_529' title='bbox 2063 3592 2274 3656; x_wconf 86' lang='lat' dir='ltr'>Caesar,’</span> <span class='ocrx_word' id='word_1_530' title='bbox 2309 3596 2496 3658; x_wconf 86' lang='lat' dir='ltr'>inquit,</span> 
     </span>
     <span class='ocr_line' id='line_1_96' title="bbox 1430 3666 2495 3733; baseline 0.002 -17"><span class='ocrx_word' id='word_1_531' title='bbox 1430 3670 1445 3696; x_wconf 78' lang='lat'><em>⁴</em></span> <span class='ocrx_word' id='word_1_532' title='bbox 1471 3667 1764 3716; x_wconf 88' lang='lat' dir='ltr'>incredibili</span> <span class='ocrx_word' id='word_1_533' title='bbox 1787 3682 1848 3716; x_wconf 88' lang='lat' dir='ltr'>ac</span> <span class='ocrx_word' id='word_1_534' title='bbox 1871 3666 2046 3717; x_wconf 86' lang='lat' dir='ltr'>divina</span> <span class='ocrx_word' id='word_1_535' title='bbox 2069 3670 2288 3733; x_wconf 80' lang='lat' dir='ltr'>quadam</span> <span class='ocrx_word' id='word_1_536' title='bbox 2321 3679 2495 3719; x_wconf 87' lang='lat' dir='ltr'>mente</span> 
     </span>
     <span class='ocr_line' id='line_1_97' title="bbox 1432 3744 2498 3808; baseline 0.001 -16"><span class='ocrx_word' id='word_1_537' title='bbox 1432 3751 1589 3808; x_wconf 86' lang='lat' dir='ltr'>atque</span> <span class='ocrx_word' id='word_1_538' title='bbox 1626 3745 1835 3800; x_wconf 87' lang='lat' dir='ltr'>virtute,</span> <span class='ocrx_word' id='word_1_539' title='bbox 1862 3779 1875 3794; x_wconf 95' lang='lat'>.</span> <span class='ocrx_word' id='word_1_540' title='bbox 1893 3776 1905 3792; x_wconf 86' lang='lat'>.</span> <span class='ocrx_word' id='word_1_541' title='bbox 1925 3780 1938 3794; x_wconf 93' lang='lat'>.</span> <span class='ocrx_word' id='word_1_542' title='bbox 1964 3744 2311 3795; x_wconf 84' lang='lat' dir='ltr'>firmissimum</span> <span class='ocrx_word' id='word_1_543' title='bbox 2348 3760 2498 3796; x_wconf 87' lang='lat' dir='ltr'>exer-</span> 
     </span>
     <span class='ocr_line' id='line_1_98' title="bbox 1432 3822 2496 3885; baseline 0.002 -16"><span class='ocrx_word' id='word_1_544' title='bbox 1432 3823 1592 3870; x_wconf 85' lang='lat' dir='ltr'>citum</span> <span class='ocrx_word' id='word_1_545' title='bbox 1617 3837 1680 3869; x_wconf 86' lang='lat' dir='ltr'>ex</span> <span class='ocrx_word' id='word_1_546' title='bbox 1706 3822 1901 3872; x_wconf 85' lang='lat' dir='ltr'>invicto</span> <span class='ocrx_word' id='word_1_547' title='bbox 1926 3837 2115 3885; x_wconf 79' lang='lat' dir='ltr'>genere</span> <span class='ocrx_word' id='word_1_548' title='bbox 2135 3831 2496 3872; x_wconf 83' lang='lat' dir='ltr'>veteranorum</span> 
     </span>
     <span class='ocr_line' id='line_1_99' title="bbox 1433 3898 2497 3963; baseline 0 -16"><span class='ocrx_word' id='word_1_549' title='bbox 1433 3898 1650 3947; x_wconf 82' lang='lat' dir='ltr'>militurn</span> <span class='ocrx_word' id='word_1_550' title='bbox 1684 3900 2024 3962; x_wconf 80' lang='lat' dir='ltr'>comparavit,</span> <span class='ocrx_word' id='word_1_551' title='bbox 2051 3907 2103 3949; x_wconf 89' lang='lat' dir='ltr'>et</span> <span class='ocrx_word' id='word_1_552' title='bbox 2140 3901 2497 3963; x_wconf 83' lang='lat' dir='ltr'>patrimonium</span> 
     </span>
     <span class='ocr_line' id='line_1_100' title="bbox 1434 3973 2497 4041; baseline -0.001 -16"><span class='ocrx_word' id='word_1_553' title='bbox 1434 3990 1579 4025; x_wconf 72' lang='lat' dir='ltr'>surum</span> <span class='ocrx_word' id='word_1_554' title='bbox 1628 3973 1841 4026; x_wconf 80' lang='lat' dir='ltr'>effudit:</span> <span class='ocrx_word' id='word_1_555' title='bbox 1888 3992 2196 4041; x_wconf 80' lang='lat' dir='ltr'>quamquam</span> <span class='ocrx_word' id='word_1_556' title='bbox 2244 3992 2344 4025; x_wconf 93' lang='lat' dir='ltr'>non</span> <span class='ocrx_word' id='word_1_557' title='bbox 2388 3993 2497 4026; x_wconf 88' lang='lat' dir='ltr'>snm</span> 
     </span>
     <span class='ocr_line' id='line_1_101' title="bbox 1434 4053 2498 4119; baseline 0 -18"><span class='ocrx_word' id='word_1_558' title='bbox 1434 4069 1554 4103; x_wconf 89' lang='lat' dir='ltr'>usus</span> <span class='ocrx_word' id='word_1_559' title='bbox 1577 4067 1638 4104; x_wconf 85' lang='lat' dir='ltr'>eo</span> <span class='ocrx_word' id='word_1_560' title='bbox 1666 4053 1843 4117; x_wconf 84' lang='lat' dir='ltr'>verbo,</span> <span class='ocrx_word' id='word_1_561' title='bbox 1868 4069 1967 4119; x_wconf 87' lang='lat' dir='ltr'>quo</span> <span class='ocrx_word' id='word_1_562' title='bbox 1992 4054 2163 4102; x_wconf 88' lang='lat' dir='ltr'>debui.</span> <span class='ocrx_word' id='word_1_563' title='bbox 2215 4053 2334 4102; x_wconf 86' lang='lat' dir='ltr'>Non</span> <span class='ocrx_word' id='word_1_564' title='bbox 2362 4054 2498 4101; x_wconf 88' lang='lat' dir='ltr'>enim</span> 
     </span>
     <span class='ocr_line' id='line_1_102' title="bbox 1433 4130 2501 4194; baseline -0.004 -12"><span class='ocrx_word' id='word_1_565' title='bbox 1433 4130 1639 4193; x_wconf 80' lang='lat' dir='ltr'>effudit,</span> <span class='ocrx_word' id='word_1_566' title='bbox 1664 4133 1753 4182; x_wconf 84' lang='lat' dir='ltr'>sed</span> <span class='ocrx_word' id='word_1_567' title='bbox 1779 4133 1829 4181; x_wconf 88' lang='lat' dir='ltr'>in</span> <span class='ocrx_word' id='word_1_568' title='bbox 1860 4133 2026 4180; x_wconf 82' lang='lat' dir='ltr'>salute</span> <span class='ocrx_word' id='word_1_569' title='bbox 2062 4130 2362 4194; x_wconf 61' lang='lat' dir='ltr'>reipublicae</span> <span class='ocrx_word' id='word_1_570' title='bbox 2394 4132 2501 4179; x_wconf 89' lang='lat' dir='ltr'>col-</span> 
     </span>
     <span class='ocr_line' id='line_1_103' title="bbox 1435 4207 2503 4261; baseline -0.003 0"><span class='ocrx_word' id='word_1_571' title='bbox 1435 4210 1660 4261; x_wconf 59' lang='lat' dir='ltr'>locavit!</span> <span class='ocrx_word' id='word_1_572' title='bbox 1729 4209 1947 4258; x_wconf 87' lang='lat' dir='ltr'>Interim</span> <span class='ocrx_word' id='word_1_573' title='bbox 2002 4207 2205 4257; x_wconf 80' lang='lat' dir='ltr'>facilius</span> <span class='ocrx_word' id='word_1_574' title='bbox 2252 4207 2336 4256; x_wconf 79' lang='lat' dir='ltr'>hic</span> <span class='ocrx_word' id='word_1_575' title='bbox 2386 4207 2503 4258; x_wconf 87' lang='lat' dir='ltr'>fero</span> 
     </span>
     <span class='ocr_line' id='line_1_104' title="bbox 1435 4284 2499 4350; baseline -0.002 -13"><span class='ocrx_word' id='word_1_576' title='bbox 1435 4289 1647 4338; x_wconf 82' lang='lat' dir='ltr'>verbum</span> <span class='ocrx_word' id='word_1_577' title='bbox 1676 4287 1955 4350; x_wconf 79' lang='lat' dir='ltr'>profudisti,</span> <span class='ocrx_word' id='word_1_578' title='bbox 1986 4300 2102 4335; x_wconf 89' lang='lat' dir='ltr'>cum</span> <span class='ocrx_word' id='word_1_579' title='bbox 2131 4284 2268 4335; x_wconf 85' lang='lat' dir='ltr'>idem</span> <span class='ocrx_word' id='word_1_580' title='bbox 2300 4286 2409 4336; x_wconf 88' lang='lat' dir='ltr'>Cic.</span> <span class='ocrx_word' id='word_1_581' title='bbox 2434 4287 2499 4335; x_wconf 88' lang='lat' dir='ltr'>ad</span> 
     </span>
    </p>
   </div>
   <div class='ocr_carea' id='block_1_7' title="bbox 2265 4371 2367 4417">
    <p class='ocr_par' dir='ltr' id='par_1_11' title="bbox 2265 4371 2367 4417">
     <span class='ocr_line' id='line_1_105' title="bbox 2265 4371 2367 4417; baseline 0 0"><span class='ocrx_word' id='word_1_582' title='bbox 2265 4371 2367 4417; x_wconf 71' lang='lat'>28</span> 
     </span>
    </p>
   </div>
  </div>
 </body>
</html>
