3060 4902
774 314 838 360 c.
889 312 1126 359 emm!
1176 310 1508 361 suenum
1556 312 1823 362 Panno.
1905 300 2087 364 1.‘79.

329 455 409 505 his
433 454 631 503 duobus
657 454 827 503 verbis
862 455 932 506 H.
965 457 1273 519 Stephanus,
1306 458 1390 505 El·

328 533 490 587 sevir,
517 531 859 590 Boxhornius‚
874 532 1101 589 Rivinus,
1123 532 1389 595 Cellarius,

332 608 568 662 Bearne,
594 608 752 666 Ceva,
775 607 1057 657 Gesnerus.
1092 608 1278 657 Potest
1300 609 1390 658 illa

330 702 436 738 non
484 687 802 737 incommode
852 690 1080 743 tolerari,
1118 691 1389 752 putarique

328 781 451 816 eam
479 766 637 828 ipsam
669 765 963 828 absorptam
991 765 1152 814 fuisse
1177 765 1243 813 ab
1269 766 1386 814 ulti·

326 860 415 894 ma
449 844 646 907 syllaba
679 844 822 893 verbi
863 847 1061 893 oudin.
1127 844 1269 892 Talia
1299 858 1385 891 ex·

328 921 507 983 empla
530 921 678 983 plura
701 917 851 969 affert
887 921 1160 983 Scioppius
1182 922 1232 968 in
1258 919 1386 968 Arte

328 996 544 1052 critica,
583 1011 632 1058 p.
654 999 735 1044 68.
756 1005 808 1044 et
832 1000 911 1046 80.
947 996 1033 1045 ubi
1069 998 1265 1058 vocula,
1304 997 1386 1045 vel

328 1072 532 1136 syllaba
555 1073 605 1120 in
628 1072 882 1135 principio
902 1072 1064 1132 vocis,
1082 1072 1267 1120 omissa
1289 1081 1388 1133 est,

325 1148 465 1211 quod
525 1149 706 1197 eadem
774 1148 1155 1211 praecedentem
1211 1163 1385 1198 vocem

328 1224 594 1273 clauserit.
657 1224 746 1273 Sic
785 1226 836 1272 in
872 1224 1079 1287 Nepote
1117 1224 1387 1287 scriptum,

330 1300 552 1349 ‘deinde
579 1300 814 1362 Celiam,'
849 1315 940 1364 pro
975 1300 1190 1350 ‘deinde
1213 1302 1385 1351 Dece-

325 1377 451 1427 liam
467 1376 505 1437 3’
536 1378 673 1441 apud
699 1379 961 1432 Plautum.
984 1382 999 1407 ‘
1018 1378 1252 1427 Vacuum
1272 1393 1385 1427 esse

325 1455 400 1503 ist
424 1469 484 1503 ac
511 1463 669 1504 etate
689 1455 794 1503 Diis
811 1454 1032 1505 decebat
1061 1454 1265 1514 noxiis,'
1282 1456 1317 1503 i.
1337 1471 1385 1504 e.

325 1532 432 1580 ista
447 1538 604 1580 aetate
623 1545 696 1580 τε
714 1532 858 1592 Diis3
879 1530 1016 1594 apud
1037 1531 1262 1580 Sanusne
1281 1546 1386 1580 ma·

336 1609 417 1671 gis
440 1607 726 1666 extollere‚'
766 1623 859 1670 pro
893 1609 1088 1669 ‘magis
1127 1622 1181 1656 se
1221 1608 1385 1656 extol-

334 1684 484 1740 lere‚'
505 1688 605 1734 dte.
672 1686 775 1734 Sed
801 1685 926 1733 nibil
951 1699 1160 1733 necesse
1192 1692 1271 1734 est
1305 1686 1386 1735 hic

323 1763 397 1817 ‚de
437 1762 685 1826 ejusmodi
730 1763 1090 1831 emendatione
1133 1766 1385 1827 cogitare.

328 1842 505 1905 Hujus
527 1844 728 1904 generis
752 1841 983 1892 ἀσύνδετα
1001 1842 1137 1906 apud
1158 1844 1383 1892 Plinium

330 1921 521 1982 saepins
540 1929 840 1970 occurrunt.
896 1921 1080 1985 Neque
1099 1922 1148 1969 in
1170 1922 1273 1971 ullo
1297 1935 1385 1970 co·

327 1996 447 2046 dice
472 1996 573 2045 Ms.
596 2010 764 2060 neque
788 1997 836 2045 in
863 1998 977 2045 aliis
1004 1996 1149 2046 libris
1171 1997 1385 2060 impres-

328 2073 418 2136 sis,
447 2079 637 2136 praeter
654 2081 944 2134 annotatos,
976 2074 1159 2136 copula
1176 2079 1224 2121 et
1248 2074 1384 2122 inter

325 2148 441 2198 haec
478 2147 580 2197 duo
612 2148 768 2197 verba
809 2149 1254 2199 animadvertitur.
1321 2149 1382 2198 In

324 2225 406 2273 his
428 2233 598 2273 antem
626 2225 822 2273 Plinius
847 2225 1018 2274 denuo
1040 2225 1246 2273 videtur
1271 2226 1384 2275 bre-

328 2302 378 2351 vi
394 2301 767 2366 τροσιηοποιῖᾳ,
783 2317 891 2363 sen,
906 2302 947 2350 si
964 2304 1142 2363 mavis,
1155 2303 1386 2368 ἡθοποιΐᾳ,

327 2379 426 2443 nti,
450 2393 545 2442 per
566 2393 717 2442 quam
749 2379 963 2441 figuram
990 2378 1071 2427 vel
1108 2378 1383 2441 rempubli-

325 2470 440 2505 cam
468 2457 547 2505 vel
574 2464 807 2506 senatum
835 2455 963 2505 facit
981 2456 1383 2520 desiderantem,

324 2541 716 2597 optantemque,
756 2540 812 2583 ut
846 2533 1099 2595 Trajauus
1134 2534 1382 2594 suscipiat

326 2617 569 2674 quartum
609 2609 949 2659 consulatum.
1013 2608 1147 2657 Vide
1189 2608 1251 2658 ad
1289 2625 1380 2674 pp.

327 2690 444 2737 818.
468 2691 581 2736 827.
605 2687 847 2736 Schmun.

390 2763 614 2828 Affectus
634 2769 817 2813 nostros
839 2797 852 2812 .
876 2798 890 2813 .
909 2797 923 2812 .
946 2763 1180 2827 cohibere]
1230 2765 1379 2812 Men·

323 2839 395 2889 da
436 2840 759 2889 librariorum
801 2846 939 2900 suut,
976 2840 1060 2902 qui
1104 2841 1157 2888 in
1199 2839 1380 2888 codice

323 2916 631 2979 Gnelpliico,
669 2931 761 2977 pro
794 2916 1102 2979 tenebitque,
1130 2916 1376 2968 tractabit-

322 3007 429 3056 φιε.
453 3001 507 3041 et
530 2993 580 3040 in
606 2993 862 3041 Vaticano
884 2997 1028 3042 3461.
1051 2994 1264 3058 effectus,
1284 3008 1378 3056 pro

320 3069 546 3134 affectus,
584 3068 816 3131 pinxere.
896 3070 1165 3121 Quomodo
1202 3071 1376 3134 Traja-

318 3163 417 3198 nus
441 3148 656 3199 voluerit
691 3149 971 3211 reprimere
1009 3149 1221 3198 nimium
1253 3164 1375 3210 gau·

321 3223 463 3273 dium
487 3231 778 3272 senatorum
813 3234 865 3272 et
903 3225 1091 3273 civium
1127 3226 1377 3273 Romano-

321 3313 457 3353 rum,
490 3300 654 3349 innuit
697 3300 892 3349 Plinius
923 3315 1079 3364 supra
1103 3313 1306 3350 Lxxm.
1329 3305 1378 3349 ³.

323 3384 339 3404 ⁶
362 3376 500 3425 Num
528 3391 652 3440 ergo
690 3375 893 3426 modurn
930 3377 978 3425 ei
1011 3376 1250 3440 (gaudio)
1287 3385 1378 3426 tua

324 3453 509 3502 saltem
566 3453 821 3503 modestia
886 3454 1131 3517 imposuit
1159 3455 1179 3502 ἓ
1245 3469 1378 3516 nam,

319 3539 518 3595 quanto
552 3533 714 3594 magis
737 3546 765 3579 a
791 3541 840 3580 te.
866 3532 1261 3595 reprimebatur,
1288 3548 1377 3581 ex·

320 3606 572 3666 arsimus3
631 3621 729 3655 non
769 3611 1111 3665 coutumacia.
1169 3611 1376 3671 Caesar3

320 3683 413 3732 sed
443 3691 498 3731 ut
539 3684 589 3731 iu
631 3692 720 3731 tua
743 3692 1000 3746 potestate
1034 3694 1133 3747 est,
1167 3699 1230 3733 an
1254 3699 1377 3748 gau·

319 3759 569 3819 desinus3
604 3760 679 3808 ita
703 3761 752 3808 in
778 3769 1043 3824 quantum,
1061 3775 1157 3810 nec
1185 3761 1235 3810 iu
1262 3776 1374 3811 nos·

319 3833 443 3885 tra!
511 3837 599 3896 Et,
624 3850 703 3884 tv.
726 3840 773 3885 2.
807 3844 820 3864 ‘
839 3837 1036 3886 Parens
1069 3846 1246 3886 noster
1273 3838 1375 3900 pri·

317 3922 467 3963 vatas
497 3916 780 3976 gratiarum
820 3917 1049 3965 actiones
1080 3917 1288 3967 cohibet
1321 3923 1375 3967 et

317 3989 646 4051 comprimit.’
672 3991 823 4039 Idem.

381 4065 796 4130 Pietatisenotus]
820 4066 879 4115 ln
895 4066 1074 4117 codice
1099 4068 1371 4125 Patavino,

318 4147 377 4190 et
396 4143 584 4191 exinde
611 4144 664 4191 in
691 4144 821 4193 libro
845 4145 1120 4208 Vossimn,
1146 4161 1239 4210 pro
1274 4147 1371 4210 pie-

315 4218 431 4283 tati,
451 4219 697 4281 scriptum
732 4228 812 4270 est
832 4223 1058 4284 pietalis;
1091 4223 1183 4274 sed
1207 4223 1372 4288 proba

447 4300 623 4366 Delph.
646 4307 692 4352 et
723 4301 834 4352 var.
860 4304 988 4353 Clas.

1267 4303 1453 4364 Paneg.
1483 4302 1586 4353 Vel.

2388 300 2519 365 977

1467 466 1549 506 est
1570 458 1791 507 omnium
1815 466 2106 508 ceterorum
2144 456 2390 507 librorum
2415 459 2516 508 lec-

1468 534 1543 583 tio
1561 550 1576 593 ς
1600 536 1830 597 quamvis
1852 541 1908 584 et
1921 550 2072 584 casus
2092 535 2335 599 gignendi
2356 537 2520 597 possit

1465 613 1632 661 locum
1658 612 1864 663 habere.
1913 616 1928 649 ⁴
1951 613 2127 662 Pietas
2146 613 2161 635 ¹
2184 615 2281 662 boc
2302 614 2416 664 loco
2439 621 2518 662 est

1464 688 1760 736 reverentia
1792 696 1847 736 et
1883 702 2024 736 amor
2055 704 2181 750 erga
2216 690 2519 752 principem.

1462 777 1578 812 cum
1604 764 1844 825 singulari
1863 764 2035 812 studio
2056 765 2169 828 ejus
2193 766 2392 814 colendi
2412 767 2518 815 lau-

1462 840 1723 905 dandique
1759 842 2092 904 conjunctus;
2128 855 2243 890 cum
2280 857 2381 904 qua
2411 843 2519 904 pie-

1462 924 1570 965 tate
1595 927 1797 966 certare
1822 917 2125 966 modestiam
2155 918 2405 980 principis
2442 918 2518 966 di-

1461 994 1534 1042 cit
1582 994 1796 1043 Plinius.
1870 996 2072 1058 Lipsius
2117 996 2308 1043 nomini
2350 995 2526 1057 pietati

1463 1069 1677 1118 verbum
1694 1072 1789 1119 erit
1812 1068 2248 1131 praemittendum,
2274 1070 2431 1133 idque
2456 1086 2521 1118 ex

1460 1144 1564 1195 fine
1589 1147 1952 1196 antecedentia
1975 1146 2119 1195 verbi
2136 1151 2350 1210 poterit,
2375 1162 2520 1196 revo-

1461 1225 1678 1272 candum
1705 1232 1904 1284 censet,
1925 1232 1983 1273 ut
2015 1225 2215 1288 legatur
2238 1224 2347 1273 Eric
2365 1226 2520 1287 pieta-

1461 1303 1504 1351 ti
1524 1307 1730 1360 matus,
1751 1307 1834 1362 ᾄτ.
1901 1301 2039 1350 Satis
2072 1302 2304 1364 speciosa
2329 1309 2381 1350 et
2404 1317 2521 1365 pro·

1461 1376 1647 1426 babilis
1679 1378 1789 1424 liaec
1816 1385 1896 1426 est
1936 1377 2224 1434 correcti03
2259 1376 2406 1440 cujus
2430 1392 2519 1426 ex-

1460 1455 1634 1516 empla
1652 1452 1887 1517 quiedam
1912 1469 1976 1502 ex
1993 1454 2239 1516 Scioppio
2258 1454 2407 1502 modo
2430 1469 2519 1503 ex·

1462 1531 1644 1593 posui:
1698 1530 1921 1580 nondum
1959 1540 2125 1579 tamen
2164 1531 2278 1593 ipse
2313 1531 2518 1594 Lipsius

1459 1607 1588 1657 illud
1615 1609 1706 1657 erit
1732 1609 1781 1657 in
1823 1623 1915 1656 sua
1956 1607 2276 1670 exemplaria
2300 1609 2518 1656 admise-

1459 1693 1572 1746 rat;
1622 1699 1866 1747 recepere
1902 1693 2074 1732 autem
2113 1682 2344 1744 posthaec
2380 1684 2519 1732 Box-

1459 1760 1687 1823 bornius,
1704 1760 1973 1821 Cellarius,
1992 1760 2226 1819 Hearue,
2242 1759 2522 1820 Gesnerus,

1458 1837 1571 1886 sine
1609 1838 1761 1886 ullius
1809 1837 2014 1902 quidem
2053 1835 2247 1884 codicis
2290 1837 2390 1885 Ms.
2427 1848 2518 1886 aut

1458 1916 1588 1964 alius
1614 1916 1727 1964 libri
1755 1915 1989 1979 impressi
2009 1912 2269 1977 suffragio.
2324 1915 2518 1964 Fateor

1458 1992 1685 2056 quidem,
1708 1994 1960 2040 neminem
1986 1992 2152 2040 labem
2189 2006 2517 2055 aspersurum

1458 2083 1573 2116 esse
1617 2069 1944 2133 Panegyrico
1987 2069 2243 2131 Plinium,
2290 2070 2518 2133 quisquis

1456 2145 1582 2193 illud
1625 2146 1834 2194 verbum
1877 2144 2249 2194 substantivum
2289 2145 2519 2192 adscive-

1459 2221 1526 2270 rit
1551 2237 1567 2282 ς
1606 2231 1732 2283 puto
1758 2229 1949 2279 tamen,
1975 2235 2075 2268 non
2100 2235 2228 2281 opus
2269 2236 2389 2271 esse.
2418 2223 2516 2269 ista

1457 2297 1721 2356 insitione,
1743 2311 1857 2345 cum
1876 2299 1944 2345 sit
1969 2296 2247 2354 ἐλλειπικὴ
2273 2299 2516 2360 loquendi

1458 2378 1610 2433 ratio,
1636 2379 1687 2426 in
1711 2394 1811 2442 qua
1834 2378 1994 2426 solum
2023 2376 2235 2426 verbum
2277 2378 2517 2428 substan-

1460 2456 1621 2505 tivum
1664 2458 1935 2519 prasentis
1967 2458 2215 2518 temporis
2256 2463 2324 2506 est
2367 2459 2516 2506 omis·

1456 2534 1865 2598 sum,animoque
1884 2534 2227 2597 supplendum
2246 2544 2322 2583 est
2338 2551 2351 2596 ;
2369 2535 2450 2597 cuj
2461 2551 2515 2584 us

1457 2609 1716 2672 ἐλλείψεως
1733 2612 1975 2674 exempla
1997 2619 2204 2660 centum
2223 2618 2277 2659 et
2302 2612 2448 2672 plura
2463 2613 2513 2660 in

1456 2685 1616 2733 Plinii
1647 2688 1964 2750 Panegyrico
1986 2695 2039 2736 et
2064 2688 2306 2751 Epistolis
2337 2688 2516 2737 obser·

1458 2769 1657 2812 vantur.
1730 2765 1821 2811 Cui
1859 2765 1929 2811 rei
1977 2765 2053 2811 vel
2101 2766 2263 2813 solum
2310 2765 2515 2815 initium

1455 2841 1644 2901 capitis
1700 2840 2014 2904 insequentis
2058 2841 2365 2890 documento
2403 2858 2515 2892 esse

1458 2924 1665 2977 potest3
1700 2927 1885 2978 utpote
1902 2917 2008 2971 ubi.
2028 2918 2107 2964 vel
2128 2920 2261 2965 intra
2282 2925 2384 2965 tres
2405 2934 2517 2967 ver·

1455 3006 1559 3053 sus,
1582 2997 1652 3040 est
1679 3002 1761 3042 ter
1798 2993 2077 3044 omittitur.
2145 2992 2290 3041 Idem
2317 2994 2401 3041 bie
2422 2994 2516 3056 fit;

1455 3082 1661 3130 nempe,
1687 3076 1957 3131 postquam
1984 3067 2186 3116 Plinius
2207 3069 2351 3131 quasi
2376 3085 2514 3132 quas-

1453 3146 1632 3204 sierat‚
1653 3160 1821 3194 aunon
1838 3146 2091 3207 Trajanus
2114 3145 2163 3191 in
2185 3146 2516 3207 suscipiendo

1454 3226 1724 3274 consulatu
1750 3232 1932 3288 quarto
1958 3232 2253 3274 tentaturus
2284 3227 2350 3273 sit
2376 3226 2512 3275 cobi-

1457 3299 1580 3348 bere
1603 3299 1817 3349 affectus
1831 3307 2123 3350 senatorum
2153 3301 2516 3365 Romanorum,

1455 3387 1510 3427 ut
1551 3379 1733 3427 solitus
1759 3379 1845 3440 sit,
1875 3391 1971 3426 nec
2008 3379 2267 3439 potuerit3
2305 3387 2410 3429 tum
2435 3396 2512 3429 se·

1457 3453 1630 3516 quitur
1673 3455 1887 3517 simplex
1933 3455 2212 3516 sententia,
2268 3463 2511 3522 tanquam

1454 3539 1467 3558 ·
1489 3529 1798 3591 meditatio,’
1816 3537 1873 3580 ut
1896 3538 2113 3580 vocatur
2137 3533 2511 3583 recentioribus

1452 3609 1751 3673 quibusdam
1794 3608 2118 3659 rhetoribus:
2158 3612 2376 3672 scilicet,
2401 3612 2511 3674 pul·

1455 3685 1634 3734 chrum
1684 3687 1784 3734 tale
1827 3700 1942 3734 esse
1987 3694 2248 3735 certamen
2298 3689 2511 3747 pietatis

1452 3769 1665 3811 senatus
1700 3773 1753 3811 et
1777 3763 2035 3812 modestia
2076 3765 2338 3826 principis.
2378 3764 2511 3813 Aru·

1455 3839 1653 3887 tzenius
1674 3846 1817 3888 recte
1842 3840 1997 3888 etiam
2023 3838 2214 3887 dimisit
2235 3839 2357 3886 illud
2382 3841 2473 3887 eric
2491 3856 2511 3897 ,-

1451 3923 1631 3964 censet
1654 3930 1777 3964 vero
1803 3930 1915 3963 cum
1940 3914 2511 3975 Perizonio,verbaista

1450 4006 1547 4055 per
1569 3992 1996 4040 exclamationem
2022 3988 2193 4038 efferri
2220 4006 2387 4051 posse.
2442 3992 2509 4043 Et

1451 4082 1574 4117 sane
1619 4068 1690 4116 ita
1737 4069 1992 4116 Gruterus
2027 4067 2136 4113 inec
2175 4067 2332 4114 verba
2365 4068 2508 4132 signo

1449 4143 1769 4193 exclamaudi
1825 4153 1881 4193 et
1934 4142 2221 4192 admirandi
2267 4147 2469 4196 notavit
2492 4163 2508 4206 ς

1448 4223 1675 4287 itemque
1695 4222 1927 4286 Patarol,
1943 4221 2027 4287 qui
2050 4220 2234 4270 clarius
2255 4221 2404 4272 istam
2421 4239 2507 4272 ex·

2266 4307 2294 4351 3
2330 4305 2376 4355 Q
