<?xml version="1.0" encoding="UTF-8"?>
<!DOCTYPE html PUBLIC "-//W3C//DTD XHTML 1.0 Transitional//EN"
    "http://www.w3.org/TR/xhtml1/DTD/xhtml1-transitional.dtd">
<html xmlns="http://www.w3.org/1999/xhtml" xml:lang="en" lang="en">
 <head>
  <title>
</title>
<meta http-equiv="Content-Type" content="text/html;charset=utf-8" />
  <meta name='ocr-system' content='tesseract 3.04.00' />
  <meta name='ocr-capabilities' content='ocr_page ocr_carea ocr_par ocr_line ocrx_word'/>
</head>
<body>
  <div class='ocr_page' id='page_1' title='image "./panegyriciveter02unkngoog_0338.png"; bbox 0 0 3060 4902; ppageno 0'>
   <div class='ocr_carea' id='block_1_1' title="bbox 523 354 652 423">
    <p class='ocr_par' dir='ltr' id='par_1_1' title="bbox 523 354 652 423">
     <span class='ocr_line' id='line_1_1' title="bbox 523 354 652 423; baseline 0 -2"><span class='ocrx_word' id='word_1_1' title='bbox 523 354 652 423; x_wconf 83' lang='lat'><strong>790</strong></span> 
     </span>
    </p>
   </div>
   <div class='ocr_carea' id='block_1_2' title="bbox 518 511 1635 4337">
    <p class='ocr_par' dir='ltr' id='par_1_2' title="bbox 518 511 1595 3317">
     <span class='ocr_line' id='line_1_2' title="bbox 523 511 1585 567; baseline -0.008 0"><span class='ocrx_word' id='word_1_2' title='bbox 523 523 630 567; x_wconf 89' lang='lat' dir='ltr'><strong>tum</strong></span> <span class='ocrx_word' id='word_1_3' title='bbox 656 512 865 563; x_wconf 84' lang='lat' dir='ltr'><strong>relictus</strong></span> <span class='ocrx_word' id='word_1_4' title='bbox 891 518 990 563; x_wconf 80' lang='lat' dir='ltr'><strong>est.</strong></span> <span class='ocrx_word' id='word_1_5' title='bbox 1048 512 1119 562; x_wconf 80' lang='lat' dir='ltr'><strong>At</strong></span> <span class='ocrx_word' id='word_1_6' title='bbox 1145 512 1196 561; x_wconf 89' lang='lat' dir='ltr'><strong>in</strong></span> <span class='ocrx_word' id='word_1_7' title='bbox 1221 512 1402 561; x_wconf 76' lang='lat' dir='ltr'><strong>codic-e</strong></span> <span class='ocrx_word' id='word_1_8' title='bbox 1424 511 1585 559; x_wconf 78' lang='lat' dir='ltr'><strong>Salis·</strong></span> 
     </span>
     <span class='ocr_line' id='line_1_3' title="bbox 522 589 1587 654; baseline -0.007 -12"><span class='ocrx_word' id='word_1_9' title='bbox 522 591 764 654; x_wconf 82' lang='lat' dir='ltr'><strong>burgensi</strong></span> <span class='ocrx_word' id='word_1_10' title='bbox 804 591 1023 653; x_wconf 87' lang='lat' dir='ltr'><strong>primum</strong></span> <span class='ocrx_word' id='word_1_11' title='bbox 1064 604 1159 653; x_wconf 91' lang='lat' dir='ltr'><strong>pro</strong></span> <span class='ocrx_word' id='word_1_12' title='bbox 1206 589 1459 651; x_wconf 71' lang='lat' dir='ltr'><strong>porticula</strong></span> <span class='ocrx_word' id='word_1_13' title='bbox 1502 602 1587 635; x_wconf 76' lang='lat' dir='ltr'><strong>utt-</strong></span> 
     </span>
     <span class='ocr_line' id='line_1_4' title="bbox 522 664 1587 728; baseline -0.007 -11"><span class='ocrx_word' id='word_1_14' title='bbox 522 673 634 728; x_wconf 81' lang='lat' dir='ltr'><strong>tem,</strong></span> <span class='ocrx_word' id='word_1_15' title='bbox 668 665 1005 715; x_wconf 80' lang='lat' dir='ltr'><strong>substitutum</strong></span> <span class='ocrx_word' id='word_1_16' title='bbox 1043 673 1124 716; x_wconf 84' lang='lat' dir='ltr'><strong>est</strong></span> <span class='ocrx_word' id='word_1_17' title='bbox 1160 667 1371 713; x_wconf 88' lang='lat' dir='ltr'><strong>verbum</strong></span> <span class='ocrx_word' id='word_1_18' title='bbox 1404 664 1587 725; x_wconf 65' lang='lat' dir='ltr'><strong>prodes.</strong></span> 
     </span>
     <span class='ocr_line' id='line_1_5' title="bbox 522 741 1589 807; baseline -0.007 -13"><span class='ocrx_word' id='word_1_19' title='bbox 522 745 636 795; x_wconf 79' lang='lat' dir='ltr'><strong>Qua</strong></span> <span class='ocrx_word' id='word_1_20' title='bbox 659 742 1005 807; x_wconf 75' lang='lat' dir='ltr'>qualicunque</span> <span class='ocrx_word' id='word_1_21' title='bbox 1024 741 1243 801; x_wconf 80' lang='lat' dir='ltr'><strong>medela,</strong></span> <span class='ocrx_word' id='word_1_22' title='bbox 1258 741 1430 803; x_wconf 76' lang='lat' dir='ltr'><strong>(quam</strong></span> <span class='ocrx_word' id='word_1_23' title='bbox 1450 744 1589 801; x_wconf 80' lang='lat' dir='ltr'><strong>post·</strong></span> 
     </span>
     <span class='ocr_line' id='line_1_6' title="bbox 521 814 1589 878; baseline -0.001 -14"><span class='ocrx_word' id='word_1_24' title='bbox 521 833 585 866; x_wconf 74' lang='lat' dir='ltr'><strong>ea</strong></span> <span class='ocrx_word' id='word_1_25' title='bbox 608 819 772 867; x_wconf 82' lang='lat' dir='ltr'><strong>secuti</strong></span> <span class='ocrx_word' id='word_1_26' title='bbox 812 826 933 866; x_wconf 89' lang='lat' dir='ltr'><strong>sunt</strong></span> <span class='ocrx_word' id='word_1_27' title='bbox 964 817 1193 865; x_wconf 77' lang='lat' dir='ltr'><strong>editores</strong></span> <span class='ocrx_word' id='word_1_28' title='bbox 1229 814 1450 878; x_wconf 82' lang='lat' dir='ltr'><strong>omnes.)</strong></span> <span class='ocrx_word' id='word_1_29' title='bbox 1473 829 1589 863; x_wconf 83' lang='lat' dir='ltr'><strong>seu-</strong></span> 
     </span>
     <span class='ocr_line' id='line_1_7' title="bbox 523 895 1589 960; baseline -0.005 -15"><span class='ocrx_word' id='word_1_30' title='bbox 523 896 689 945; x_wconf 76' lang='lat' dir='ltr'><strong>tentie</strong></span> <span class='ocrx_word' id='word_1_31' title='bbox 708 896 915 960; x_wconf 88' lang='lat' dir='ltr'><strong>quidem</strong></span> <span class='ocrx_word' id='word_1_32' title='bbox 936 895 1087 944; x_wconf 78' lang='lat' dir='ltr'><strong>Plinii</strong></span> <span class='ocrx_word' id='word_1_33' title='bbox 1109 903 1367 956; x_wconf 84' lang='lat' dir='ltr'><strong>utcunque</strong></span> <span class='ocrx_word' id='word_1_34' title='bbox 1387 900 1589 952; x_wconf 73' lang='lat' dir='ltr'><strong>senata,</strong></span> 
     </span>
     <span class='ocr_line' id='line_1_8' title="bbox 526 971 1588 1031; baseline -0.004 -11"><span class='ocrx_word' id='word_1_35' title='bbox 526 972 617 1020; x_wconf 79' lang='lat' dir='ltr'><strong>sed</strong></span> <span class='ocrx_word' id='word_1_36' title='bbox 661 980 832 1021; x_wconf 76' lang='lat' dir='ltr'><strong>tamen</strong></span> <span class='ocrx_word' id='word_1_37' title='bbox 868 972 1093 1020; x_wconf 87' lang='lat' dir='ltr'><strong>nondum</strong></span> <span class='ocrx_word' id='word_1_38' title='bbox 1131 971 1179 1018; x_wconf 91' lang='lat' dir='ltr'><strong>in</strong></span> <span class='ocrx_word' id='word_1_39' title='bbox 1216 971 1469 1031; x_wconf 78' lang='lat' dir='ltr'><strong>integrum</strong></span> <span class='ocrx_word' id='word_1_40' title='bbox 1509 983 1588 1016; x_wconf 84' lang='lat' dir='ltr'><strong>re-</strong></span> 
     </span>
     <span class='ocr_line' id='line_1_9' title="bbox 522 1045 1588 1111; baseline -0.004 -14"><span class='ocrx_word' id='word_1_41' title='bbox 522 1049 739 1111; x_wconf 83' lang='lat' dir='ltr'><strong>stituts;</strong></span> <span class='ocrx_word' id='word_1_42' title='bbox 774 1064 803 1098; x_wconf 92' lang='lat' dir='ltr'><strong>e</strong></span> <span class='ocrx_word' id='word_1_43' title='bbox 827 1050 1084 1098; x_wconf 80' lang='lat' dir='ltr'><strong>contrario</strong></span> <span class='ocrx_word' id='word_1_44' title='bbox 1107 1056 1278 1097; x_wconf 75' lang='lat' dir='ltr'><strong>etitem</strong></span> <span class='ocrx_word' id='word_1_45' title='bbox 1307 1048 1384 1094; x_wconf 81' lang='lat' dir='ltr'><strong>via</strong></span> <span class='ocrx_word' id='word_1_46' title='bbox 1409 1046 1473 1093; x_wconf 79' lang='lat' dir='ltr'><strong>ad</strong></span> <span class='ocrx_word' id='word_1_47' title='bbox 1499 1045 1588 1093; x_wconf 90' lang='lat' dir='ltr'><strong>de·</strong></span> 
     </span>
     <span class='ocr_line' id='line_1_10' title="bbox 520 1121 1587 1189; baseline -0.003 -15"><span class='ocrx_word' id='word_1_48' title='bbox 520 1125 720 1175; x_wconf 78' lang='lat' dir='ltr'><strong>fectum</strong></span> <span class='ocrx_word' id='word_1_49' title='bbox 744 1126 1105 1189; x_wconf 72' lang='lat' dir='ltr'><strong>suspicandum</strong></span> <span class='ocrx_word' id='word_1_50' title='bbox 1133 1125 1337 1174; x_wconf 78' lang='lat' dir='ltr'><strong>reddita</strong></span> <span class='ocrx_word' id='word_1_51' title='bbox 1363 1124 1462 1173; x_wconf 83' lang='lat' dir='ltr'><strong>fuit</strong></span> <span class='ocrx_word' id='word_1_52' title='bbox 1487 1121 1587 1171; x_wconf 88' lang='lat' dir='ltr'><strong>dif-</strong></span> 
     </span>
     <span class='ocr_line' id='line_1_11' title="bbox 524 1200 1590 1264; baseline -0.005 -12"><span class='ocrx_word' id='word_1_53' title='bbox 524 1202 730 1253; x_wconf 81' lang='lat' dir='ltr'><strong>ficilior.</strong></span> <span class='ocrx_word' id='word_1_54' title='bbox 801 1204 930 1252; x_wconf 88' lang='lat' dir='ltr'><strong>Cum</strong></span> <span class='ocrx_word' id='word_1_55' title='bbox 983 1202 1116 1251; x_wconf 78' lang='lat' dir='ltr'><strong>adeo</strong></span> <span class='ocrx_word' id='word_1_56' title='bbox 1173 1202 1389 1264; x_wconf 83' lang='lat' dir='ltr'><strong>primum</strong></span> <span class='ocrx_word' id='word_1_57' title='bbox 1441 1200 1590 1248; x_wconf 85' lang='lat' dir='ltr'><strong>bouis</strong></span> 
     </span>
     <span class='ocr_line' id='line_1_12' title="bbox 527 1277 1589 1342; baseline -0.003 -15"><span class='ocrx_word' id='word_1_58' title='bbox 527 1278 770 1342; x_wconf 71' lang='lat' dir='ltr'><strong>auspiciis</strong></span> <span class='ocrx_word' id='word_1_59' title='bbox 800 1278 895 1327; x_wconf 84' lang='lat' dir='ltr'><strong>hoc</strong></span> <span class='ocrx_word' id='word_1_60' title='bbox 930 1279 1345 1341; x_wconf 73' lang='lat' dir='ltr'><strong>supplementum</strong></span> <span class='ocrx_word' id='word_1_61' title='bbox 1372 1277 1589 1326; x_wconf 77' lang='lat' dir='ltr'><strong>indices·</strong></span> 
     </span>
     <span class='ocr_line' id='line_1_13' title="bbox 526 1352 1592 1419; baseline -0.003 -16"><span class='ocrx_word' id='word_1_62' title='bbox 526 1368 658 1412; x_wconf 91' lang='lat' dir='ltr'><strong>sem,</strong></span> <span class='ocrx_word' id='word_1_63' title='bbox 682 1355 733 1403; x_wconf 88' lang='lat' dir='ltr'><strong>id</strong></span> <span class='ocrx_word' id='word_1_64' title='bbox 769 1356 974 1419; x_wconf 86' lang='lat' dir='ltr'><strong>quidem</strong></span> <span class='ocrx_word' id='word_1_65' title='bbox 1012 1357 1117 1403; x_wconf 82' lang='lat' dir='ltr'><strong>sine</strong></span> <span class='ocrx_word' id='word_1_66' title='bbox 1152 1356 1476 1404; x_wconf 75' lang='lat' dir='ltr'><strong>haesitatione</strong></span> <span class='ocrx_word' id='word_1_67' title='bbox 1502 1352 1592 1401; x_wconf 78' lang='lat' dir='ltr'><strong>ad·</strong></span> 
     </span>
     <span class='ocr_line' id='line_1_14' title="bbox 528 1429 1592 1492; baseline -0.003 -12"><span class='ocrx_word' id='word_1_68' title='bbox 528 1431 737 1480; x_wconf 86' lang='lat' dir='ltr'><strong>missum</strong></span> <span class='ocrx_word' id='word_1_69' title='bbox 775 1439 857 1480; x_wconf 90' lang='lat' dir='ltr'><strong>est</strong></span> <span class='ocrx_word' id='word_1_70' title='bbox 902 1445 933 1479; x_wconf 77' lang='lat' dir='ltr'><strong>s</strong></span> <span class='ocrx_word' id='word_1_71' title='bbox 967 1431 1223 1492; x_wconf 74' lang='lat' dir='ltr'><strong>Gesnero,</strong></span> <span class='ocrx_word' id='word_1_72' title='bbox 1260 1439 1314 1479; x_wconf 90' lang='lat' dir='ltr'><strong>et</strong></span> <span class='ocrx_word' id='word_1_73' title='bbox 1359 1431 1424 1478; x_wconf 77' lang='lat' dir='ltr'><strong>ab</strong></span> <span class='ocrx_word' id='word_1_74' title='bbox 1457 1429 1592 1479; x_wconf 81' lang='lat' dir='ltr'><strong>Arn-</strong></span> 
     </span>
     <span class='ocr_line' id='line_1_15' title="bbox 526 1507 1594 1573; baseline -0.002 -18"><span class='ocrx_word' id='word_1_75' title='bbox 526 1509 716 1565; x_wconf 81' lang='lat' dir='ltr'><strong>tzenio,</strong></span> <span class='ocrx_word' id='word_1_76' title='bbox 740 1508 828 1573; x_wconf 88' lang='lat' dir='ltr'><strong>qni</strong></span> <span class='ocrx_word' id='word_1_77' title='bbox 853 1515 907 1558; x_wconf 90' lang='lat' dir='ltr'><strong>et</strong></span> <span class='ocrx_word' id='word_1_78' title='bbox 932 1510 1042 1573; x_wconf 83' lang='lat' dir='ltr'><strong>ipse</strong></span> <span class='ocrx_word' id='word_1_79' title='bbox 1069 1509 1194 1558; x_wconf 89' lang='lat' dir='ltr'><strong>illud</strong></span> <span class='ocrx_word' id='word_1_80' title='bbox 1231 1511 1281 1557; x_wconf 91' lang='lat' dir='ltr'><strong>in</strong></span> <span class='ocrx_word' id='word_1_81' title='bbox 1309 1507 1594 1570; x_wconf 75' lang='lat' dir='ltr'><strong>excerptis,</strong></span> 
     </span>
     <span class='ocr_line' id='line_1_16' title="bbox 526 1586 1592 1650; baseline -0.001 -15"><span class='ocrx_word' id='word_1_82' title='bbox 526 1588 712 1650; x_wconf 80' lang='lat' dir='ltr'><strong>quibus</strong></span> <span class='ocrx_word' id='word_1_83' title='bbox 750 1601 868 1636; x_wconf 86' lang='lat' dir='ltr'><strong>usns</strong></span> <span class='ocrx_word' id='word_1_84' title='bbox 903 1595 1002 1649; x_wconf 81' lang='lat' dir='ltr'><strong>est,</strong></span> <span class='ocrx_word' id='word_1_85' title='bbox 1028 1586 1257 1635; x_wconf 84' lang='lat' dir='ltr'><strong>invenire</strong></span> <span class='ocrx_word' id='word_1_86' title='bbox 1296 1587 1500 1648; x_wconf 88' lang='lat' dir='ltr'><strong>potuit;</strong></span> <span class='ocrx_word' id='word_1_87' title='bbox 1537 1592 1592 1634; x_wconf 76' lang='lat' dir='ltr'><strong>at</strong></span> 
     </span>
     <span class='ocr_line' id='line_1_17' title="bbox 526 1662 1591 1725; baseline -0.003 -13"><span class='ocrx_word' id='word_1_88' title='bbox 526 1663 671 1712; x_wconf 86' lang='lat' dir='ltr'><strong>nullo</strong></span> <span class='ocrx_word' id='word_1_89' title='bbox 707 1664 859 1711; x_wconf 87' lang='lat' dir='ltr'><strong>modo</strong></span> <span class='ocrx_word' id='word_1_90' title='bbox 896 1662 1100 1725; x_wconf 79' lang='lat' dir='ltr'><strong>probari</strong></span> <span class='ocrx_word' id='word_1_91' title='bbox 1129 1664 1295 1724; x_wconf 90' lang='lat' dir='ltr'><strong>potnit</strong></span> <span class='ocrx_word' id='word_1_92' title='bbox 1329 1662 1591 1710; x_wconf 78' lang='lat' dir='ltr'><strong>Heuman-</strong></span> 
     </span>
     <span class='ocr_line' id='line_1_18' title="bbox 525 1739 1591 1803; baseline -0.001 -16"><span class='ocrx_word' id='word_1_93' title='bbox 525 1754 627 1799; x_wconf 87' lang='lat' dir='ltr'><strong>no;</strong></span> <span class='ocrx_word' id='word_1_94' title='bbox 665 1747 848 1802; x_wconf 87' lang='lat' dir='ltr'><strong>utpote</strong></span> <span class='ocrx_word' id='word_1_95' title='bbox 874 1740 954 1787; x_wconf 88' lang='lat' dir='ltr'><strong>cni</strong></span> <span class='ocrx_word' id='word_1_96' title='bbox 980 1739 1184 1803; x_wconf 75' lang='lat' dir='ltr'><strong>vulgata</strong></span> <span class='ocrx_word' id='word_1_97' title='bbox 1220 1740 1483 1801; x_wconf 80' lang='lat' dir='ltr'><strong>scriptura</strong></span> <span class='ocrx_word' id='word_1_98' title='bbox 1515 1739 1591 1786; x_wconf 91' lang='lat' dir='ltr'><strong>ni·</strong></span> 
     </span>
     <span class='ocr_line' id='line_1_19' title="bbox 523 1817 1589 1879; baseline 0.001 -16"><span class='ocrx_word' id='word_1_99' title='bbox 523 1817 592 1864; x_wconf 87' lang='lat' dir='ltr'><strong>hil</strong></span> <span class='ocrx_word' id='word_1_100' title='bbox 622 1817 784 1865; x_wconf 80' lang='lat' dir='ltr'><strong>visum</strong></span> <span class='ocrx_word' id='word_1_101' title='bbox 819 1824 898 1865; x_wconf 86' lang='lat' dir='ltr'><strong>est</strong></span> <span class='ocrx_word' id='word_1_102' title='bbox 925 1817 1025 1865; x_wconf 84' lang='lat' dir='ltr'><strong>dici</strong></span> <span class='ocrx_word' id='word_1_103' title='bbox 1053 1818 1277 1879; x_wconf 73' lang='lat' dir='ltr'><strong>potuisse</strong></span> <span class='ocrx_word' id='word_1_104' title='bbox 1304 1817 1589 1879; x_wconf 74' lang='lat' dir='ltr'><strong>pulchrius,</strong></span> 
     </span>
     <span class='ocr_line' id='line_1_20' title="bbox 521 1893 1589 1957; baseline -0.001 -16"><span class='ocrx_word' id='word_1_105' title='bbox 521 1903 579 1941; x_wconf 88' lang='lat' dir='ltr'><strong>et</strong></span> <span class='ocrx_word' id='word_1_106' title='bbox 603 1894 711 1957; x_wconf 86' lang='lat' dir='ltr'><strong>qui,</strong></span> <span class='ocrx_word' id='word_1_107' title='bbox 735 1900 857 1942; x_wconf 88' lang='lat' dir='ltr'><strong>tom.</strong></span> <span class='ocrx_word' id='word_1_108' title='bbox 886 1907 969 1942; x_wconf 87' lang='lat' dir='ltr'><strong>nt.</strong></span> <span class='ocrx_word' id='word_1_109' title='bbox 995 1894 1178 1942; x_wconf 84' lang='lat' dir='ltr'><strong>Poecil.</strong></span> <span class='ocrx_word' id='word_1_110' title='bbox 1203 1893 1289 1942; x_wconf 75' lang='lat' dir='ltr'><strong>lib.</strong></span> <span class='ocrx_word' id='word_1_111' title='bbox 1309 1907 1384 1941; x_wconf 88' lang='lat' dir='ltr'><strong>tv.</strong></span> <span class='ocrx_word' id='word_1_112' title='bbox 1406 1908 1455 1957; x_wconf 90' lang='lat' dir='ltr'><strong>p.</strong></span> <span class='ocrx_word' id='word_1_113' title='bbox 1473 1898 1589 1941; x_wconf 80' lang='lat'><strong>528.</strong></span> 
     </span>
     <span class='ocr_line' id='line_1_21' title="bbox 524 1969 1591 2032; baseline 0 -15"><span class='ocrx_word' id='word_1_114' title='bbox 524 1970 623 2018; x_wconf 82' lang='lat' dir='ltr'><strong>hoc</strong></span> <span class='ocrx_word' id='word_1_115' title='bbox 660 1970 826 2031; x_wconf 85' lang='lat' dir='ltr'><strong>ipsum</strong></span> <span class='ocrx_word' id='word_1_116' title='bbox 864 1969 1278 2032; x_wconf 84' lang='lat' dir='ltr'><strong>supplementum</strong></span> <span class='ocrx_word' id='word_1_117' title='bbox 1310 1969 1591 2032; x_wconf 74' lang='lat' dir='ltr'><strong>adscripsit</strong></span> 
     </span>
     <span class='ocr_line' id='line_1_22' title="bbox 526 2045 1590 2103; baseline -0.002 -9"><span class='ocrx_word' id='word_1_118' title='bbox 526 2045 806 2095; x_wconf 76' lang='lat' dir='ltr'><strong>temerario</strong></span> <span class='ocrx_word' id='word_1_119' title='bbox 832 2047 973 2094; x_wconf 81' lang='lat' dir='ltr'><strong>ausui</strong></span> <span class='ocrx_word' id='word_1_120' title='bbox 1013 2046 1208 2094; x_wconf 77' lang='lat' dir='ltr'><strong>librarii</strong></span> <span class='ocrx_word' id='word_1_121' title='bbox 1249 2045 1413 2103; x_wconf 80' lang='lat' dir='ltr'><strong>scioli,</strong></span> <span class='ocrx_word' id='word_1_122' title='bbox 1438 2055 1487 2092; x_wconf 90' lang='lat' dir='ltr'><strong>et</strong></span> <span class='ocrx_word' id='word_1_123' title='bbox 1526 2060 1590 2093; x_wconf 80' lang='lat' dir='ltr'><strong>ea</strong></span> 
     </span>
     <span class='ocr_line' id='line_1_23' title="bbox 525 2121 1589 2186; baseline -0.001 -15"><span class='ocrx_word' id='word_1_124' title='bbox 525 2123 847 2186; x_wconf 68' lang='lat' dir='ltr'><strong>adjicientis,</strong></span> <span class='ocrx_word' id='word_1_125' title='bbox 891 2137 1005 2186; x_wconf 76' lang='lat' dir='ltr'><strong>quae</strong></span> <span class='ocrx_word' id='word_1_126' title='bbox 1063 2123 1261 2185; x_wconf 80' lang='lat' dir='ltr'><strong>putarit</strong></span> <span class='ocrx_word' id='word_1_127' title='bbox 1316 2121 1589 2170; x_wconf 72' lang='lat' dir='ltr'><strong>excidisse.</strong></span> 
     </span>
     <span class='ocr_line' id='line_1_24' title="bbox 524 2198 1589 2249; baseline -0.005 0"><span class='ocrx_word' id='word_1_128' title='bbox 524 2200 630 2249; x_wconf 83' lang='lat' dir='ltr'><strong>Sed</strong></span> <span class='ocrx_word' id='word_1_129' title='bbox 669 2200 741 2248; x_wconf 90' lang='lat' dir='ltr'><strong>illi</strong></span> <span class='ocrx_word' id='word_1_130' title='bbox 780 2198 988 2249; x_wconf 76' lang='lat' dir='ltr'><strong>fortiter</strong></span> <span class='ocrx_word' id='word_1_131' title='bbox 1022 2199 1337 2247; x_wconf 76' lang='lat' dir='ltr'><strong>contradixit</strong></span> <span class='ocrx_word' id='word_1_132' title='bbox 1369 2198 1589 2246; x_wconf 84' lang='lat' dir='ltr'><strong>Arntze-</strong></span> 
     </span>
     <span class='ocr_line' id='line_1_25' title="bbox 523 2273 1588 2339; baseline -0.004 -13"><span class='ocrx_word' id='word_1_133' title='bbox 523 2278 640 2327; x_wconf 88' lang='lat' dir='ltr'><strong>nius</strong></span> <span class='ocrx_word' id='word_1_134' title='bbox 661 2294 676 2325; x_wconf 73' lang='lat' dir='ltr'><strong><em>z</em></strong></span> <span class='ocrx_word' id='word_1_135' title='bbox 709 2276 845 2328; x_wconf 85' lang='lat' dir='ltr'><strong>‘Qui</strong></span> <span class='ocrx_word' id='word_1_136' title='bbox 886 2273 1222 2339; x_wconf 57' lang='lat' dir='ltr'><strong>diligentius:</strong></span> <span class='ocrx_word' id='word_1_137' title='bbox 1260 2274 1445 2338; x_wconf 84' lang='lat' dir='ltr'><strong>iuquit,</strong></span> <span class='ocrx_word' id='word_1_138' title='bbox 1481 2276 1495 2301; x_wconf 91' lang='lat'>‘</span> <span class='ocrx_word' id='word_1_139' title='bbox 1523 2274 1588 2322; x_wconf 77' lang='lat' dir='ltr'><strong>ad</strong></span> 
     </span>
     <span class='ocr_line' id='line_1_26' title="bbox 522 2350 1592 2414; baseline -0.002 -13"><span class='ocrx_word' id='word_1_140' title='bbox 522 2354 784 2414; x_wconf 75' lang='lat' dir='ltr'><strong>vulgatam</strong></span> <span class='ocrx_word' id='word_1_141' title='bbox 809 2353 1085 2402; x_wconf 87' lang='lat' dir='ltr'><strong>lectionem</strong></span> <span class='ocrx_word' id='word_1_142' title='bbox 1106 2351 1351 2408; x_wconf 76' lang='lat' dir='ltr'><strong>attendit,</strong></span> <span class='ocrx_word' id='word_1_143' title='bbox 1372 2365 1470 2399; x_wconf 90' lang='lat' dir='ltr'><strong>non</strong></span> <span class='ocrx_word' id='word_1_144' title='bbox 1491 2350 1592 2399; x_wconf 83' lang='lat' dir='ltr'><strong>‹lif-</strong></span> 
     </span>
     <span class='ocr_line' id='line_1_27' title="bbox 524 2429 1592 2491; baseline -0.003 -12"><span class='ocrx_word' id='word_1_145' title='bbox 524 2429 728 2480; x_wconf 83' lang='lat' dir='ltr'><strong>ficnlter</strong></span> <span class='ocrx_word' id='word_1_146' title='bbox 750 2430 834 2479; x_wconf 87' lang='lat' dir='ltr'><strong>ltic</strong></span> <span class='ocrx_word' id='word_1_147' title='bbox 858 2429 1053 2478; x_wconf 80' lang='lat' dir='ltr'><strong>hiatum</strong></span> <span class='ocrx_word' id='word_1_148' title='bbox 1078 2429 1332 2491; x_wconf 81' lang='lat' dir='ltr'><strong>agnoscit.</strong></span> <span class='ocrx_word' id='word_1_149' title='bbox 1375 2429 1443 2477; x_wconf 89' lang='lat' dir='ltr'><strong>Et</strong></span> <span class='ocrx_word' id='word_1_150' title='bbox 1465 2429 1592 2477; x_wconf 86' lang='lat' dir='ltr'><strong>mul-</strong></span> 
     </span>
     <span class='ocr_line' id='line_1_28' title="bbox 524 2506 1592 2569; baseline -0.004 -13"><span class='ocrx_word' id='word_1_151' title='bbox 524 2514 578 2556; x_wconf 87' lang='lat' dir='ltr'><strong>to</strong></span> <span class='ocrx_word' id='word_1_152' title='bbox 603 2507 924 2569; x_wconf 71' lang='lat' dir='ltr'><strong>elegantiora</strong></span> <span class='ocrx_word' id='word_1_153' title='bbox 950 2515 1089 2565; x_wconf 81' lang='lat' dir='ltr'><strong>sunt,</strong></span> <span class='ocrx_word' id='word_1_154' title='bbox 1114 2521 1230 2568; x_wconf 81' lang='lat' dir='ltr'><strong>qnae</strong></span> <span class='ocrx_word' id='word_1_155' title='bbox 1266 2506 1592 2568; x_wconf 80' lang='lat' dir='ltr'><strong>supplentur,</strong></span> 
     </span>
     <span class='ocr_line' id='line_1_29' title="bbox 522 2582 1591 2647; baseline 0.001 -18"><span class='ocrx_word' id='word_1_156' title='bbox 522 2597 676 2647; x_wconf 78' lang='lat' dir='ltr'><strong>qttsm</strong></span> <span class='ocrx_word' id='word_1_157' title='bbox 702 2591 758 2629; x_wconf 92' lang='lat' dir='ltr'><strong>ut</strong></span> <span class='ocrx_word' id='word_1_158' title='bbox 784 2596 813 2629; x_wconf 80' lang='lat' dir='ltr'><strong>a</strong></span> <span class='ocrx_word' id='word_1_159' title='bbox 850 2582 1070 2630; x_wconf 75' lang='lat' dir='ltr'><strong>librariis</strong></span> <span class='ocrx_word' id='word_1_160' title='bbox 1109 2590 1318 2643; x_wconf 83' lang='lat' dir='ltr'><strong>possent</strong></span> <span class='ocrx_word' id='word_1_161' title='bbox 1344 2591 1591 2644; x_wconf 77' lang='lat' dir='ltr'><strong>expects·</strong></span> 
     </span>
     <span class='ocr_line' id='line_1_30' title="bbox 525 2656 1592 2721; baseline 0 -15"><span class='ocrx_word' id='word_1_162' title='bbox 525 2660 590 2718; x_wconf 87' lang='lat' dir='ltr'><strong>ri,</strong></span> <span class='ocrx_word' id='word_1_163' title='bbox 615 2658 697 2721; x_wconf 87' lang='lat' dir='ltr'><strong>qui</strong></span> <span class='ocrx_word' id='word_1_164' title='bbox 727 2671 843 2705; x_wconf 82' lang='lat' dir='ltr'><strong>raro</strong></span> <span class='ocrx_word' id='word_1_165' title='bbox 882 2658 1059 2705; x_wconf 78' lang='lat' dir='ltr'><strong>talium</strong></span> <span class='ocrx_word' id='word_1_166' title='bbox 1096 2669 1269 2705; x_wconf 82' lang='lat' dir='ltr'><strong>rerum</strong></span> <span class='ocrx_word' id='word_1_167' title='bbox 1304 2656 1400 2704; x_wconf 80' lang='lat' dir='ltr'><strong>sibi</strong></span> <span class='ocrx_word' id='word_1_168' title='bbox 1437 2658 1592 2707; x_wconf 77' lang='lat' dir='ltr'><strong>liabe-</strong></span> 
     </span>
     <span class='ocr_line' id='line_1_31' title="bbox 521 2731 1592 2795; baseline 0 -13"><span class='ocrx_word' id='word_1_169' title='bbox 521 2733 649 2782; x_wconf 78' lang='lat' dir='ltr'><strong>bant</strong></span> <span class='ocrx_word' id='word_1_170' title='bbox 674 2734 909 2795; x_wconf 78' lang='lat' dir='ltr'><strong>copiam:</strong></span> <span class='ocrx_word' id='word_1_171' title='bbox 947 2731 1083 2780; x_wconf 88' lang='lat' dir='ltr'><strong>nude</strong></span> <span class='ocrx_word' id='word_1_172' title='bbox 1123 2733 1428 2781; x_wconf 77' lang='lat' dir='ltr'><strong>tutissimam</strong></span> <span class='ocrx_word' id='word_1_173' title='bbox 1460 2749 1592 2782; x_wconf 87' lang='lat' dir='ltr'><strong>sem·</strong></span> 
     </span>
     <span class='ocr_line' id='line_1_32' title="bbox 525 2807 1593 2874; baseline -0.001 -16"><span class='ocrx_word' id='word_1_174' title='bbox 525 2824 620 2874; x_wconf 92' lang='lat' dir='ltr'><strong>per</strong></span> <span class='ocrx_word' id='word_1_175' title='bbox 645 2808 776 2857; x_wconf 76' lang='lat' dir='ltr'><strong>viam</strong></span> <span class='ocrx_word' id='word_1_176' title='bbox 799 2807 1057 2870; x_wconf 83' lang='lat' dir='ltr'><strong>eligimus,</strong></span> <span class='ocrx_word' id='word_1_177' title='bbox 1080 2808 1120 2855; x_wconf 89' lang='lat' dir='ltr'><strong>si</strong></span> <span class='ocrx_word' id='word_1_178' title='bbox 1149 2822 1214 2855; x_wconf 82' lang='lat' dir='ltr'><strong>ex</strong></span> <span class='ocrx_word' id='word_1_179' title='bbox 1248 2810 1427 2870; x_wconf 80' lang='lat' dir='ltr'><strong>priscis</strong></span> <span class='ocrx_word' id='word_1_180' title='bbox 1452 2810 1593 2858; x_wconf 82' lang='lat' dir='ltr'><strong>cocli-</strong></span> 
     </span>
     <span class='ocr_line' id='line_1_33' title="bbox 527 2885 1595 2951; baseline -0.001 -17"><span class='ocrx_word' id='word_1_181' title='bbox 527 2886 673 2936; x_wconf 80' lang='lat' dir='ltr'><strong>cibus</strong></span> <span class='ocrx_word' id='word_1_182' title='bbox 699 2886 890 2951; x_wconf 80' lang='lat' dir='ltr'><strong>eliquid</strong></span> <span class='ocrx_word' id='word_1_183' title='bbox 918 2886 1061 2948; x_wconf 80' lang='lat' dir='ltr'><strong>quasi</strong></span> <span class='ocrx_word' id='word_1_184' title='bbox 1099 2885 1413 2947; x_wconf 88' lang='lat' dir='ltr'><strong>postliminio</strong></span> <span class='ocrx_word' id='word_1_185' title='bbox 1443 2886 1595 2934; x_wconf 86' lang='lat' dir='ltr'><strong>redu-</strong></span> 
     </span>
     <span class='ocr_line' id='line_1_34' title="bbox 518 2962 1593 3033; baseline 0 -21"><span class='ocrx_word' id='word_1_186' title='bbox 518 2966 710 3033; x_wconf 68' lang='lat' dir='ltr'><strong>cimus,</strong></span> <span class='ocrx_word' id='word_1_187' title='bbox 743 2977 895 3027; x_wconf 73' lang='lat' dir='ltr'><strong>quem</strong></span> <span class='ocrx_word' id='word_1_188' title='bbox 933 2962 974 3010; x_wconf 87' lang='lat' dir='ltr'><strong>si</strong></span> <span class='ocrx_word' id='word_1_189' title='bbox 1015 2964 1234 3011; x_wconf 77' lang='lat' dir='ltr'><strong>reducta</strong></span> <span class='ocrx_word' id='word_1_190' title='bbox 1272 2963 1593 3025; x_wconf 78' lang='lat' dir='ltr'><strong>abjiciamus.</strong></span> 
     </span>
     <span class='ocr_line' id='line_1_35' title="bbox 533 3039 1595 3104; baseline -0.001 -16"><span class='ocrx_word' id='word_1_191' title='bbox 533 3039 677 3089; x_wconf 81' lang='lat' dir='ltr'><strong>Nihil</strong></span> <span class='ocrx_word' id='word_1_192' title='bbox 713 3054 840 3088; x_wconf 79' lang='lat' dir='ltr'><strong>sene</strong></span> <span class='ocrx_word' id='word_1_193' title='bbox 882 3040 1042 3102; x_wconf 77' lang='lat' dir='ltr'><strong>magis</strong></span> <span class='ocrx_word' id='word_1_194' title='bbox 1090 3041 1373 3104; x_wconf 81' lang='lat' dir='ltr'><strong>excogitari</strong></span> <span class='ocrx_word' id='word_1_195' title='bbox 1421 3047 1595 3103; x_wconf 72' lang='lat' dir='ltr'><strong>posset</strong></span> 
     </span>
     <span class='ocr_line' id='line_1_36' title="bbox 527 3115 1594 3179; baseline -0.001 -13"><span class='ocrx_word' id='word_1_196' title='bbox 527 3118 843 3175; x_wconf 75' lang='lat' dir='ltr'><strong>Plininttttm,</strong></span> <span class='ocrx_word' id='word_1_197' title='bbox 877 3116 918 3163; x_wconf 84' lang='lat' dir='ltr'><strong>si</strong></span> <span class='ocrx_word' id='word_1_198' title='bbox 956 3117 1035 3163; x_wconf 83' lang='lat' dir='ltr'><strong>vel</strong></span> <span class='ocrx_word' id='word_1_199' title='bbox 1075 3116 1181 3179; x_wconf 83' lang='lat' dir='ltr'><strong>ipse</strong></span> <span class='ocrx_word' id='word_1_200' title='bbox 1210 3125 1383 3165; x_wconf 74' lang='lat' dir='ltr'><strong>orator</strong></span> <span class='ocrx_word' id='word_1_201' title='bbox 1421 3116 1486 3163; x_wconf 75' lang='lat' dir='ltr'><strong>eb</strong></span> <span class='ocrx_word' id='word_1_202' title='bbox 1525 3115 1594 3165; x_wconf 82' lang='lat' dir='ltr'><strong>A·</strong></span> 
     </span>
     <span class='ocr_line' id='line_1_37' title="bbox 524 3192 1594 3243; baseline -0.002 -2"><span class='ocrx_word' id='word_1_203' title='bbox 524 3194 770 3243; x_wconf 71' lang='lat' dir='ltr'><strong>cinerente</strong></span> <span class='ocrx_word' id='word_1_204' title='bbox 795 3201 936 3241; x_wconf 86' lang='lat' dir='ltr'><strong>esset</strong></span> <span class='ocrx_word' id='word_1_205' title='bbox 963 3192 1333 3241; x_wconf 57' lang='lat' dir='ltr'><strong>redimendus!</strong></span> <span class='ocrx_word' id='word_1_206' title='bbox 1371 3193 1594 3241; x_wconf 78' lang='lat' dir='ltr'><strong>Schwar-</strong></span> 
     </span>
     <span class='ocr_line' id='line_1_38' title="bbox 528 3272 647 3317; baseline 0 0"><span class='ocrx_word' id='word_1_207' title='bbox 528 3272 647 3317; x_wconf 77' lang='lat' dir='ltr'><strong>zius.</strong></span> 
     </span>
    </p>

    <p class='ocr_par' dir='ltr' id='par_1_3' title="bbox 524 3346 1635 4337">
     <span class='ocr_line' id='line_1_39' title="bbox 596 3346 1592 3411; baseline -0.002 -16"><span class='ocrx_word' id='word_1_208' title='bbox 596 3347 729 3403; x_wconf 81' lang='lat' dir='ltr'><strong>Qttos</strong></span> <span class='ocrx_word' id='word_1_209' title='bbox 762 3346 888 3394; x_wconf 76' lang='lat' dir='ltr'><strong>omni</strong></span> <span class='ocrx_word' id='word_1_210' title='bbox 915 3346 1088 3395; x_wconf 77' lang='lat' dir='ltr'><strong>liberas</strong></span> <span class='ocrx_word' id='word_1_211' title='bbox 1109 3347 1397 3411; x_wconf 71' lang='lat' dir='ltr'><strong>suspicione]</strong></span> <span class='ocrx_word' id='word_1_212' title='bbox 1437 3348 1592 3411; x_wconf 82' lang='lat' dir='ltr'><strong>Equi·</strong></span> 
     </span>
     <span class='ocr_line' id='line_1_40' title="bbox 524 3424 1591 3488; baseline 0.003 -16"><span class='ocrx_word' id='word_1_213' title='bbox 524 3425 642 3474; x_wconf 89' lang='lat' dir='ltr'><strong>dem</strong></span> <span class='ocrx_word' id='word_1_214' title='bbox 667 3424 875 3474; x_wconf 87' lang='lat' dir='ltr'><strong>codices</strong></span> <span class='ocrx_word' id='word_1_215' title='bbox 906 3426 957 3480; x_wconf 87' lang='lat' dir='ltr'><strong>ii,</strong></span> <span class='ocrx_word' id='word_1_216' title='bbox 978 3441 1006 3473; x_wconf 90' lang='lat' dir='ltr'><strong>e</strong></span> <span class='ocrx_word' id='word_1_217' title='bbox 1026 3426 1213 3488; x_wconf 84' lang='lat' dir='ltr'><strong>quibus</strong></span> <span class='ocrx_word' id='word_1_218' title='bbox 1232 3429 1329 3474; x_wconf 79' lang='lat' dir='ltr'><strong>hoc</strong></span> <span class='ocrx_word' id='word_1_219' title='bbox 1346 3429 1591 3474; x_wconf 78' lang='lat' dir='ltr'><strong>eximium</strong></span> 
     </span>
     <span class='ocr_line' id='line_1_41' title="bbox 525 3503 1589 3565; baseline -0.002 -13"><span class='ocrx_word' id='word_1_220' title='bbox 525 3504 941 3565; x_wconf 77' lang='lat' dir='ltr'><strong>supplementum</strong></span> <span class='ocrx_word' id='word_1_221' title='bbox 987 3505 1118 3563; x_wconf 83' lang='lat' dir='ltr'><strong>erni,</strong></span> <span class='ocrx_word' id='word_1_222' title='bbox 1165 3504 1276 3550; x_wconf 88' lang='lat' dir='ltr'><strong>loco</strong></span> <span class='ocrx_word' id='word_1_223' title='bbox 1335 3503 1589 3564; x_wconf 77' lang='lat' dir='ltr'><strong>prononti-</strong></span> 
     </span>
     <span class='ocr_line' id='line_1_42' title="bbox 528 3579 1596 3643; baseline 0.002 -17"><span class='ocrx_word' id='word_1_224' title='bbox 528 3579 606 3626; x_wconf 85' lang='lat' dir='ltr'><strong>nis</strong></span> <span class='ocrx_word' id='word_1_225' title='bbox 641 3592 772 3641; x_wconf 64' lang='grc' dir='ltr'><strong>«μοι,</strong></span> <span class='ocrx_word' id='word_1_226' title='bbox 795 3579 988 3627; x_wconf 70' lang='lat' dir='ltr'><strong>liabent</strong></span> <span class='ocrx_word' id='word_1_227' title='bbox 1019 3580 1433 3643; x_wconf 85' lang='lat' dir='ltr'><strong>conjunctionem</strong></span> <span class='ocrx_word' id='word_1_228' title='bbox 1458 3582 1596 3642; x_wconf 76' lang='lat' dir='ltr'><strong>quod.</strong></span> 
     </span>
     <span class='ocr_line' id='line_1_43' title="bbox 526 3656 1593 3720; baseline 0.002 -15"><span class='ocrx_word' id='word_1_229' title='bbox 526 3656 629 3705; x_wconf 85' lang='lat' dir='ltr'><strong>Sed</strong></span> <span class='ocrx_word' id='word_1_230' title='bbox 677 3657 792 3720; x_wconf 84' lang='lat' dir='ltr'><strong>quis</strong></span> <span class='ocrx_word' id='word_1_231' title='bbox 835 3670 935 3705; x_wconf 90' lang='lat' dir='ltr'><strong>nou</strong></span> <span class='ocrx_word' id='word_1_232' title='bbox 986 3658 1147 3717; x_wconf 87' lang='lat' dir='ltr'><strong>videt,</strong></span> <span class='ocrx_word' id='word_1_233' title='bbox 1192 3669 1435 3720; x_wconf 82' lang='lat' dir='ltr'><strong>oportere</strong></span> <span class='ocrx_word' id='word_1_234' title='bbox 1479 3659 1593 3707; x_wconf 71' lang='lat' dir='ltr'><strong>ltaec</strong></span> 
     </span>
     <span class='ocr_line' id='line_1_44' title="bbox 530 3734 1595 3797; baseline 0.003 -16"><span class='ocrx_word' id='word_1_235' title='bbox 530 3736 684 3784; x_wconf 79' lang='lat' dir='ltr'><strong>verba</strong></span> <span class='ocrx_word' id='word_1_236' title='bbox 709 3734 791 3782; x_wconf 81' lang='lat' dir='ltr'><strong>vel</strong></span> <span class='ocrx_word' id='word_1_237' title='bbox 826 3734 902 3782; x_wconf 84' lang='lat' dir='ltr'><strong>sie</strong></span> <span class='ocrx_word' id='word_1_238' title='bbox 926 3734 1103 3789; x_wconf 81' lang='lat' dir='ltr'><strong>scribi,</strong></span> <span class='ocrx_word' id='word_1_239' title='bbox 1123 3736 1244 3797; x_wconf 79' lang='lat' dir='ltr'><strong>quod</strong></span> <span class='ocrx_word' id='word_1_240' title='bbox 1267 3738 1392 3783; x_wconf 77' lang='lat' dir='ltr'><strong>omni</strong></span> <span class='ocrx_word' id='word_1_241' title='bbox 1422 3737 1595 3785; x_wconf 80' lang='lat' dir='ltr'><strong>liberos</strong></span> 
     </span>
     <span class='ocr_line' id='line_1_45' title="bbox 529 3811 1598 3876; baseline 0.002 -16"><span class='ocrx_word' id='word_1_242' title='bbox 529 3826 612 3860; x_wconf 73' lang='lat' dir='ltr'><strong>uos</strong></span> <span class='ocrx_word' id='word_1_243' title='bbox 634 3811 928 3873; x_wconf 57' lang='lat' dir='ltr'><strong>suspicione,-</strong></span> <span class='ocrx_word' id='word_1_244' title='bbox 967 3811 1047 3859; x_wconf 83' lang='lat' dir='ltr'><strong>vel</strong></span> <span class='ocrx_word' id='word_1_245' title='bbox 1078 3811 1152 3860; x_wconf 88' lang='lat' dir='ltr'><strong>sic</strong></span> <span class='ocrx_word' id='word_1_246' title='bbox 1179 3813 1416 3875; x_wconf 82' lang='lat' dir='ltr'><strong>exprimi,</strong></span> <span class='ocrx_word' id='word_1_247' title='bbox 1444 3821 1598 3876; x_wconf 87' lang='lat' dir='ltr'><strong>prout</strong></span> 
     </span>
     <span class='ocr_line' id='line_1_46' title="bbox 528 3888 1593 3953; baseline 0.004 -18"><span class='ocrx_word' id='word_1_248' title='bbox 528 3903 590 3936; x_wconf 75' lang='lat' dir='ltr'><strong>ee</strong></span> <span class='ocrx_word' id='word_1_249' title='bbox 617 3888 665 3937; x_wconf 91' lang='lat' dir='ltr'><strong>iu</strong></span> <span class='ocrx_word' id='word_1_250' title='bbox 696 3894 944 3937; x_wconf 81' lang='lat' dir='ltr'><strong>contextu</strong></span> <span class='ocrx_word' id='word_1_251' title='bbox 979 3888 1220 3938; x_wconf 87' lang='lat' dir='ltr'><strong>exhibeo.</strong></span> <span class='ocrx_word' id='word_1_252' title='bbox 1290 3890 1399 3953; x_wconf 78' lang='lat' dir='ltr'><strong>Ego</strong></span> <span class='ocrx_word' id='word_1_253' title='bbox 1439 3891 1593 3940; x_wconf 74' lang='lat' dir='ltr'><strong>malni</strong></span> 
     </span>
     <span class='ocr_line' id='line_1_47' title="bbox 529 3966 1635 4025; baseline 0.001 -11"><span class='ocrx_word' id='word_1_254' title='bbox 529 3966 788 4015; x_wconf 74' lang='lat' dir='ltr'><strong>lenissima</strong></span> <span class='ocrx_word' id='word_1_255' title='bbox 830 3966 1039 4014; x_wconf 80' lang='lat' dir='ltr'><strong>medela</strong></span> <span class='ocrx_word' id='word_1_256' title='bbox 1082 3968 1174 4015; x_wconf 88' lang='lat' dir='ltr'><strong>uti.</strong></span> <span class='ocrx_word' id='word_1_257' title='bbox 1243 3966 1379 4017; x_wconf 82' lang='lat' dir='ltr'><strong>Quid</strong></span> <span class='ocrx_word' id='word_1_258' title='bbox 1419 3974 1635 4025; x_wconf 38' lang='lat' dir='ltr'><strong>nutems</strong></span> 
     </span>
     <span class='ocr_line' id='line_1_48' title="bbox 530 4042 1597 4104; baseline -0.001 -13"><span class='ocrx_word' id='word_1_259' title='bbox 530 4042 718 4103; x_wconf 84' lang='lat' dir='ltr'><strong>lenius,</strong></span> <span class='ocrx_word' id='word_1_260' title='bbox 751 4055 925 4104; x_wconf 83' lang='lat' dir='ltr'><strong>qusm,</strong></span> <span class='ocrx_word' id='word_1_261' title='bbox 961 4043 1115 4090; x_wconf 77' lang='lat' dir='ltr'><strong>unica</strong></span> <span class='ocrx_word' id='word_1_262' title='bbox 1149 4044 1353 4090; x_wconf 76' lang='lat' dir='ltr'><strong>lite-rulu</strong></span> <span class='ocrx_word' id='word_1_263' title='bbox 1379 4051 1597 4099; x_wconf 71' lang='lat' dir='ltr'><strong>mutato,</strong></span> 
     </span>
     <span class='ocr_line' id='line_1_49' title="bbox 531 4117 1596 4182; baseline 0.001 -16"><span class='ocrx_word' id='word_1_264' title='bbox 531 4131 626 4181; x_wconf 88' lang='lat' dir='ltr'><strong>pro</strong></span> <span class='ocrx_word' id='word_1_265' title='bbox 646 4119 788 4181; x_wconf 71' lang='lat' dir='ltr'><strong>quod,</strong></span> <span class='ocrx_word' id='word_1_266' title='bbox 811 4117 955 4182; x_wconf 84' lang='lat' dir='ltr'><strong>cnjtts</strong></span> <span class='ocrx_word' id='word_1_267' title='bbox 989 4120 1248 4179; x_wconf 77' lang='lat' dir='ltr'><strong>scriptura</strong></span> <span class='ocrx_word' id='word_1_268' title='bbox 1282 4120 1332 4167; x_wconf 89' lang='lat' dir='ltr'><strong>in</strong></span> <span class='ocrx_word' id='word_1_269' title='bbox 1358 4120 1596 4167; x_wconf 86' lang='lat' dir='ltr'><strong>omnibns</strong></span> 
     </span>
     <span class='ocr_line' id='line_1_50' title="bbox 533 4194 1599 4259; baseline 0.003 -18"><span class='ocrx_word' id='word_1_270' title='bbox 533 4194 744 4258; x_wconf 81' lang='lat' dir='ltr'><strong>reliquis</strong></span> <span class='ocrx_word' id='word_1_271' title='bbox 784 4195 933 4245; x_wconf 85' lang='lat' dir='ltr'><strong>libris</strong></span> <span class='ocrx_word' id='word_1_272' title='bbox 973 4202 1138 4251; x_wconf 75' lang='lat' dir='ltr'><strong>extat,</strong></span> <span class='ocrx_word' id='word_1_273' title='bbox 1162 4209 1416 4259; x_wconf 75' lang='lat' dir='ltr'><strong>reponere</strong></span> <span class='ocrx_word' id='word_1_274' title='bbox 1451 4200 1599 4258; x_wconf 72' lang='lat' dir='ltr'><strong>quos?</strong></span> 
     </span>
     <span class='ocr_line' id='line_1_51' title="bbox 533 4270 1595 4337; baseline 0.001 -18"><span class='ocrx_word' id='word_1_275' title='bbox 533 4270 714 4320; x_wconf 87' lang='lat' dir='ltr'><strong>Mouet</strong></span> <span class='ocrx_word' id='word_1_276' title='bbox 728 4271 934 4335; x_wconf 85' lang='lat' dir='ltr'><strong>quidem</strong></span> <span class='ocrx_word' id='word_1_277' title='bbox 950 4270 1280 4334; x_wconf 79' lang='lat' dir='ltr'><strong>Arntsenius,</strong></span> <span class='ocrx_word' id='word_1_278' title='bbox 1296 4272 1436 4337; x_wconf 83' lang='lat' dir='ltr'><strong>prins</strong></span> <span class='ocrx_word' id='word_1_279' title='bbox 1453 4272 1595 4336; x_wconf 72' lang='lat' dir='ltr'><strong>quod,</strong></span> 
     </span>
    </p>
   </div>
   <div class='ocr_carea' id='block_1_3' title="bbox 1221 363 2030 416">
    <p class='ocr_par' dir='ltr' id='par_1_4' title="bbox 1221 363 2030 416">
     <span class='ocr_line' id='line_1_52' title="bbox 1221 363 2030 416; baseline -0.004 0"><span class='ocrx_word' id='word_1_280' title='bbox 1221 365 1437 416; x_wconf 62' lang='lat' dir='ltr'><strong>1401·AE</strong></span> <span class='ocrx_word' id='word_1_281' title='bbox 1489 365 1897 416; x_wconf 70' lang='lat' dir='ltr'><strong>vARtoRtJM</strong></span> <span class='ocrx_word' id='word_1_282' title='bbox 1954 363 2030 413; x_wconf 69' lang='grc' dir='ltr'><strong>ΙΝ</strong></span> 
     </span>
    </p>
   </div>
   <div class='ocr_carea' id='block_1_4' title="bbox 1663 505 2753 4339">
    <p class='ocr_par' dir='ltr' id='par_1_5' title="bbox 1663 505 2753 4339">
     <span class='ocr_line' id='line_1_53' title="bbox 1663 505 2728 572; baseline -0.005 -13"><span class='ocrx_word' id='word_1_283' title='bbox 1663 524 1778 559; x_wconf 89' lang='lat' dir='ltr'><strong>cnm</strong></span> <span class='ocrx_word' id='word_1_284' title='bbox 1815 507 2127 572; x_wconf 77' lang='lat' dir='ltr'><strong>respondeat</strong></span> <span class='ocrx_word' id='word_1_285' title='bbox 2162 506 2329 557; x_wconf 90' lang='lat' dir='ltr'><strong>eidem</strong></span> <span class='ocrx_word' id='word_1_286' title='bbox 2353 505 2468 555; x_wconf 80' lang='lat' dir='ltr'><strong>voci</strong></span> <span class='ocrx_word' id='word_1_287' title='bbox 2501 520 2618 556; x_wconf 81' lang='lat' dir='ltr'><strong>mox</strong></span> <span class='ocrx_word' id='word_1_288' title='bbox 2652 516 2728 554; x_wconf 84' lang='lat' dir='ltr'><strong>se·</strong></span> 
     </span>
     <span class='ocr_line' id='line_1_54' title="bbox 1663 583 2728 650; baseline -0.002 -15"><span class='ocrx_word' id='word_1_289' title='bbox 1663 586 1863 650; x_wconf 89' lang='lat' dir='ltr'><strong>quenti,</strong></span> <span class='ocrx_word' id='word_1_290' title='bbox 1888 587 2029 634; x_wconf 90' lang='lat' dir='ltr'><strong>nullo</strong></span> <span class='ocrx_word' id='word_1_291' title='bbox 2060 584 2213 634; x_wconf 89' lang='lat' dir='ltr'><strong>modo</strong></span> <span class='ocrx_word' id='word_1_292' title='bbox 2247 583 2435 634; x_wconf 75' lang='lat' dir='ltr'><strong>mutari</strong></span> <span class='ocrx_word' id='word_1_293' title='bbox 2462 583 2641 634; x_wconf 80' lang='lat' dir='ltr'><strong>deberi</strong></span> <span class='ocrx_word' id='word_1_294' title='bbox 2677 585 2728 633; x_wconf 74' lang='lat' dir='ltr'><strong>in</strong></span> 
     </span>
     <span class='ocr_line' id='line_1_55' title="bbox 1664 660 2728 726; baseline -0.002 -15"><span class='ocrx_word' id='word_1_295' title='bbox 1664 678 1807 726; x_wconf 70' lang='lat' dir='ltr'><strong>qums,-</strong></span> <span class='ocrx_word' id='word_1_296' title='bbox 1842 662 1931 711; x_wconf 84' lang='lat' dir='ltr'><strong>sed</strong></span> <span class='ocrx_word' id='word_1_297' title='bbox 1957 664 2032 710; x_wconf 80' lang='lat' dir='ltr'><strong>vir</strong></span> <span class='ocrx_word' id='word_1_298' title='bbox 2054 661 2382 711; x_wconf 80' lang='lat' dir='ltr'><strong>doctissimus</strong></span> <span class='ocrx_word' id='word_1_299' title='bbox 2405 660 2607 710; x_wconf 86' lang='lat' dir='ltr'><strong>nescire</strong></span> <span class='ocrx_word' id='word_1_300' title='bbox 2632 674 2728 709; x_wconf 75' lang='lat' dir='ltr'><strong>nou</strong></span> 
     </span>
     <span class='ocr_line' id='line_1_56' title="bbox 1666 738 2730 804; baseline 0 -17"><span class='ocrx_word' id='word_1_301' title='bbox 1666 746 1857 804; x_wconf 88' lang='lat' dir='ltr'><strong>potest,</strong></span> <span class='ocrx_word' id='word_1_302' title='bbox 1891 741 2047 789; x_wconf 78' lang='lat' dir='ltr'><strong>etism</strong></span> <span class='ocrx_word' id='word_1_303' title='bbox 2085 740 2134 788; x_wconf 92' lang='lat' dir='ltr'><strong>in</strong></span> <span class='ocrx_word' id='word_1_304' title='bbox 2172 738 2473 802; x_wconf 84' lang='lat' dir='ltr'><strong>pronomine</strong></span> <span class='ocrx_word' id='word_1_305' title='bbox 2508 752 2644 801; x_wconf 70' lang='lat' dir='ltr'><strong>qnos,</strong></span> <span class='ocrx_word' id='word_1_306' title='bbox 2665 740 2730 787; x_wconf 84' lang='lat' dir='ltr'><strong>si·</strong></span> 
     </span>
     <span class='ocr_line' id='line_1_57' title="bbox 1666 814 2731 878; baseline 0 -15"><span class='ocrx_word' id='word_1_307' title='bbox 1666 817 1769 864; x_wconf 90' lang='lat' dir='ltr'><strong>mul</strong></span> <span class='ocrx_word' id='word_1_308' title='bbox 1795 816 2047 865; x_wconf 83' lang='lat' dir='ltr'><strong>contineri</strong></span> <span class='ocrx_word' id='word_1_309' title='bbox 2068 821 2122 864; x_wconf 87' lang='lat' dir='ltr'><strong>et</strong></span> <span class='ocrx_word' id='word_1_310' title='bbox 2143 814 2562 877; x_wconf 87' lang='lat' dir='ltr'><strong>conjunctionem</strong></span> <span class='ocrx_word' id='word_1_311' title='bbox 2589 817 2731 878; x_wconf 75' lang='lat' dir='ltr'><strong>quod,</strong></span> 
     </span>
     <span class='ocr_line' id='line_1_58' title="bbox 1664 888 2734 955; baseline 0.001 -16"><span class='ocrx_word' id='word_1_312' title='bbox 1664 900 1719 941; x_wconf 93' lang='lat' dir='ltr'><strong>et</strong></span> <span class='ocrx_word' id='word_1_313' title='bbox 1756 907 2040 955; x_wconf 84' lang='lat' dir='ltr'><strong>pronomen</strong></span> <span class='ocrx_word' id='word_1_314' title='bbox 2068 906 2171 940; x_wconf 81' lang='lat' dir='ltr'><strong>uss.</strong></span> <span class='ocrx_word' id='word_1_315' title='bbox 2236 890 2327 940; x_wconf 87' lang='lat' dir='ltr'><strong>Sic</strong></span> <span class='ocrx_word' id='word_1_316' title='bbox 2359 890 2564 939; x_wconf 78' lang='lat' dir='ltr'><strong>Plinius</strong></span> <span class='ocrx_word' id='word_1_317' title='bbox 2600 888 2734 940; x_wconf 77' lang='lat' dir='ltr'><strong>infre</strong></span> 
     </span>
     <span class='ocr_line' id='line_1_59' title="bbox 1668 969 2731 1035; baseline -0.005 -14"><span class='ocrx_word' id='word_1_318' title='bbox 1668 985 1844 1021; x_wconf 68' lang='lat' dir='ltr'><strong>van.</strong></span> <span class='ocrx_word' id='word_1_319' title='bbox 1879 975 1925 1020; x_wconf 74' lang='lat'><strong>8.</strong></span> <span class='ocrx_word' id='word_1_320' title='bbox 1961 970 2225 1035; x_wconf 85' lang='lat' dir='ltr'><strong>loquitur:</strong></span> <span class='ocrx_word' id='word_1_321' title='bbox 2264 969 2413 1019; x_wconf 85' lang='lat' dir='ltr'><strong>‘Nee</strong></span> <span class='ocrx_word' id='word_1_322' title='bbox 2447 969 2731 1018; x_wconf 83' lang='lat' dir='ltr'><strong>verendum</strong></span> 
     </span>
     <span class='ocr_line' id='line_1_60' title="bbox 1665 1045 2735 1110; baseline 0 -15"><span class='ocrx_word' id='word_1_323' title='bbox 1665 1056 1765 1109; x_wconf 82' lang='lat' dir='ltr'><strong>est,</strong></span> <span class='ocrx_word' id='word_1_324' title='bbox 1804 1062 1867 1097; x_wconf 91' lang='lat' dir='ltr'><strong>ne</strong></span> <span class='ocrx_word' id='word_1_325' title='bbox 1905 1047 2142 1096; x_wconf 72' lang='lat' dir='ltr'><strong>incantos</strong></span> <span class='ocrx_word' id='word_1_326' title='bbox 2181 1053 2350 1110; x_wconf 87' lang='lat' dir='ltr'><strong>putet,</strong></span> <span class='ocrx_word' id='word_1_327' title='bbox 2386 1046 2429 1095; x_wconf 89' lang='lat' dir='ltr'><strong>si</strong></span> <span class='ocrx_word' id='word_1_328' title='bbox 2472 1045 2735 1095; x_wconf 76' lang='lat' dir='ltr'><strong>fidelitate</strong></span> 
     </span>
     <span class='ocr_line' id='line_1_61' title="bbox 1669 1128 2734 1186; baseline 0 -14"><span class='ocrx_word' id='word_1_329' title='bbox 1669 1132 1958 1186; x_wconf 86' lang='lat' dir='ltr'><strong>temporum</strong></span> <span class='ocrx_word' id='word_1_330' title='bbox 1992 1128 2298 1172; x_wconf 68' lang='lat' dir='ltr'><strong>constanter</strong></span> <span class='ocrx_word' id='word_1_331' title='bbox 2328 1129 2566 1182; x_wconf 74' lang='lat' dir='ltr'><strong>utemur3</strong></span> <span class='ocrx_word' id='word_1_332' title='bbox 2604 1138 2734 1186; x_wconf 84' lang='lat' dir='ltr'><strong>quos</strong></span> 
     </span>
     <span class='ocr_line' id='line_1_62' title="bbox 1668 1198 2733 1263; baseline 0.003 -16"><span class='ocrx_word' id='word_1_333' title='bbox 1668 1201 1898 1248; x_wconf 82' lang='lat' dir='ltr'><strong>meminit</strong></span> <span class='ocrx_word' id='word_1_334' title='bbox 1922 1198 2014 1249; x_wconf 87' lang='lat' dir='ltr'><strong>sub</strong></span> <span class='ocrx_word' id='word_1_335' title='bbox 2040 1200 2174 1248; x_wconf 77' lang='lat' dir='ltr'><strong>malo</strong></span> <span class='ocrx_word' id='word_1_336' title='bbox 2208 1198 2445 1263; x_wconf 88' lang='lat' dir='ltr'><strong>principe</strong></span> <span class='ocrx_word' id='word_1_337' title='bbox 2481 1199 2634 1248; x_wconf 76' lang='lat' dir='ltr'><strong>aliter</strong></span> <span class='ocrx_word' id='word_1_338' title='bbox 2660 1199 2733 1250; x_wconf 77' lang='lat' dir='ltr'><strong>si·</strong></span> 
     </span>
     <span class='ocr_line' id='line_1_63' title="bbox 1668 1274 2734 1326; baseline 0.001 -2"><span class='ocrx_word' id='word_1_339' title='bbox 1668 1274 1847 1324; x_wconf 84' lang='lat' dir='ltr'><strong>xlsse.&#39;</strong></span> <span class='ocrx_word' id='word_1_340' title='bbox 1915 1276 2099 1326; x_wconf 77' lang='lat' dir='ltr'><strong>Annon</strong></span> <span class='ocrx_word' id='word_1_341' title='bbox 2136 1276 2336 1326; x_wconf 80' lang='lat' dir='ltr'><strong>Plinius</strong></span> <span class='ocrx_word' id='word_1_342' title='bbox 2363 1276 2521 1325; x_wconf 78' lang='lat' dir='ltr'><strong>etin&#39;m</strong></span> <span class='ocrx_word' id='word_1_343' title='bbox 2555 1275 2734 1325; x_wconf 83' lang='lat' dir='ltr'><strong>dicere</strong></span> 
     </span>
     <span class='ocr_line' id='line_1_64' title="bbox 1670 1353 2737 1416; baseline 0.001 -15"><span class='ocrx_word' id='word_1_344' title='bbox 1670 1355 1945 1416; x_wconf 88' lang='lat' dir='ltr'><strong>potuisset,</strong></span> <span class='ocrx_word' id='word_1_345' title='bbox 1974 1354 2094 1414; x_wconf 69' lang='lat' dir='ltr'><strong>qnod</strong></span> <span class='ocrx_word' id='word_1_346' title='bbox 2129 1367 2214 1401; x_wconf 76' lang='lat' dir='ltr'><strong>nos</strong></span> <span class='ocrx_word' id='word_1_347' title='bbox 2244 1353 2457 1402; x_wconf 69' lang='lat' dir='ltr'><strong>neminie</strong></span> <span class='ocrx_word' id='word_1_348' title='bbox 2489 1353 2577 1401; x_wconf 73' lang='lat' dir='ltr'><strong>sub</strong></span> <span class='ocrx_word' id='word_1_349' title='bbox 2612 1356 2737 1402; x_wconf 70' lang='lat' dir='ltr'><strong>siclo</strong></span> 
     </span>
     <span class='ocr_line' id='line_1_65' title="bbox 1663 1429 2736 1493; baseline 0.004 -18"><span class='ocrx_word' id='word_1_350' title='bbox 1663 1430 1883 1492; x_wconf 71' lang='lat' dir='ltr'><strong>prim-ipe</strong></span> <span class='ocrx_word' id='word_1_351' title='bbox 1914 1430 2059 1478; x_wconf 73' lang='lat' dir='ltr'><strong>aliter</strong></span> <span class='ocrx_word' id='word_1_352' title='bbox 2094 1430 2306 1479; x_wconf 70' lang='lat' dir='ltr'><strong>vixisse?</strong></span> <span class='ocrx_word' id='word_1_353' title='bbox 2373 1429 2559 1493; x_wconf 83' lang='lat' dir='ltr'><strong>Neque</strong></span> <span class='ocrx_word' id='word_1_354' title='bbox 2594 1430 2736 1479; x_wconf 86' lang='lat' dir='ltr'><strong>inso-</strong></span> 
     </span>
     <span class='ocr_line' id='line_1_66' title="bbox 1668 1505 2738 1569; baseline 0.002 -15"><span class='ocrx_word' id='word_1_355' title='bbox 1668 1506 1777 1554; x_wconf 88' lang='lat' dir='ltr'><strong>leus</strong></span> <span class='ocrx_word' id='word_1_356' title='bbox 1801 1512 1901 1565; x_wconf 84' lang='lat' dir='ltr'><strong>est,</strong></span> <span class='ocrx_word' id='word_1_357' title='bbox 1925 1519 2208 1569; x_wconf 78' lang='lat' dir='ltr'><strong>pronomen</strong></span> <span class='ocrx_word' id='word_1_358' title='bbox 2235 1505 2508 1554; x_wconf 76' lang='lat' dir='ltr'><strong>relativum</strong></span> <span class='ocrx_word' id='word_1_359' title='bbox 2531 1507 2616 1568; x_wconf 74' lang='lat' dir='ltr'><strong>qui</strong></span> <span class='ocrx_word' id='word_1_360' title='bbox 2638 1505 2738 1556; x_wconf 79' lang='lat' dir='ltr'><strong>eti·</strong></span> 
     </span>
     <span class='ocr_line' id='line_1_67' title="bbox 1672 1581 2739 1647; baseline 0.002 -18"><span class='ocrx_word' id='word_1_361' title='bbox 1672 1596 1751 1629; x_wconf 77' lang='lat' dir='ltr'><strong>am</strong></span> <span class='ocrx_word' id='word_1_362' title='bbox 1790 1582 1910 1629; x_wconf 81' lang='lat' dir='ltr'><strong>slibi</strong></span> <span class='ocrx_word' id='word_1_363' title='bbox 1944 1595 2085 1643; x_wconf 75' lang='lat' dir='ltr'><strong>saepe</strong></span> <span class='ocrx_word' id='word_1_364' title='bbox 2120 1595 2214 1644; x_wconf 90' lang='lat' dir='ltr'><strong>pro</strong></span> <span class='ocrx_word' id='word_1_365' title='bbox 2250 1583 2373 1643; x_wconf 71' lang='lat' dir='ltr'><strong>quod</strong></span> <span class='ocrx_word' id='word_1_366' title='bbox 2407 1581 2561 1643; x_wconf 86' lang='lat' dir='ltr'><strong>poui;</strong></span> <span class='ocrx_word' id='word_1_367' title='bbox 2600 1597 2650 1629; x_wconf 86' lang='lat' dir='ltr'><strong>v.</strong></span> <span class='ocrx_word' id='word_1_368' title='bbox 2682 1597 2739 1647; x_wconf 67' lang='lat' dir='ltr'><strong>g·</strong></span> 
     </span>
     <span class='ocr_line' id='line_1_68' title="bbox 1671 1658 2738 1722; baseline 0.003 -15"><span class='ocrx_word' id='word_1_369' title='bbox 1671 1659 1809 1722; x_wconf 79' lang='lat' dir='ltr'><strong>epnd</strong></span> <span class='ocrx_word' id='word_1_370' title='bbox 1854 1659 1966 1707; x_wconf 80' lang='lat' dir='ltr'><strong>cic.</strong></span> <span class='ocrx_word' id='word_1_371' title='bbox 2010 1659 2151 1707; x_wconf 75' lang='lat' dir='ltr'><strong>Fam.</strong></span> <span class='ocrx_word' id='word_1_372' title='bbox 2194 1671 2317 1708; x_wconf 80' lang='lat' dir='ltr'><strong>xvt.</strong></span> <span class='ocrx_word' id='word_1_373' title='bbox 2355 1662 2404 1707; x_wconf 90' lang='lat'><strong>1.</strong></span> <span class='ocrx_word' id='word_1_374' title='bbox 2437 1661 2453 1686; x_wconf 83' lang='lat'>⁸</span> <span class='ocrx_word' id='word_1_375' title='bbox 2478 1658 2738 1709; x_wconf 76' lang='lat' dir='ltr'><strong>Peecme</strong></span> 
     </span>
     <span class='ocr_line' id='line_1_69' title="bbox 1670 1735 2738 1799; baseline 0.001 -15"><span class='ocrx_word' id='word_1_376' title='bbox 1670 1736 1790 1785; x_wconf 77' lang='lat' dir='ltr'><strong>milti</strong></span> <span class='ocrx_word' id='word_1_377' title='bbox 1838 1735 2033 1790; x_wconf 83' lang='lat' dir='ltr'><strong>videor,</strong></span> <span class='ocrx_word' id='word_1_378' title='bbox 2072 1735 2159 1799; x_wconf 83' lang='lat' dir='ltr'><strong>qni</strong></span> <span class='ocrx_word' id='word_1_379' title='bbox 2205 1749 2235 1783; x_wconf 78' lang='lat' dir='ltr'><strong>s</strong></span> <span class='ocrx_word' id='word_1_380' title='bbox 2270 1743 2324 1785; x_wconf 91' lang='lat' dir='ltr'><strong>te</strong></span> <span class='ocrx_word' id='word_1_381' title='bbox 2364 1735 2738 1798; x_wconf 64' lang='lat' dir='ltr'><strong>discesserim:</strong></span> 
     </span>
     <span class='ocr_line' id='line_1_70' title="bbox 1667 1812 2740 1875; baseline 0.003 -14"><span class='ocrx_word' id='word_1_382' title='bbox 1667 1816 1769 1861; x_wconf 67' lang='grc' dir='ltr'><strong>ἀς.</strong></span> <span class='ocrx_word' id='word_1_383' title='bbox 1835 1813 2064 1872; x_wconf 87' lang='lat' dir='ltr'><strong>Deinde,</strong></span> <span class='ocrx_word' id='word_1_384' title='bbox 2104 1812 2148 1859; x_wconf 89' lang='lat' dir='ltr'><strong>si</strong></span> <span class='ocrx_word' id='word_1_385' title='bbox 2184 1813 2267 1861; x_wconf 74' lang='lat' dir='ltr'><strong>vel</strong></span> <span class='ocrx_word' id='word_1_386' title='bbox 2304 1812 2523 1861; x_wconf 77' lang='lat' dir='ltr'><strong>maxime</strong></span> <span class='ocrx_word' id='word_1_387' title='bbox 2562 1813 2740 1875; x_wconf 84' lang='lat' dir='ltr'><strong>plnres</strong></span> 
     </span>
     <span class='ocr_line' id='line_1_71' title="bbox 1671 1889 2740 1953; baseline 0.003 -15"><span class='ocrx_word' id='word_1_388' title='bbox 1671 1892 1950 1953; x_wconf 76' lang='lat' dir='ltr'><strong>aetiologiae</strong></span> <span class='ocrx_word' id='word_1_389' title='bbox 1969 1889 2317 1953; x_wconf 73' lang='lat' dir='ltr'><strong>subjicientur</strong></span> <span class='ocrx_word' id='word_1_390' title='bbox 2330 1891 2740 1951; x_wconf 47' lang='lat' dir='ltr'><strong>sementivae·</strong></span> 
     </span>
     <span class='ocr_line' id='line_1_72' title="bbox 1669 1975 2742 2032; baseline 0.003 -17"><span class='ocrx_word' id='word_1_391' title='bbox 1669 1975 1839 2016; x_wconf 75' lang='lat' dir='ltr'><strong>tamen</strong></span> <span class='ocrx_word' id='word_1_392' title='bbox 1887 1978 2093 2015; x_wconf 85' lang='lat' dir='ltr'><strong>necesse</strong></span> <span class='ocrx_word' id='word_1_393' title='bbox 2138 1975 2239 2024; x_wconf 83' lang='lat' dir='ltr'><strong>est,</strong></span> <span class='ocrx_word' id='word_1_394' title='bbox 2278 1975 2337 2016; x_wconf 88' lang='lat' dir='ltr'><strong>ut</strong></span> <span class='ocrx_word' id='word_1_395' title='bbox 2380 1981 2593 2031; x_wconf 85' lang='lat' dir='ltr'><strong>semper</strong></span> <span class='ocrx_word' id='word_1_396' title='bbox 2644 1982 2742 2032; x_wconf 86' lang='lat' dir='ltr'><strong>per</strong></span> 
     </span>
     <span class='ocr_line' id='line_1_73' title="bbox 1668 2043 2742 2107; baseline 0.003 -16"><span class='ocrx_word' id='word_1_397' title='bbox 1668 2059 1819 2092; x_wconf 78' lang='lat' dir='ltr'><strong>unam</strong></span> <span class='ocrx_word' id='word_1_398' title='bbox 1855 2043 2173 2107; x_wconf 77' lang='lat' dir='ltr'><strong>eandemque</strong></span> <span class='ocrx_word' id='word_1_399' title='bbox 2199 2044 2500 2107; x_wconf 70' lang='lat' dir='ltr'><strong>perticulam</strong></span> <span class='ocrx_word' id='word_1_400' title='bbox 2530 2059 2742 2094; x_wconf 66' lang='lat' dir='ltr'><strong>caussa-</strong></span> 
     </span>
     <span class='ocr_line' id='line_1_74' title="bbox 1668 2119 2741 2184; baseline 0.001 -16"><span class='ocrx_word' id='word_1_401' title='bbox 1668 2121 1769 2169; x_wconf 91' lang='lat' dir='ltr'><strong>lem</strong></span> <span class='ocrx_word' id='word_1_402' title='bbox 1792 2121 2202 2183; x_wconf 77' lang='lat' dir='ltr'><strong>conjunguntur3</strong></span> <span class='ocrx_word' id='word_1_403' title='bbox 2236 2135 2350 2184; x_wconf 58' lang='lat' dir='ltr'><strong>mg.</strong></span> <span class='ocrx_word' id='word_1_404' title='bbox 2368 2119 2505 2183; x_wconf 67' lang='lat' dir='ltr'><strong>apud</strong></span> <span class='ocrx_word' id='word_1_405' title='bbox 2529 2121 2741 2169; x_wconf 72' lang='lat' dir='ltr'><strong>Pha-dr.</strong></span> 
     </span>
     <span class='ocr_line' id='line_1_75' title="bbox 1671 2195 2739 2247; baseline 0.001 -2"><span class='ocrx_word' id='word_1_406' title='bbox 1671 2210 1704 2246; x_wconf 88' lang='lat' dir='ltr'><strong>t.</strong></span> <span class='ocrx_word' id='word_1_407' title='bbox 1732 2201 1779 2245; x_wconf 82' lang='lat'><strong>2.</strong></span> <span class='ocrx_word' id='word_1_408' title='bbox 1805 2202 1853 2247; x_wconf 78' lang='lat'><strong>⁷.</strong></span> <span class='ocrx_word' id='word_1_409' title='bbox 1879 2202 1894 2223; x_wconf 83' lang='lat'>⁸</span> <span class='ocrx_word' id='word_1_410' title='bbox 1915 2198 2043 2246; x_wconf 87' lang='lat' dir='ltr'><strong>Cum</strong></span> <span class='ocrx_word' id='word_1_411' title='bbox 2072 2198 2276 2246; x_wconf 82' lang='lat' dir='ltr'><strong>tristem</strong></span> <span class='ocrx_word' id='word_1_412' title='bbox 2310 2198 2614 2247; x_wconf 76' lang='lat' dir='ltr'><strong>servitutem</strong></span> <span class='ocrx_word' id='word_1_413' title='bbox 2647 2195 2739 2246; x_wconf 84' lang='lat' dir='ltr'><strong>fle·</strong></span> 
     </span>
     <span class='ocr_line' id='line_1_76' title="bbox 1671 2272 2739 2338; baseline 0 -18"><span class='ocrx_word' id='word_1_414' title='bbox 1671 2280 1789 2321; x_wconf 87' lang='lat' dir='ltr'><strong>rent</strong></span> <span class='ocrx_word' id='word_1_415' title='bbox 1826 2273 2012 2336; x_wconf 82' lang='lat' dir='ltr'><strong>Attici,</strong></span> <span class='ocrx_word' id='word_1_416' title='bbox 2050 2287 2171 2336; x_wconf 90' lang='lat' dir='ltr'><strong>nou,</strong></span> <span class='ocrx_word' id='word_1_417' title='bbox 2205 2274 2325 2338; x_wconf 74' lang='lat' dir='ltr'><strong>quis</strong></span> <span class='ocrx_word' id='word_1_418' title='bbox 2364 2272 2594 2323; x_wconf 85' lang='lat' dir='ltr'><strong>crudelis</strong></span> <span class='ocrx_word' id='word_1_419' title='bbox 2629 2273 2739 2329; x_wconf 75' lang='lat' dir='ltr'><strong>ille,</strong></span> 
     </span>
     <span class='ocr_line' id='line_1_77' title="bbox 1668 2349 2736 2412; baseline 0.001 -15"><span class='ocrx_word' id='word_1_420' title='bbox 1668 2349 1759 2397; x_wconf 88' lang='lat' dir='ltr'><strong>sed</strong></span> <span class='ocrx_word' id='word_1_421' title='bbox 1808 2350 2050 2412; x_wconf 79' lang='lat' dir='ltr'><strong>qnoniam</strong></span> <span class='ocrx_word' id='word_1_422' title='bbox 2102 2363 2262 2410; x_wconf 73' lang='lat' dir='ltr'><strong>grave</strong></span> <span class='ocrx_word' id='word_1_423' title='bbox 2318 2363 2469 2398; x_wconf 88' lang='lat' dir='ltr'><strong>omne</strong></span> <span class='ocrx_word' id='word_1_424' title='bbox 2520 2349 2736 2398; x_wconf 78' lang='lat' dir='ltr'><strong>insuetis</strong></span> 
     </span>
     <span class='ocr_line' id='line_1_78' title="bbox 1667 2425 2741 2491; baseline 0.004 -17"><span class='ocrx_word' id='word_1_425' title='bbox 1667 2425 1827 2482; x_wconf 76' lang='lat' dir='ltr'><strong>onus,’</strong></span> <span class='ocrx_word' id='word_1_426' title='bbox 1851 2430 1951 2476; x_wconf 65' lang='lat' dir='ltr'><strong>&amp;m</strong></span> <span class='ocrx_word' id='word_1_427' title='bbox 2019 2427 2184 2477; x_wconf 92' lang='lat' dir='ltr'><strong>Immo</strong></span> <span class='ocrx_word' id='word_1_428' title='bbox 2217 2426 2330 2491; x_wconf 90' lang='lat' dir='ltr'><strong>ipse</strong></span> <span class='ocrx_word' id='word_1_429' title='bbox 2366 2427 2565 2477; x_wconf 85' lang='lat' dir='ltr'><strong>Plinius</strong></span> <span class='ocrx_word' id='word_1_430' title='bbox 2602 2426 2741 2478; x_wconf 64' lang='lat' dir='ltr'><strong>infra</strong></span> 
     </span>
     <span class='ocr_line' id='line_1_79' title="bbox 1670 2503 2742 2568; baseline 0 -15"><span class='ocrx_word' id='word_1_431' title='bbox 1670 2518 1911 2554; x_wconf 70' lang='lat' dir='ltr'><strong>Lxxxtv.</strong></span> <span class='ocrx_word' id='word_1_432' title='bbox 1944 2509 1993 2553; x_wconf 84' lang='grc'><strong>6.</strong></span> <span class='ocrx_word' id='word_1_433' title='bbox 2027 2505 2262 2568; x_wconf 78' lang='lat' dir='ltr'><strong>suggerit</strong></span> <span class='ocrx_word' id='word_1_434' title='bbox 2296 2503 2406 2553; x_wconf 80' lang='lat' dir='ltr'><strong>fere</strong></span> <span class='ocrx_word' id='word_1_435' title='bbox 2444 2505 2615 2554; x_wconf 85' lang='lat' dir='ltr'><strong>simile</strong></span> <span class='ocrx_word' id='word_1_436' title='bbox 2648 2521 2742 2555; x_wconf 82' lang='lat' dir='ltr'><strong>ex-</strong></span> 
     </span>
     <span class='ocr_line' id='line_1_80' title="bbox 1668 2581 2745 2646; baseline 0 -16"><span class='ocrx_word' id='word_1_437' title='bbox 1668 2582 1911 2643; x_wconf 86' lang='lat' dir='ltr'><strong>emplum,</strong></span> <span class='ocrx_word' id='word_1_438' title='bbox 1930 2581 2016 2628; x_wconf 87' lang='lat' dir='ltr'><strong>nbi</strong></span> <span class='ocrx_word' id='word_1_439' title='bbox 2041 2581 2311 2645; x_wconf 65' lang='lat' dir='ltr'><strong>particula!</strong></span> <span class='ocrx_word' id='word_1_440' title='bbox 2327 2584 2745 2646; x_wconf 72' lang='lat' dir='ltr'><strong>sequenti,qsrod‚</strong></span> 
     </span>
     <span class='ocr_line' id='line_1_81' title="bbox 1668 2657 2736 2723; baseline 0.002 -17"><span class='ocrx_word' id='word_1_441' title='bbox 1668 2672 1768 2706; x_wconf 90' lang='lat' dir='ltr'><strong>non</strong></span> <span class='ocrx_word' id='word_1_442' title='bbox 1807 2659 1872 2706; x_wconf 81' lang='lat' dir='ltr'><strong>sb</strong></span> <span class='ocrx_word' id='word_1_443' title='bbox 1904 2657 2051 2707; x_wconf 85' lang='lat' dir='ltr'><strong>initio</strong></span> <span class='ocrx_word' id='word_1_444' title='bbox 2087 2657 2370 2722; x_wconf 83' lang='lat' dir='ltr'><strong>respondet</strong></span> <span class='ocrx_word' id='word_1_445' title='bbox 2404 2659 2588 2708; x_wconf 75' lang='lat' dir='ltr'><strong>eadem</strong></span> <span class='ocrx_word' id='word_1_446' title='bbox 2625 2674 2736 2723; x_wconf 72' lang='lat' dir='ltr'><strong>per·</strong></span> 
     </span>
     <span class='ocr_line' id='line_1_82' title="bbox 1672 2734 2744 2800; baseline 0.003 -17"><span class='ocrx_word' id='word_1_447' title='bbox 1672 2735 1868 2785; x_wconf 82' lang='lat' dir='ltr'><strong>ticnls:</strong></span> <span class='ocrx_word' id='word_1_448' title='bbox 1905 2737 1920 2762; x_wconf 89' lang='lat'>‘</span> <span class='ocrx_word' id='word_1_449' title='bbox 1941 2734 2267 2797; x_wconf 69' lang='lat' dir='ltr'><strong>obtulerat:</strong></span> <span class='ocrx_word' id='word_1_450' title='bbox 2291 2736 2477 2800; x_wconf 87' lang='lat' dir='ltr'><strong>iuquit,</strong></span> <span class='ocrx_word' id='word_1_451' title='bbox 2503 2742 2519 2763; x_wconf 89' lang='lat'><em>‘</em></span> <span class='ocrx_word' id='word_1_452' title='bbox 2536 2737 2640 2786; x_wconf 88' lang='lat' dir='ltr'><strong>illis</strong></span> <span class='ocrx_word' id='word_1_453' title='bbox 2661 2752 2744 2786; x_wconf 86' lang='lat' dir='ltr'><strong>se-</strong></span> 
     </span>
     <span class='ocr_line' id='line_1_83' title="bbox 1672 2812 2739 2875; baseline 0.001 -15"><span class='ocrx_word' id='word_1_454' title='bbox 1672 2821 1824 2861; x_wconf 77' lang='lat' dir='ltr'><strong>natus</strong></span> <span class='ocrx_word' id='word_1_455' title='bbox 1861 2825 2148 2874; x_wconf 82' lang='lat' dir='ltr'><strong>cognomen</strong></span> <span class='ocrx_word' id='word_1_456' title='bbox 2174 2812 2570 2875; x_wconf 74' lang='lat' dir='ltr'><strong>Angustsrnm3</strong></span> <span class='ocrx_word' id='word_1_457' title='bbox 2601 2813 2739 2875; x_wconf 77' lang='lat' dir='ltr'><strong>quod</strong></span> 
     </span>
     <span class='ocr_line' id='line_1_84' title="bbox 1669 2887 2743 2953; baseline 0 -18"><span class='ocrx_word' id='word_1_458' title='bbox 1669 2887 2007 2952; x_wconf 79' lang='lat' dir='ltr'><strong>[cognomen]</strong></span> <span class='ocrx_word' id='word_1_459' title='bbox 2025 2889 2262 2937; x_wconf 78' lang='lat' dir='ltr'><strong>certatim</strong></span> <span class='ocrx_word' id='word_1_460' title='bbox 2282 2888 2583 2953; x_wconf 70' lang='lat' dir='ltr'><strong>deprecatae</strong></span> <span class='ocrx_word' id='word_1_461' title='bbox 2600 2899 2743 2944; x_wconf 83' lang='lat' dir='ltr'><strong>sunt,</strong></span> 
     </span>
     <span class='ocr_line' id='line_1_85' title="bbox 1669 2964 2742 3030; baseline 0.006 -20"><span class='ocrx_word' id='word_1_462' title='bbox 1669 2964 1917 3030; x_wconf 78' lang='lat' dir='ltr'><strong>quamdin</strong></span> <span class='ocrx_word' id='word_1_463' title='bbox 1963 2966 2370 3028; x_wconf 74' lang='lat' dir='ltr'><strong>appellationem</strong></span> <span class='ocrx_word' id='word_1_464' title='bbox 2427 2967 2593 3030; x_wconf 75' lang='lat' dir='ltr'><strong>petris</strong></span> <span class='ocrx_word' id='word_1_465' title='bbox 2650 2982 2742 3029; x_wconf 77' lang='lat' dir='ltr'><strong>ps·</strong></span> 
     </span>
     <span class='ocr_line' id='line_1_86' title="bbox 1673 3042 2743 3109; baseline 0.003 -19"><span class='ocrx_word' id='word_1_466' title='bbox 1673 3043 1786 3090; x_wconf 80' lang='lat' dir='ltr'><strong>triae</strong></span> <span class='ocrx_word' id='word_1_467' title='bbox 1827 3048 1882 3090; x_wconf 88' lang='lat' dir='ltr'><strong>tu</strong></span> <span class='ocrx_word' id='word_1_468' title='bbox 1924 3057 2247 3103; x_wconf 72' lang='lat' dir='ltr'><strong>recusasses3</strong></span> <span class='ocrx_word' id='word_1_469' title='bbox 2282 3042 2346 3106; x_wconf 86' lang='lat' dir='ltr'><strong>[i.</strong></span> <span class='ocrx_word' id='word_1_470' title='bbox 2380 3057 2429 3093; x_wconf 85' lang='lat' dir='ltr'><strong>e.</strong></span> <span class='ocrx_word' id='word_1_471' title='bbox 2468 3044 2609 3109; x_wconf 83' lang='lat' dir='ltr'><strong>qnod</strong></span> <span class='ocrx_word' id='word_1_472' title='bbox 2648 3059 2743 3108; x_wconf 72' lang='lat' dir='ltr'><strong>sp·</strong></span> 
     </span>
     <span class='ocr_line' id='line_1_87' title="bbox 1671 3119 2741 3184; baseline 0.005 -18"><span class='ocrx_word' id='word_1_473' title='bbox 1671 3119 2003 3182; x_wconf 78' lang='lat' dir='ltr'><strong>pellationem</strong></span> <span class='ocrx_word' id='word_1_474' title='bbox 2051 3120 2212 3184; x_wconf 77' lang='lat' dir='ltr'><strong>patris</strong></span> <span class='ocrx_word' id='word_1_475' title='bbox 2270 3120 2452 3182; x_wconf 67' lang='lat' dir='ltr'><strong>petrin</strong></span> <span class='ocrx_word' id='word_1_476' title='bbox 2508 3122 2741 3179; x_wconf 82' lang='lat' dir='ltr'><strong>nondum</strong></span> 
     </span>
     <span class='ocr_line' id='line_1_88' title="bbox 1668 3195 2742 3260; baseline 0.004 -15"><span class='ocrx_word' id='word_1_477' title='bbox 1668 3196 1945 3245; x_wconf 71' lang='lat' dir='ltr'><strong>admiseras</strong></span> <span class='ocrx_word' id='word_1_478' title='bbox 1966 3195 2009 3258; x_wconf 73' lang='grc' dir='ltr'><strong>ς]</strong></span> <span class='ocrx_word' id='word_1_479' title='bbox 2046 3210 2158 3258; x_wconf 82' lang='lat' dir='ltr'><strong>sen,</strong></span> <span class='ocrx_word' id='word_1_480' title='bbox 2194 3196 2331 3260; x_wconf 83' lang='lat' dir='ltr'><strong>quod</strong></span> <span class='ocrx_word' id='word_1_481' title='bbox 2374 3197 2491 3260; x_wconf 86' lang='lat' dir='ltr'><strong>plus</strong></span> <span class='ocrx_word' id='word_1_482' title='bbox 2530 3212 2650 3248; x_wconf 88' lang='lat' dir='ltr'><strong>esse</strong></span> <span class='ocrx_word' id='word_1_483' title='bbox 2690 3199 2742 3249; x_wconf 77' lang='lat' dir='ltr'><strong>iti</strong></span> 
     </span>
     <span class='ocr_line' id='line_1_89' title="bbox 1669 3272 2746 3339; baseline 0.006 -20"><span class='ocrx_word' id='word_1_484' title='bbox 1669 3287 1732 3320; x_wconf 84' lang='lat' dir='ltr'><strong>eo</strong></span> <span class='ocrx_word' id='word_1_485' title='bbox 1746 3272 2076 3334; x_wconf 75' lang='lat' dir='ltr'><strong>judicabant,</strong></span> <span class='ocrx_word' id='word_1_486' title='bbox 2107 3272 2151 3321; x_wconf 88' lang='lat' dir='ltr'><strong>si</strong></span> <span class='ocrx_word' id='word_1_487' title='bbox 2186 3287 2335 3330; x_wconf 81' lang='lat' dir='ltr'><strong>uxor,</strong></span> <span class='ocrx_word' id='word_1_488' title='bbox 2356 3282 2411 3323; x_wconf 92' lang='lat' dir='ltr'><strong>et</strong></span> <span class='ocrx_word' id='word_1_489' title='bbox 2446 3287 2598 3324; x_wconf 85' lang='lat' dir='ltr'><strong>soror</strong></span> <span class='ocrx_word' id='word_1_490' title='bbox 2634 3286 2746 3339; x_wconf 77' lang='lat' dir='ltr'><strong>tus,</strong></span> 
     </span>
     <span class='ocr_line' id='line_1_90' title="bbox 1668 3349 2743 3412; baseline 0.006 -17"><span class='ocrx_word' id='word_1_491' title='bbox 1668 3364 1819 3412; x_wconf 82' lang='lat' dir='ltr'><strong>quam</strong></span> <span class='ocrx_word' id='word_1_492' title='bbox 1858 3350 1899 3397; x_wconf 91' lang='lat' dir='ltr'><strong>si</strong></span> <span class='ocrx_word' id='word_1_493' title='bbox 1927 3349 2207 3412; x_wconf 63' lang='lat' dir='ltr'><strong>Angusta,</strong></span> <span class='ocrx_word' id='word_1_494' title='bbox 2240 3350 2575 3401; x_wconf 86' lang='lat' dir='ltr'><strong>dicerentur.&#39;</strong></span> <span class='ocrx_word' id='word_1_495' title='bbox 2640 3353 2743 3405; x_wconf 83' lang='lat' dir='ltr'><strong>Ce—</strong></span> 
     </span>
     <span class='ocr_line' id='line_1_91' title="bbox 1671 3426 2742 3489; baseline 0.007 -15"><span class='ocrx_word' id='word_1_496' title='bbox 1671 3434 1855 3486; x_wconf 86' lang='lat' dir='ltr'><strong>terum,</strong></span> <span class='ocrx_word' id='word_1_497' title='bbox 1883 3426 1995 3489; x_wconf 77' lang='lat' dir='ltr'><strong>jam</strong></span> <span class='ocrx_word' id='word_1_498' title='bbox 2037 3426 2245 3476; x_wconf 73' lang='lat' dir='ltr'><strong>aliunde</strong></span> <span class='ocrx_word' id='word_1_499' title='bbox 2283 3435 2511 3489; x_wconf 74' lang='lat' dir='ltr'><strong>constet,</strong></span> <span class='ocrx_word' id='word_1_500' title='bbox 2549 3444 2742 3482; x_wconf 74' lang='lat' dir='ltr'><strong>nomen</strong></span> 
     </span>
     <span class='ocr_line' id='line_1_92' title="bbox 1669 3502 2743 3569; baseline 0.008 -19"><span class='ocrx_word' id='word_1_501' title='bbox 1669 3502 2043 3566; x_wconf 78' lang='lat' dir='ltr'><strong>‘suspicionis’</strong></span> <span class='ocrx_word' id='word_1_502' title='bbox 2079 3504 2336 3554; x_wconf 86' lang='lat' dir='ltr'><strong>sustinere</strong></span> <span class='ocrx_word' id='word_1_503' title='bbox 2381 3512 2439 3555; x_wconf 89' lang='lat' dir='ltr'><strong>et</strong></span> <span class='ocrx_word' id='word_1_504' title='bbox 2483 3509 2743 3569; x_wconf 77' lang='lat' dir='ltr'><strong>psssivsn·</strong></span> 
     </span>
     <span class='ocr_line' id='line_1_93' title="bbox 1669 3580 2745 3649; baseline 0.007 -21"><span class='ocrx_word' id='word_1_505' title='bbox 1669 3587 1725 3629; x_wconf 92' lang='lat' dir='ltr'><strong>et</strong></span> <span class='ocrx_word' id='word_1_506' title='bbox 1781 3580 2004 3629; x_wconf 76' lang='lat' dir='ltr'><strong>activam</strong></span> <span class='ocrx_word' id='word_1_507' title='bbox 2061 3580 2526 3642; x_wconf 65' lang='lat' dir='ltr'><strong>significstionemr</strong></span> <span class='ocrx_word' id='word_1_508' title='bbox 2576 3586 2745 3649; x_wconf 72' lang='lat' dir='ltr'><strong>pessi·</strong></span> 
     </span>
     <span class='ocr_line' id='line_1_94' title="bbox 1671 3656 2745 3720; baseline 0.01 -18"><span class='ocrx_word' id='word_1_509' title='bbox 1671 3671 1819 3715; x_wconf 78' lang='lat' dir='ltr'><strong>vam3</strong></span> <span class='ocrx_word' id='word_1_510' title='bbox 1855 3671 1903 3704; x_wconf 94' lang='lat' dir='ltr'><strong>e.</strong></span> <span class='ocrx_word' id='word_1_511' title='bbox 1926 3671 1976 3718; x_wconf 66' lang='grc' dir='ltr'><strong>ς.</strong></span> <span class='ocrx_word' id='word_1_512' title='bbox 2010 3656 2150 3720; x_wconf 72' lang='lat' dir='ltr'><strong>apud</strong></span> <span class='ocrx_word' id='word_1_513' title='bbox 2189 3658 2331 3707; x_wconf 84' lang='lat' dir='ltr'><strong>Veli.</strong></span> <span class='ocrx_word' id='word_1_514' title='bbox 2362 3672 2427 3708; x_wconf 84' lang='lat' dir='ltr'><strong>tt.</strong></span> <span class='ocrx_word' id='word_1_515' title='bbox 2457 3663 2541 3709; x_wconf 73' lang='grc'><strong>45.</strong></span> <span class='ocrx_word' id='word_1_516' title='bbox 2572 3663 2589 3690; x_wconf 82' lang='lat'>⁸</span> <span class='ocrx_word' id='word_1_517' title='bbox 2618 3662 2745 3713; x_wconf 71' lang='lat' dir='ltr'><strong>Nou</strong></span> 
     </span>
     <span class='ocr_line' id='line_1_95' title="bbox 1672 3736 2743 3801; baseline 0.009 -20"><span class='ocrx_word' id='word_1_518' title='bbox 1672 3741 1950 3783; x_wconf 75' lang='lat' dir='ltr'><strong>carnerunt</strong></span> <span class='ocrx_word' id='word_1_519' title='bbox 1986 3736 2281 3799; x_wconf 80' lang='lat' dir='ltr'><strong>suspicione</strong></span> <span class='ocrx_word' id='word_1_520' title='bbox 2315 3738 2553 3801; x_wconf 84' lang='lat' dir='ltr'><strong>oppressi</strong></span> <span class='ocrx_word' id='word_1_521' title='bbox 2591 3740 2743 3790; x_wconf 76' lang='lat' dir='ltr'><strong>Clee-</strong></span> 
     </span>
     <span class='ocr_line' id='line_1_96' title="bbox 1672 3811 2745 3877; baseline 0.009 -19"><span class='ocrx_word' id='word_1_522' title='bbox 1672 3811 1811 3859; x_wconf 89' lang='lat' dir='ltr'><strong>ronis</strong></span> <span class='ocrx_word' id='word_1_523' title='bbox 1834 3811 2011 3861; x_wconf 62' lang='lat' dir='ltr'><strong>Cesar</strong></span> <span class='ocrx_word' id='word_1_524' title='bbox 2034 3819 2090 3861; x_wconf 83' lang='lat' dir='ltr'><strong>et</strong></span> <span class='ocrx_word' id='word_1_525' title='bbox 2119 3814 2398 3877; x_wconf 83' lang='lat' dir='ltr'><strong>Pompeius</strong></span> <span class='ocrx_word' id='word_1_526' title='bbox 2414 3814 2448 3875; x_wconf 70' lang='grc' dir='ltr'><strong>ς’</strong></span> <span class='ocrx_word' id='word_1_527' title='bbox 2482 3815 2517 3864; x_wconf 88' lang='lat' dir='ltr'><strong>i.</strong></span> <span class='ocrx_word' id='word_1_528' title='bbox 2534 3827 2584 3866; x_wconf 88' lang='lat' dir='ltr'><strong>e.</strong></span> <span class='ocrx_word' id='word_1_529' title='bbox 2603 3817 2665 3866; x_wconf 83' lang='lat' dir='ltr'><strong>C.</strong></span> <span class='ocrx_word' id='word_1_530' title='bbox 2686 3817 2745 3868; x_wconf 62' lang='lat' dir='ltr'><strong>et</strong></span> 
     </span>
     <span class='ocr_line' id='line_1_97' title="bbox 1670 3887 2747 3955; baseline 0.006 -19"><span class='ocrx_word' id='word_1_531' title='bbox 1670 3888 1739 3936; x_wconf 84' lang='grc' dir='ltr'><strong>Ρ.</strong></span> <span class='ocrx_word' id='word_1_532' title='bbox 1761 3890 1996 3952; x_wconf 86' lang='lat' dir='ltr'><strong>suspecti</strong></span> <span class='ocrx_word' id='word_1_533' title='bbox 2020 3887 2193 3950; x_wconf 80' lang='lat' dir='ltr'><strong>fuere,</strong></span> <span class='ocrx_word' id='word_1_534' title='bbox 2211 3891 2350 3955; x_wconf 81' lang='lat' dir='ltr'><strong>qnod</strong></span> <span class='ocrx_word' id='word_1_535' title='bbox 2378 3894 2747 3955; x_wconf 82' lang='lat' dir='ltr'><strong>oppresserint</strong></span> 
     </span>
     <span class='ocr_line' id='line_1_98' title="bbox 1673 3964 2748 4035; baseline 0.008 -22"><span class='ocrx_word' id='word_1_536' title='bbox 1673 3964 2019 4014; x_wconf 86' lang='lat' dir='ltr'><strong>Ciceronem:</strong></span> <span class='ocrx_word' id='word_1_537' title='bbox 2080 3967 2344 4029; x_wconf 71' lang='lat' dir='ltr'><strong>sctivsmg</strong></span> <span class='ocrx_word' id='word_1_538' title='bbox 2401 3982 2449 4019; x_wconf 80' lang='lat' dir='ltr'><strong>v.</strong></span> <span class='ocrx_word' id='word_1_539' title='bbox 2492 3984 2542 4031; x_wconf 67' lang='grc' dir='ltr'><strong>ι.</strong></span> <span class='ocrx_word' id='word_1_540' title='bbox 2599 3969 2748 4035; x_wconf 70' lang='lat' dir='ltr'><strong>apud</strong></span> 
     </span>
     <span class='ocr_line' id='line_1_99' title="bbox 1673 4041 2750 4103; baseline 0.007 -13"><span class='ocrx_word' id='word_1_541' title='bbox 1673 4041 1783 4091; x_wconf 86' lang='lat' dir='ltr'><strong>Cic.</strong></span> <span class='ocrx_word' id='word_1_542' title='bbox 1820 4042 1965 4091; x_wconf 77' lang='lat' dir='ltr'><strong>Fam.</strong></span> <span class='ocrx_word' id='word_1_543' title='bbox 1998 4055 2128 4093; x_wconf 86' lang='lat' dir='ltr'><strong>xttr.</strong></span> <span class='ocrx_word' id='word_1_544' title='bbox 2150 4048 2234 4093; x_wconf 77' lang='lat'><strong>24.</strong></span> <span class='ocrx_word' id='word_1_545' title='bbox 2268 4045 2377 4094; x_wconf 80' lang='lat' dir='ltr'><strong>‘Ut</strong></span> <span class='ocrx_word' id='word_1_546' title='bbox 2413 4059 2619 4097; x_wconf 76' lang='lat' dir='ltr'><strong>omnem</strong></span> <span class='ocrx_word' id='word_1_547' title='bbox 2659 4062 2750 4103; x_wconf 85' lang='lat' dir='ltr'><strong>su-</strong></span> 
     </span>
     <span class='ocr_line' id='line_1_100' title="bbox 1670 4118 2753 4189; baseline 0.009 -25"><span class='ocrx_word' id='word_1_548' title='bbox 1670 4118 1975 4180; x_wconf 88' lang='lat' dir='ltr'><strong>spicionem,</strong></span> <span class='ocrx_word' id='word_1_549' title='bbox 1989 4133 2138 4182; x_wconf 76' lang='lat' dir='ltr'><strong>quem</strong></span> <span class='ocrx_word' id='word_1_550' title='bbox 2155 4119 2414 4170; x_wconf 68' lang='lat' dir='ltr'><strong>habueras</strong></span> <span class='ocrx_word' id='word_1_551' title='bbox 2432 4122 2496 4171; x_wconf 88' lang='lat' dir='ltr'><strong>de</strong></span> <span class='ocrx_word' id='word_1_552' title='bbox 2520 4123 2753 4189; x_wconf 75' lang='lat' dir='ltr'><strong>Lysone,</strong></span> 
     </span>
     <span class='ocr_line' id='line_1_101' title="bbox 1673 4193 2749 4264; baseline 0.003 -23"><span class='ocrx_word' id='word_1_553' title='bbox 1673 4193 1999 4257; x_wconf 63' lang='lat' dir='ltr'><strong>deponeres!</strong></span> <span class='ocrx_word' id='word_1_554' title='bbox 2065 4195 2255 4261; x_wconf 76' lang='lat' dir='ltr'><strong>Itaque</strong></span> <span class='ocrx_word' id='word_1_555' title='bbox 2287 4210 2352 4246; x_wconf 85' lang='lat' dir='ltr'><strong>ex</strong></span> <span class='ocrx_word' id='word_1_556' title='bbox 2386 4197 2561 4247; x_wconf 76' lang='lat' dir='ltr'><strong>setin</strong></span> <span class='ocrx_word' id='word_1_557' title='bbox 2581 4200 2749 4264; x_wconf 70' lang='lat' dir='ltr'><strong>signi.</strong></span> 
     </span>
     <span class='ocr_line' id='line_1_102' title="bbox 1672 4269 2753 4339; baseline 0.009 -19"><span class='ocrx_word' id='word_1_558' title='bbox 1672 4269 1913 4322; x_wconf 78' lang='lat' dir='ltr'><strong>fiestione</strong></span> <span class='ocrx_word' id='word_1_559' title='bbox 1933 4271 2044 4332; x_wconf 75' lang='lat' dir='ltr'><strong>ltaee</strong></span> <span class='ocrx_word' id='word_1_560' title='bbox 2064 4275 2242 4332; x_wconf 81' lang='lat' dir='ltr'><strong>verbs,</strong></span> <span class='ocrx_word' id='word_1_561' title='bbox 2262 4288 2378 4339; x_wconf 71' lang='lat' dir='ltr'><strong>qnos</strong></span> <span class='ocrx_word' id='word_1_562' title='bbox 2407 4275 2537 4326; x_wconf 64' lang='lat' dir='ltr'><strong>suni</strong></span> <span class='ocrx_word' id='word_1_563' title='bbox 2568 4275 2753 4330; x_wconf 69' lang='lat' dir='ltr'><strong>liberes</strong></span> 
     </span>
    </p>
   </div>
  </div>
 </body>
</html>
