3060 4902
554 331 686 398 998

557 492 866 547 Cratander,
901 492 1182 555 Gryphium
1216 491 1512 546 sichardus.
1550 492 1624 542 sic

555 570 793 629 edidere,
825 570 1114 632 usurpabant
1137 576 1295 619 autem
1327 572 1432 628 itu,·
1468 584 1624 634 quam

555 647 881 709 particulam,
914 648 1002 701 ita,
1033 648 1190 696 etiam
1231 647 1298 695 Η.
1324 648 1622 709 Stephanus

552 724 602 770 iu
644 723 877 786 margine
917 724 1226 785 annotavit3
1264 724 1353 772 sed
1402 725 1532 772 lianc
1571 723 1621 772 in

551 801 818 853 codicibus
865 802 993 850 Mss.
1040 802 1256 865 aliisque
1303 802 1469 857 libris,
1524 816 1623 851 nou

553 878 1010 941 deprehendimus,
1046 880 1278 943 quamvis
1302 880 1495 943 alioqui
1519 893 1621 928 non

553 963 958 1004 contemnamus.
1048 956 1109 1004 In
1159 970 1272 1003 meo
1317 956 1519 1016 codice,
1568 963 1623 1004 et

556 1030 962 1094 Salii-burgensi,
990 1039 1248 1094 praeterea
1273 1046 1478 1095 quoque
1506 1046 1622 1094 par-

556 1108 712 1157 ticula
735 1114 893 1157 autem
917 1116 996 1158 est
1032 1108 1404 1171 praetermissa.
1439 1107 1591 1157 Idem.

627 1186 693 1233 Ut
737 1185 963 1248 domitus]
1004 1187 1082 1234 Itu
1120 1190 1172 1233 ut
1212 1184 1417 1233 domitas
1454 1186 1516 1234 C.
1557 1185 1623 1234 G.

550 1263 711 1311 Licin.

618 1337 866 1400 Domitas]
898 1338 1136 1387 Allusum
1162 1336 1386 1388 fortasse
1415 1337 1479 1386 ad
1512 1339 1621 1387 Do·

553 1415 841 1471 milianum,
879 1430 1049 1479 quem,
1087 1422 1220 1464 teste
1261 1416 1477 1463 Sueton.
1499 1429 1618 1476 cap.

555 1495 632 1540 19.
691 1498 703 1518 ⁸
745 1499 994 1540 centenas
1052 1492 1180 1540 varii
1232 1491 1438 1555 generis
1480 1489 1619 1538 feras

549 1583 690 1631 saepe
722 1570 770 1617 in
805 1569 1010 1618 Albano
1032 1569 1620 1619 secessuconficientem

554 1652 857 1707 spectavere
881 1646 1158 1710 plerique.'
1203 1646 1508 1710 Hujusmodi
1530 1660 1620 1694 ait-

553 1727 657 1768 tem
702 1719 847 1775 ferae,
885 1729 1070 1784 utpote
1113 1722 1354 1770 claustris
1396 1721 1622 1784 eductae,

552 1798 770 1845 multum
817 1796 1040 1846 feritatis
1086 1814 1146 1847 ac
1204 1799 1384 1846 virium
1434 1799 1619 1847 amise-

553 1882 702 1921 rant:
763 1874 1019 1935 Trajanus
1068 1889 1191 1922 vero
1243 1889 1343 1921 non
1404 1872 1623 1936 fractas,

550 1964 650 1997 uon
688 1949 926 2002 domitas.
971 1948 1059 1997 sed
1109 1950 1185 1996 sui
1222 1949 1357 2011 juris
1403 1949 1622 2012 belluas,

549 2032 835 2089 apertoque
861 2040 1063 2090 campo,
1099 2024 1315 2089 aggredi
1348 2027 1623 2089 gestiebat.

557 2103 777 2152 Pulurol.

618 2182 912 2244 Fractusque
951 2182 1177 2230 claustris
1207 2182 1372 2244 seras]
1430 2182 1493 2230 In
1534 2196 1619 2230 co·

549 2258 667 2308 dice
685 2260 1094 2322 salisburgensi,
1114 2262 1239 2310 item
1257 2268 1311 2309 et
1332 2274 1465 2319 tneo,
1487 2275 1620 2323 prae·

550 2345 761 2400 postere
800 2340 1054 2401 scriptum
1092 2348 1168 2387 est
1194 2338 1465 2399 fractisque
1491 2338 1620 2386 claa-

552 2414 856 2474 strisseras;
892 2428 1004 2480 quae
1030 2425 1199 2465 tamen
1220 2415 1480 2478 scriptura
1502 2428 1618 2476 per-

554 2505 699 2539 versa
732 2493 886 2540 etiam
919 2494 968 2539 iu
1002 2491 1169 2540 editos
1205 2491 1364 2539 libros
1400 2492 1471 2540 H.
1500 2492 1619 2540 Ste-

553 2569 731 2632 phani,
768 2569 1008 2632 Gryphii,
1055 2584 1139 2617 an.
1182 2573 1326 2617 1531.
1362 2569 1620 2633 Sichardi,

551 2651 607 2691 et
646 2644 835 2699 nivini,
870 2645 1167 2692 transmissa
1192 2652 1286 2692 est.
1354 2645 1620 2708 Grypliius

554 2735 676 2769 vero
726 2721 825 2769 hoc
866 2720 1107 2770 mendum
1149 2730 1329 2785 postea
1373 2723 1621 2770 correxit.

549 2795 805 2857 Equidem
849 2803 903 2844 et
945 2803 959 2823 ⁴
990 2798 1217 2845 claustra
1260 2797 1507 2861 refringi'
1543 2799 1618 2847 di-

551 2877 775 2930 cuntur;
828 2886 875 2919 v.
915 2887 964 2935 g.
1019 2874 1156 2922 Ptin.
1207 2875 1373 2937 Epist.
1423 2887 1486 2923 ιι.
1540 2879 1619 2924 10.

552 2954 565 2974 ’
591 2947 815 2997 Quidam
856 2950 929 2997 tui
965 2965 1142 2998 versus
1166 2952 1394 3000 claustra
1418 2967 1510 3000 sua
1539 2967 1617 3001 re·

549 3021 819 3086 fregerunt
840 3022 870 3083 3'
907 3032 961 3073 et
992 3039 1052 3074 tt.
1083 3030 1159 3074 14.
1197 3025 1213 3051 ‘
1241 3025 1497 3075 Refractis
1524 3042 1617 3089 pu·

550 3098 691 3148 doris
737 3109 790 3149 et
836 3104 1141 3151 reverentiae
1183 3102 1466 3152 claustris!
1544 3103 1617 3153 At

550 3176 648 3226 ltoc
675 3178 789 3226 loco
814 3193 913 3227 uon
939 3180 1168 3227 claustra
1191 3178 1375 3239 fracta,
1401 3179 1509 3227 sive
1537 3194 1614 3227 re-

546 3252 748 3316 fracta3
784 3255 875 3305 sed
917 3258 931 3283 ‘
961 3255 1082 3305 ferae
1124 3258 1365 3307 claustris
1406 3258 1614 3306 domitae

550 3328 876 3393 fractaeque‚’
910 3332 1186 3396 dicuntum
1220 3334 1405 3398 quibus
1432 3349 1616 3398 nempe

547 3404 789 3456 diuturna
817 3411 1114 3470 captivitas,
1148 3411 1284 3460 intra
1313 3412 1536 3460 claustra
1562 3420 1617 3461 et

548 3492 716 3547 septa,
769 3484 1030 3536 feritatem
1088 3491 1412 3552 compressit,
1458 3498 1615 3551 atque

550 3562 728 3620 extnit;
755 3571 905 3624 prout
931 3564 1044 3611 itaec
1068 3572 1211 3613 recte
1237 3566 1615 3629 iuterpretatur

550 3636 740 3684 Vlitius
765 3638 827 3684 ad
855 3639 1025 3687 Gratii
1050 3641 1235 3689 Falisci
1258 3642 1514 3705 Cyneget.
1541 3659 1613 3692 vs.

549 3715 662 3760 305.
723 3714 809 3762 Sic
836 3713 946 3762 Cic.
976 3715 1038 3762 de
1065 3715 1213 3765 Orat.
1242 3731 1277 3764 ι.
1297 3722 1377 3765 26.
1413 3725 1426 3746 ⁶
1446 3721 1613 3770 Simul

550 3805 611 3838 ac
651 3805 730 3839 me
764 3789 985 3839 fractum
1023 3806 1084 3839 ac
1119 3792 1441 3841 debilitatum
1468 3802 1613 3845 metu

550 3867 712 3915 vidit:
783 3868 954 3916 Plinio
995 3875 1189 3921 nostro,
1226 3869 1392 3930 Epist.
1435 3883 1495 3920 11.
1535 3876 1613 3920 11.

548 3944 562 3970 ‘
587 3943 754 3993 fracta
781 3943 1161 4008 psonuntiatio'
1189 3943 1374 3992 dicitur
1398 3959 1612 3995 enerva-

550 4027 606 4069 ta
630 4029 683 4069 et
712 4021 895 4069 mollis.
930 4033 1056 4068 vin.
1084 4023 1159 4067 14.
1194 4027 1207 4047 ¹
1228 4020 1428 4071 Quibus
1466 4024 1613 4072 malis

549 4098 759 4159 ingenia
791 4105 966 4147 nostra
996 4098 1260 4159 hebetata,
1283 4097 1466 4161 frarta,
1490 4115 1611 4150 con·

552 4179 669 4221 tusa
704 4175 862 4242 sunt?
930 4176 1110 4238 Nepos
1140 4177 1388 4226 Themist.
1423 4194 1538 4242 cap.
1568 4184 1612 4228 1.

551 4255 562 4274 ⁴
584 4248 713 4297 Quae
738 4252 1049 4301 contumelia
1070 4267 1170 4302 nou
1189 4251 1344 4318 fregit
1365 4268 1500 4312 eum,
1520 4255 1612 4307 aad

1263 347 1480 397 No‘rAE
1533 349 1935 399 vAmoRUM
1978 350 2065 398 *nt

1701 493 1904 542 erexit!
1966 492 2279 544 Arntzenius
2308 494 2411 544 boc
2445 494 2499 543 iu
2536 496 2651 546 loco
2675 511 2784 561 pro

1699 570 1938 633 claustris,
1963 572 2195 633 reposuit
2217 572 2422 621 clastris
2434 587 2455 630 ,·
2488 589 2638 638 qnam
2662 576 2781 625 lec-

1704 648 1893 695 tionem
1930 648 2086 695 etiam
2124 649 2381 711 approbat
2418 650 2683 701 Gesnerns
2716 653 2779 700 in

1700 725 1937 786 Epistola
1959 724 2025 773 de
2049 739 2138 773 sua
2167 725 2325 773 Plinii
2349 726 2602 775 editione.
2634 729 2775 778 Pro·

1699 799 1879 850 fitetur
1899 801 2005 863 ille,
2032 815 2088 849 ae
2111 802 2211 850 boc
2239 816 2426 851 nomen
2442 805 2671 862 clastris,
2696 819 2781 855 re-

1700 877 1899 939 perisse
1940 876 1991 924 iu
2042 876 2322 941 Excerptis
2367 878 2562 929 codicis
2607 881 2779 929 Guel-

1701 951 2032 1015 pberbytani,
2063 951 2344 1017 docetque,
2378 953 2590 1017 proprie
2628 955 2780 1006 dicta

1701 1042 1814 1076 esse
1836 1028 2041 1082 clatkru,
2074 1028 2162 1076 illa
2196 1031 2550 1094 receptacula,
2574 1032 2627 1079 in
2652 1048 2776 1097 qun

1701 1106 1939 1154 animalia
1979 1106 2225 1156 conclusa
2271 1105 2503 1169 fuerint3
2552 1109 2679 1159 iude
2719 1119 2780 1160 et

1702 1184 1972 1233 Heinsium
2010 1183 2302 1233 Claudiano
2336 1198 2398 1233 tr.
2433 1185 2648 1235 Consul.
2672 1188 2778 1237 Sti·

1699 1261 1784 1309 lic.
1829 1275 1904 1308 vs.
1937 1263 2054 1312 272.
2102 1260 2392 1310 restituisse
2424 1262 2649 1321 clastris.
2678 1278 2776 1326 pro

1701 1338 1910 1400 vulgato
1928 1338 2170 1388 claustris.
2228 1339 2296 1387 Et
2317 1345 2483 1401 certe,
2504 1339 2572 1388 ad
2598 1341 2774 1391 Hora-

1700 1415 1756 1462 tii
1779 1414 1961 1463 Artem
1980 1416 2132 1465 Poiit.
2148 1420 2353 1465 ndu.
2377 1416 2394 1444 ‘
2414 1416 2497 1465 Ac
2520 1417 2668 1468 velut
2691 1433 2775 1467 ur-

1697 1505 1784 1540 sus
1828 1490 2083 1555 Objectos
2123 1507 2296 1542 cavea.-
2339 1494 2504 1543 valuit
2545 1494 2590 1543 si
2631 1494 2775 1545 fran-

1700 1580 1826 1628 gere
1872 1567 2099 1615 clatbros
2126 1566 2176 1627 ς’
2226 1575 2378 1617 vetus
2412 1569 2732 1619 Scholiasta
2756 1588 2770 1616 ε

1691 1643 1707 1669 ‘
1731 1644 1937 1699 Cluthrr‘,
1979 1645 2091 1693 aive
2122 1644 2345 1706 clastra}
2385 1646 2575 1709 inquit,
2609 1653 2626 1676 ·
2648 1656 2774 1697 suut

1699 1718 1896 1767 robusti
1931 1728 2107 1782 postes
2142 1728 2197 1770 et
2232 1720 2462 1783 rotundi,
2499 1725 2772 1787 repagula.

1697 1795 1883 1859 quibus
1905 1794 2211 1846 obfirmatur
2233 1798 2429 1847 cavea!
2492 1800 2772 1863 Equidem,

1698 1887 1799 1921 non
1839 1872 2110 1934 rejicerem
2152 1887 2331 1923 vocem
2366 1875 2593 1937 clastris,
2629 1877 2674 1925 si
2707 1890 2771 1926 ea

1699 1963 1820 1998 vero
1864 1950 2192 2011 antiquitatis
2231 1952 2539 2001 testimonio
2576 1954 2626 2001 iu
2668 1954 2770 2004 boe

1699 2024 1857 2074 Plinii
1884 2028 1996 2075 loco
2021 2028 2297 2079 niteretur.
2367 2028 2442 2078 At
2467 2044 2567 2093 ego
2587 2032 2638 2079 in
2661 2046 2769 2080 om·

1699 2102 1847 2150 nibus
1871 2104 2081 2165 scriptis
2101 2105 2472 2170 impressisque
2495 2110 2765 2170 exempla·

1698 2178 1837 2226 ribus
1863 2179 2172 2243 Panegyrici
2200 2181 2447 2239 Pliniaui,
2471 2198 2590 2247 qun
2628 2193 2767 2234 trac·

1696 2256 1823 2316 tavi,
1843 2255 2080 2320 adeoque
2104 2257 2263 2306 etiam
2288 2257 2340 2306 in
2372 2259 2501 2321 ipsis
2532 2260 2765 2324 Excerp-

1697 2332 1765 2379 tis
1815 2332 2011 2381 codicis
2057 2334 2532 2400 Gnelpberbytani,
2580 2338 2766 2403 quibus

1697 2410 2082 2459 accuratissime
2119 2408 2399 2475 descriptis
2430 2421 2581 2476 utor;
2618 2415 2767 2466 item-

1695 2501 1795 2550 que
1835 2486 1885 2535 in
1927 2486 2057 2536 libro
2093 2489 2261 2538 altero
2293 2490 2477 2546 Gudii.
2512 2493 2604 2556 qui
2645 2495 2768 2544 alio·

1697 2563 1816 2625 quin
1858 2564 2125 2628 praecipue
2161 2563 2360 2615 codicia
2396 2568 2766 2635 Gnelpherby-

1697 2639 1803 2687 tani
1841 2640 2105 2690 variantes
2143 2642 2394 2691 lectiones
2429 2643 2664 2695 fideliter
2687 2662 2766 2697 re·

1697 2714 1836 2777 fert;
1887 2716 2066 2766 adbaec
2124 2719 2426 2769 nominatim
2474 2723 2528 2771 iu
2585 2725 2766 2775 codice

1699 2793 1956 2843 Vaticano
1974 2798 2123 2844 3461.
2142 2809 2209 2845 ex
2228 2811 2333 2860 quo
2353 2798 2590 2848 codicem
2607 2801 2766 2852 Guel-

1696 2870 2079 2933 plnerbytanum
2099 2881 2228 2934 puto
2245 2872 2572 2938 descriptum
2592 2876 2767 2941 fuisse,

1692 2955 1997 2996 constanter
2021 2963 2322 3012 expressum
2356 2952 2475 3014 lego
2509 2955 2767 3013 cleastris,-

1694 3037 1789 3071 nec
1829 3024 1957 3084 scio,
1997 3025 2136 3074 unde
2182 3027 2269 3074 illa
2307 3041 2427 3091 vox,
2469 3031 2676 3088 clastra.
2712 3033 2765 3081 in

1697 3100 1965 3149 Arntaenii
2008 3102 2278 3165 Excerpta
2320 3109 2654 3170 pervenerit,
2690 3108 2768 3158 sa-

1692 3177 1788 3226 cile
1823 3186 1993 3226 autem
2035 3180 2240 3240 patebit
2273 3181 2352 3238 iis,
2384 3184 2575 3246 quibua
2610 3186 2767 3236 datar

1692 3256 1901 3304 occasio
1936 3254 2190 3305 adeundae
2226 3258 2570 3310 Bibliotheca
2603 3263 2768 3313 Guel-

1694 3330 2048 3395 plierbytaua»,
2071 3333 2328 3397 quomodo
2351 3349 2409 3385 se
2443 3350 2528 3385 res
2556 3338 2767 3390 babeat.

1690 3409 1793 3457 Sed
1821 3425 1918 3458 nec
1943 3411 2094 3459 video
2118 3426 2350 3462 caussam
2387 3413 2647 3477 idoneam,
2669 3431 2765 3466 cur

1692 3500 1942 3548 asperner
1977 3488 2251 3538 lectionem
2290 3491 2578 3554 vulgatam,
2601 3495 2765 3543 omui·

1691 3577 1877 3627 umque
1925 3565 2169 3613 librorum
2217 3568 2533 3617 auctoritate
2574 3570 2765 3620 coufir-

1692 3646 1895 3690 matam.
1966 3641 2203 3704 Largior,
2255 3656 2443 3692 nomeu
2496 3653 2511 3674 ·
2534 3647 2764 3697 clatbro·

1693 3731 1803 3765 rum
1821 3715 1835 3737 ²
1858 3716 1921 3765 ad
1942 3720 2330 3780 receptaculum
2349 3719 2577 3770 ferarum
2600 3740 2767 3773 συνει-

1689 3795 1890 3854 δοχικῶς
1911 3794 2303 3857 significandum
2326 3804 2472 3846 recte
2495 3799 2759 3859 adbiberi;

1688 3872 1782 3918 sed
1828 3884 1928 3919 non
1972 3871 2141 3920 minus
2186 3872 2323 3920 idem
2364 3878 2755 3937 receptaculum

1689 3948 1845 3996 etiam
1874 3944 2078 3994 nomine
2113 3954 2127 3977 ⁴
2149 3948 2539 4012 claustrorum,’
2559 3962 2616 4000 et
2638 3961 2654 3982 ‘
2671 3965 2756 4001 ca·

1691 4021 1835 4084 rea-,⁹
1882 4027 2027 4071 recte
2072 4024 2404 4086 exprimitur.
2477 4027 2637 4076 Certe
2677 4028 2757 4078 sic

1692 4100 1802 4150 Liv.
1826 4105 2096 4148 xxxvia.
2119 4107 2135 4129 ⁸
2154 4100 2253 4149 Ille
2273 4102 2484 4165 quidem
2503 4101 2622 4153 fera,-
2639 4104 2758 4153 bea·

1690 4178 1795 4239 tia»,
1822 4177 2024 4238 vincia»,
2047 4182 2137 4225 aut
2155 4178 2363 4238 clause,
2386 4191 2445 4228 et
2466 4178 2756 4242 refringere

1689 4253 1915 4303 claustra
1955 4251 2212 4317 cupienti,
2247 4253 2387 4317 regis
2416 4257 2546 4306 iram
2583 4257 2755 4307 verbis
