3060 4902
564 350 696 421 684

565 513 789 575 miscuit,
823 513 1170 579 principatum
1208 533 1269 567 ac
1306 520 1621 585 libertatem,

561 600 822 656 augetque
853 592 1085 654 quotidie
1120 592 1423 644 felicitatem
1459 598 1620 660 irnpe-

564 667 626 714 rii
663 668 839 715 Nerva
869 669 1255 733 Trajanns,-nec
1289 687 1430 732 spem
1468 675 1620 722 modo

561 756 624 792 ac
659 749 832 793 votnm
869 746 1122 794 securitas
1157 747 1383 810 publica,
1416 749 1505 797 sed
1545 752 1617 813 ip·

561 820 665 869 sius
702 824 808 871 voti
841 822 1080 873 fiduciam
1117 840 1178 875 ac
1217 828 1386 881 robur,
1423 844 1616 878 assum-

556 896 661 945 sit·’
709 900 776 947 Et
801 900 911 961 ipse
934 901 1182 964 Trajanus
1206 902 1269 952 ad
1294 905 1617 969 Plio-Epist.

556 987 613 1024 x.
659 980 742 1025 86.
786 979 800 1002 ‘
828 977 1156 1041 Propositum
1210 996 1376 1030 meum
1419 986 1615 1046 optime

552 1052 706 1108 nosti,
741 1065 843 1102 non
877 1069 939 1102 ex
980 1064 1119 1104 metu
1160 1072 1254 1106 nec
1293 1066 1488 1108 terrore
1526 1061 1613 1110 ho·

550 1128 762 1185 minum,
806 1140 896 1179 aut
952 1132 1251 1182 criminibus
1309 1136 1614 1200 majestatis,

549 1206 894 1255 reverentiam
950 1210 1139 1256 nomini
1196 1225 1309 1260 meo
1363 1214 1614 1277 acquiri.'

548 1280 717 1331 Recte
743 1290 912 1330 tamen
938 1284 1297 1348 Gundiingins,
1318 1288 1369 1336 in
1401 1290 1613 1341 iaudata

549 1356 916 1409 dissertatione
942 1374 978 1407 ι.
1003 1367 1081 1410 32.
1111 1364 1283 1413 ‘Cave
1319 1368 1506 1428 putesz'
1538 1371 1611 1417 in·

550 1437 680 1498 quit,
701 1437 714 1462 ‘
735 1437 1011 1499 Trajanum
1037 1447 1197 1489 totam
1227 1443 1391 1504 legem
1416 1445 1608 1494 sutiam

548 1512 835 1575 majestatis
874 1517 1170 1578 sustulisse3
1207 1521 1391 1583 rejecit
1428 1523 1513 1571 iile
1542 1526 1611 1571 ie-

549 1590 717 1638 viores
755 1607 959 1641 caussas
1001 1602 1055 1643 et
1094 1598 1315 1660 species,
1356 1615 1471 1663 quae
1513 1601 1609 1650 sub

546 1665 768 1715 obtentu
815 1669 1116 1732 principalis
1155 1678 1502 1723 venerationis
1543 1679 1609 1727 ad

542 1742 714 1806 legem
734 1744 924 1794 Juliam
951 1747 1325 1798 trahebantur.’
1362 1751 1513 1801 Idem.

610 1819 917 1878 Blnjestatem
940 1822 1266 1887 vindicabunt]
1294 1826 1477 1877 Potest
1496 1830 1605 1893 qui-

545 1890 663 1941 dem
706 1896 919 1959 quisque
972 1898 1232 1961 imperans
1283 1902 1606 1964 majestatem

542 1967 642 2017 sibi
677 1969 799 2032 jure
839 1972 1127 2037 meritoque
1166 1976 1467 2035 vindicare;
1517 1996 1604 2030 ve·

542 2059 655 2095 rum
690 2063 753 2096 ex
785 2049 941 2111 justis
977 2052 1364 2120 manifestisque
1389 2061 1605 2118 caussis,

542 2131 597 2172 et
632 2138 698 2172 ex
745 2127 976 2177 utilitate
1019 2132 1350 2195 reipublicae3
1394 2151 1496 2185 non
1536 2154 1603 2188 ex

539 2199 755 2251 libidine
792 2213 845 2252 et
879 2206 1101 2270 saevitia,
1125 2223 1293 2273 neque
1318 2226 1381 2260 ex
1405 2214 1602 2264 levissi-

536 2278 634 2327 mis
660 2280 960 2345 rationibus,
986 2301 1152 2351 neque
1175 2303 1240 2337 ex
1263 2289 1408 2339 falsis
1433 2293 1603 2342 crimi-

538 2356 851 2416 nationibus,
874 2376 996 2425 qnas
1022 2364 1368 2427 sequebantur
1392 2370 1599 2429 tyranni

537 2439 593 2479 et
635 2434 751 2483 mali
791 2437 1072 2500 principes.
1141 2440 1201 2489 In
1240 2443 1418 2492 codice
1452 2445 1592 2494 Pari·

535 2507 687 2557 sit-nsi
733 2518 788 2559 et
825 2513 1305 2579 Gueipherbytano,
1344 2521 1597 2583 scriptum

535 2593 617 2631 est
648 2587 993 2645 vendicaturum·
1026 2590 1112 2638 sed
1152 2606 1245 2653 pro
1281 2609 1422 2642 more
1460 2597 1597 2646 codi-

533 2672 648 2706 cum
707 2664 1092 2714 mendosorum.
1160 2668 1294 2716 Vide
1341 2671 1595 2722 Priscian.

535 2749 702 2785 xvttr.
738 2754 788 2799 p.
828 2744 973 2789 1208.
1015 2750 1069 2790 et
1104 2746 1306 2811 Dausq.
1345 2749 1592 2813 Orthogr.

535 2814 634 2860 vol.
658 2827 723 2862 n.
749 2831 797 2877 p.
823 2820 936 2865 332.
968 2819 1120 2869 Idem.

596 2890 804 2954 Amicis]
841 2894 945 2945 Qui
971 2912 1103 2947 nunc
1134 2899 1348 2950 amicum
1374 2917 1474 2952 non
1500 2903 1589 2955 de·

529 2964 721 3015 ferunt.
753 2971 886 3034 Lips-

592 3046 943 3113 Amicisfides]
978 3053 1176 3102 Cim-in
1209 3057 1387 3117 Laelio,
1423 3074 1468 3108 c.
1508 3063 1586 3108 18.

525 3122 541 3148 ⁸
568 3123 968 3177 Firmamentum
1009 3132 1307 3180 stabilitatis
1346 3144 1587 3185 coustan-

526 3198 713 3263 tiaeqne
738 3202 874 3265 ejus,
896 3220 1045 3268 quam
1070 3207 1118 3254 in
1151 3210 1375 3258 amicitia
1401 3215 1585 3275 quaeri·

523 3286 652 3329 mus,
692 3274 822 3326 fides
862 3289 961 3329 est.
1032 3282 1174 3331 Nihil
1219 3286 1353 3334 enim
1394 3290 1582 3340 stabile

520 3358 619 3406 est,
644 3353 781 3415 quod
808 3354 1018 3406 infidum
1045 3359 1161 3410 est.'
1228 3362 1318 3410 Uti
1356 3372 1526 3413 autem
1553 3382 1582 3415 a

519 3427 667 3476 maiis
691 3430 1009 3495 principibus
1042 3437 1409 3488 excitabantur
1439 3443 1584 3492 iden·

519 3502 680 3554 tidem
704 3509 878 3569 amici,
901 3517 958 3558 ut
982 3525 1036 3558 se
1070 3512 1287 3562 invicem
1324 3529 1438 3563 reos
1461 3532 1581 3579 age-

518 3587 667 3639 rent;
716 3582 788 3630 ita
833 3592 888 3632 et
934 3585 1079 3633 iiberi
1124 3587 1175 3635 in
1220 3599 1484 3654 parentes,
1520 3609 1581 3644 ac

517 3656 653 3703 servi
693 3657 743 3705 in
779 3656 1027 3721 dominos,
1063 3664 1410 3713 armabantur.
1477 3671 1579 3718 Mi-

518 3732 762 3781 seriarum
786 3741 837 3782 et
858 3736 1070 3785 saevitiae
1097 3742 1389 3804 exemplum
1413 3752 1581 3810 atrox,

518 3822 704 3873 nempe
742 3811 757 3837 ‘
786 3825 924 3859 reum
962 3823 1183 3876 patrem,
1219 3829 1577 3874 accusatorem

514 3885 715 3949 filium,'
736 3904 765 3938 e
791 3889 987 3940 Tiberii
1014 3896 1206 3944 saecnlo
1233 3896 1391 3947 refert
1410 3901 1576 3952 Tacit.

515 3961 701 4013 Annai.
726 3971 902 4016 tir-28.
933 3982 1026 4016 nec
1064 3971 1228 4019 minus
1264 3975 1459 4037 insigne
1484 3993 1574 4027 ex·

511 4044 735 4106 emplum
761 4044 993 4106 perfidiae
1011 4048 1311 4111 amicorum,
1327 4062 1378 4100 et
1401 4055 1571 4104 occui-

512 4129 681 4171 tarum
706 4124 1096 4183 calumniarum,
1122 4126 1256 4174 idem
1284 4137 1430 4178 notat
1454 4147 1569 4194 cap.

509 4200 590 4244 68.
621 4198 850 4262 ejusdem
892 4200 1026 4252 iibri.
1092 4202 1356 4253 Tradcnte
1393 4206 1570 4269 Suida,

509 4274 605 4324 sub
653 4290 774 4326 voce
820 4274 972 4335 Γάϊος,
1017 4278 1255 4344 Caiigula
1304 4296 1568 4333 servorum

1265 374 1482 425 NOTAE
1533 378 1939 431 VARIORUM
1991 384 2069 432 {N

1698 523 2013 576 dominatum
2050 528 2298 592 instituit,
2324 530 2440 594 lege
2474 533 2598 590 lata,
2619 543 2681 586 nt
2705 537 2764 588 iis

1698 599 1930 652 dominos
1954 620 2198 655 accusare
2223 608 2423 666 liceret,
2447 611 2487 659 si
2514 612 2650 676 qnod
2678 629 2762 664 eo·

1697 693 1806 727 rum
1852 690 2120 743 peccatum
2168 684 2442 748 vidissent,
2485 696 2539 737 et
2585 703 2651 738 ex
2697 705 2761 740 eo

1695 768 1879 816 magna
1903 759 2163 807 calamitas
2199 762 2374 810 orbem
2414 771 2662 815 terrarum
2686 769 2761 816 in·

1695 832 1843 888 vuit,
1888 848 2002 881 curu
2049 836 2184 883 servi
2237 839 2434 900 magnis
2489 842 2758 905 suppliciis

1693 905 1925 957 dominos
1953 909 2289 972 subjicerent.
2356 915 2554 965 Contra
2576 927 2759 968 auctor

1692 991 1772 1030 est
1799 984 1895 1031 Dio
1922 985 2007 1032 lib.
2032 1000 2231 1037 rixvtn.
2260 1004 2310 1052 p.
2334 996 2449 1040 769.
2473 993 2585 1056 jam
2624 995 2758 1044 Ner-

1692 1074 1805 1108 vam
1833 1063 2052 1120 cavisse,
2073 1079 2137 1112 ne
2171 1067 2332 1115 servis
2371 1068 2565 1117 crimen
2601 1073 2755 1121 ullius

1690 1133 1930 1186 facinoris
1969 1140 2149 1189 liceret
2173 1142 2390 1193 dominis
2427 1143 2637 1196 inferre.
2707 1150 2753 1198 A

1692 1212 1870 1259 Nerva
1893 1212 2168 1277 adoptatus
2187 1219 2430 1283 Trajanus
2453 1224 2628 1273 omnia
2654 1225 2755 1274 ista

1689 1288 1743 1337 in
1789 1291 2049 1341 meliorem
2097 1296 2327 1346 ordinem
2371 1298 2594 1361 redegit.
2661 1302 2750 1352 Sic

1690 1371 1744 1413 et
1768 1367 2018 1428 Vopiscus
2055 1370 2103 1418 in
2138 1372 2341 1427 Tacito,
2367 1389 2412 1423 c.
2434 1379 2482 1423 9.
2506 1382 2751 1436 testatur,

1688 1442 1924 1491 Tacitum
1951 1460 2153 1509 quoque
2178 1451 2395 1506 cavisse,
2415 1450 2430 1476 ‘
2448 1465 2510 1498 ne
2536 1455 2672 1502 servi
2699 1455 2747 1504 in

1689 1517 2008 1569 dominorum
2052 1525 2228 1586 capita
2283 1526 2751 1593 interrogarentur,

1687 1610 1752 1643 ne
1809 1598 1859 1644 in
1917 1613 2099 1649 caussa
2153 1603 2443 1665 majestatis
2495 1607 2750 1671 quidem.'

1684 1672 1923 1723 Schtz-1112.
2347 1681 2354 1688 “

1750 1749 1964 1817 Liberis]
1998 1754 2099 1804 Qui
2126 1763 2181 1806 et
2207 1757 2303 1821 ipsi
2337 1760 2669 1811 armabantur
2691 1762 2744 1812 in

1683 1836 1941 1889 parentes.
1978 1830 2111 1893 Lips.

1760 1905 2046 1967 Obsequium
2087 1910 2259 1974 servis]
2327 1912 2428 1963 Qui
2475 1920 2633 1964 antea
2677 1929 2744 1965 ex

1679 1993 1770 2043 spe
1797 1984 1991 2044 praemii
2015 1984 2242 2034 dominos
2261 1987 2739 2052 calumniabantur3

1679 2057 1816 2119 quod
1855 2074 2014 2122 genus
2053 2061 2334 2119 hominnm,
2371 2066 2542 2116 Dione
2583 2076 2741 2128 teste,

1680 2134 1856 2184 Nerva
1889 2137 1952 2185 ad
1985 2153 2139 2187 unum
2167 2140 2330 2202 jussit
2354 2142 2545 2193 occidi.
2591 2147 2743 2197 Pata·

1675 2213 1767 2259 rol.

1741 2286 1929 2352 Servis]
1963 2291 2167 2342 Passim
2210 2294 2261 2343 in
2303 2296 2537 2348 dominos
2573 2300 2740 2349 insur-

1676 2363 1889 2425 gebant,
1909 2376 1960 2414 et
1985 2371 2294 2421 territabant
2316 2377 2608 2425 accusaturi
2635 2392 2740 2427 ma·

1666 2438 1899 2502 jestatis.
1935 2443 2066 2507 Lips.

1738 2517 1969 2566 Domitios
2008 2520 2203 2586 liabent]
2259 2524 2319 2572 In
2365 2524 2528 2589 primo
2572 2528 2733 2579 Gudii

1670 2592 1803 2641 libro
1830 2595 2032 2659 aliquis,
2054 2612 2082 2645 e
2107 2601 2429 2661 conjectura,
2447 2612 2503 2652 ut
2528 2606 2730 2670 opinor,

1671 2670 1957 2732 annotavit,
1996 2688 2088 2735 pro
2127 2677 2285 2724 verbo
2322 2678 2512 2734 hubent.
2558 2683 2732 2746 legen-

1670 2744 1791 2793 dum
1815 2761 1924 2794 esse
1946 2756 2126 2799 amant.
2193 2752 2293 2800 Sed
2330 2756 2588 2805 correctio
2618 2758 2732 2807 haec

1667 2819 1800 2870 foret
1825 2838 2229 2886 supervacanea.
2285 2830 2432 2880 Servi
2457 2835 2591 2883 enim
2617 2850 2731 2886 rec·

1666 2903 1719 2945 te
1760 2896 2006 2948 dicuntur
2049 2907 2062 2929 ⁴
2089 2903 2277 2951 habere
2321 2904 2606 2971 dominos,’
2642 2912 2730 2972 qni

1665 2987 1752 3021 eos
1797 2975 1991 3024 liabent
2032 2978 2199 3035 heros,
2238 2979 2424 3044 quibus
2467 2999 2568 3033 non
2615 2987 2729 3036 iiiu-

1664 3049 1808 3111 dant‚
1831 3066 1927 3101 nec
1951 3069 2078 3118 quos
2099 3054 2244 3103 falsis
2276 3060 2412 3121 apud
2440 3062 2728 3126 principem

1662 3130 2079 3178 accusationibus
2117 3138 2379 3194 terreant3
2426 3136 2514 3191 sed
2551 3152 2581 3186 a
2616 3140 2727 3203 qni·

1662 3202 1755 3249 bus
1781 3204 1876 3264 ipsi
1902 3204 2263 3267 coerceantur,
2285 3210 2549 3273 poenisqne
2573 3215 2726 3263 rneri-

1661 3279 1726 3326 tis
1759 3278 2068 3328 afficiantur.
2136 3284 2375 3334 Excessit
2410 3301 2532 3336 vero
2568 3290 2725 3340 Tibe·

1660 3356 1765 3404 rius
1790 3357 2070 3418 imperator
2102 3374 2306 3410 omnem
2331 3363 2597 3415 civilitatis
2632 3368 2725 3416 hu-

1658 3435 2020 3499 manitatisque
2056 3438 2282 3499 modum,
2316 3441 2424 3504 qni,
2459 3441 2722 3494 reserente

1659 3510 1871 3558 Sueton.
1912 3525 1958 3558 c.
1998 3515 2078 3560 29.
2119 3512 2252 3561 iuter
2293 3514 2394 3563 alia
2431 3517 2506 3564 his
2551 3520 2722 3569 verbis

1658 3586 1912 3635 allocutus
1967 3597 2047 3637 est
2105 3600 2341 3640 senatum
2394 3593 2720 3647 Romanum:

1653 3664 1669 3691 ‘
1696 3665 1761 3712 Et
1806 3663 1984 3720 bonos,
2030 3672 2083 3713 et
2129 3681 2325 3730 aequos,
2371 3677 2426 3718 et
2482 3669 2720 3721 faventes

1657 3756 1747 3791 vos
1782 3741 1934 3790 habui
1961 3741 2212 3801 dominos,
2234 3752 2288 3793 et
2324 3746 2491 3796 adhuc
2519 3748 2719 3800 habeo)

1655 3819 1895 3868 Schwarz.

1717 3897 1861 3945 Serti
1894 3895 2072 3959 nostri]
2112 3897 2349 3948 Antehac
2394 3900 2445 3949 in
2486 3904 2715 3961 omnibns

1651 3973 1796 4022 libris
1841 3975 2064 4028 excusis.
2099 3983 2293 4037 praeter
2336 3977 2714 4031 Gesnerianum

1649 4058 1703 4099 et
1741 4049 2161 4104 Arntzenianum,
2193 4052 2279 4114 qni
2315 4056 2502 4103 nostris
2535 4058 2715 4107 obser·

1652 4125 1940 4175 vationibus
1966 4126 2219 4174 Plinianis
2247 4129 2324 4176 nsi
2355 4138 2497 4191 sunt,
2518 4133 2599 4181 hae
2625 4149 2712 4184 ro·

1647 4217 1735 4253 ces
1772 4202 1951 4250 ordine
1988 4203 2173 4251 ieviter
2215 4204 2420 4255 inverso
2465 4210 2708 4271 legeban-

1646 4286 1750 4341 tur,
1774 4278 1886 4326 Non
1901 4280 2026 4348 euim
2037 4276 2144 4337 jam
2165 4281 2292 4330 serti
2310 4282 2540 4348 principis
2560 4289 2715 4338 nostri
