3060 4902
523 370 657 437 582

522 529 751 593 pretinm
776 528 1030 593 exemplis
1054 529 1414 592 comprobare.
1471 530 1593 592 Lip-

525 605 629 654 sius
668 606 958 669 suspicatus
992 606 1074 656 liic
1112 614 1192 655 est
1218 607 1282 654 de
1323 607 1466 655 hiatu
1504 607 1596 656 ali-

523 697 663 747 quot
721 691 798 741 et,
842 683 967 732 licet
1006 682 1175 732 fassus
1222 684 1309 742 sit,
1355 684 1595 747 apposite

522 760 804 822 congiariis
851 775 1104 809 annonam
1150 761 1378 822 subtexi,
1422 769 1593 809 tamen

515 836 771 899 opinatus
813 845 913 893 est,
952 838 1132 887 abesse
1180 839 1370 902 aliqua,
1408 837 1594 901 quibus

525 915 713 965 decore
735 931 795 965 eo
821 916 1081 964 transierit
1108 917 1329 965 Plinius.
1381 917 1494 978 Ego
1518 916 1594 965 ui·

520 991 593 1041 hil
613 1006 822 1055 prorsus
842 991 1026 1041 deesse
1049 998 1174 1055 puto
1196 1008 1210 1051 ;
1235 999 1484 1050 attamen,
1499 1005 1594 1055 pro

518 1082 652 1118 voce
676 1084 781 1131 ego,
809 1069 889 1117 vel
911 1082 1047 1128 ergo,
1080 1069 1262 1115 mirum
1300 1068 1349 1115 in
1383 1067 1591 1117 modum

520 1146 676 1194 velim
725 1145 1040 1195 substituere
1079 1159 1208 1200 nero,
1247 1151 1434 1207 utpote
1476 1159 1590 1205 quae

521 1222 782 1287 particula
825 1222 889 1271 ad
936 1222 1379 1272 enumerationem
1426 1221 1593 1270 varia·

520 1316 635 1350 rum
661 1303 908 1365 partium,
927 1307 981 1351 et
1006 1300 1069 1350 ad
1108 1300 1487 1362 transitionem,
1510 1306 1592 1350 est

520 1379 1028 1444 peraccommodata.
1093 1379 1311 1427 Scilicet
1370 1376 1594 1437 Plinius,

519 1454 822 1504 laudaturus
864 1455 1119 1518 insignem
1155 1453 1362 1517 Trajani
1403 1452 1591 1505 libera-

521 1531 741 1587 litatem,
812 1532 1076 1596 hucusque
1146 1528 1591 1585 commemoravit.

521 1606 952 1670 quemadmodum
1008 1608 1090 1656 liic
1148 1608 1431 1669 imperator
1476 1605 1589 1668 jam

522 1684 718 1746 populo
742 1684 950 1732 dederit
975 1683 1309 1745 congiarium,
1335 1692 1387 1731 et
1412 1683 1590 1731 militi·

518 1760 615 1809 bus
642 1759 967 1821 donativum3
1005 1760 1127 1807 item
1168 1767 1222 1807 et
1264 1760 1591 1822 prospexerit

521 1833 808 1884 infantibus
856 1835 920 1883 de
968 1834 1247 1883 alimentis.
1315 1836 1439 1884 Istae
1478 1837 1588 1900 qui-

522 1910 642 1959 dem
687 1910 1049 1966 liberalitates,
1091 1912 1322 1975 quamvis
1369 1926 1591 1975 magnae,

521 1987 755 2050 quamvis
789 1988 982 2051 populo
1013 1987 1341 2048 gratissimae,
1368 1993 1591 2036 tantum-

519 2062 675 2112 modo
701 2070 874 2113 tamen
898 2073 1046 2113 erant
1076 2064 1509 2114 extraordinariae
1535 2072 1590 2113 et

521 2142 870 2206 temporariae,
910 2151 1065 2206 atque
1110 2142 1172 2190 ad
1220 2151 1417 2206 partem
1459 2141 1590 2190 dun·

520 2225 669 2266 taxat
695 2219 870 2282 populi
896 2218 1246 2281 pertinebant.
1296 2218 1445 2266 Nunc
1468 2231 1591 2266 vero

521 2294 723 2343 Plinius
770 2297 835 2343 ad
878 2296 1015 2345 aliud
1054 2311 1217 2359 genus
1261 2294 1589 2343 liberalitatis

522 2371 873 2433 progreditur,
906 2387 1091 2435 nempe
1127 2373 1191 2419 ad
1224 2387 1398 2420 curaui
1434 2386 1588 2418 anuo·

522 2462 622 2504 πω,
643 2464 756 2512 quae
780 2464 842 2497 eo
864 2450 1091 2511 valebat,
1115 2460 1172 2498 ut
1198 2449 1348 2512 copia
1371 2449 1590 2497 frumen-

521 2524 561 2571 ti
610 2538 867 2587 uuuquam
915 2528 1118 2572 deesset
1168 2526 1378 2588 populo,
1418 2538 1590 2586 neque

523 2601 632 2662 ejus
678 2601 898 2662 pretium
956 2602 1107 2649 nimis
1165 2602 1590 2663 ingravesceret;

519 2677 664 2731 item,
691 2683 748 2724 ut
781 2676 957 2739 egenti
994 2676 1131 2739 plebi
1167 2678 1318 2725 statis
1344 2677 1591 2740 tempori-

520 2752 617 2801 bus
663 2766 884 2810 annona‚
919 2753 997 2800 vel
1037 2753 1230 2801 leviore
1275 2754 1467 2815 pretio,
1508 2755 1589 2802 vel

519 2841 729 2889 prorsus
753 2827 935 2891 gnatis,
955 2827 1291 2881 divideretur.
1335 2830 1473 2893 Apte
1497 2830 1590 2893 igi-

520 2913 607 2952 tur
623 2904 962 2970 appositeqne
988 2921 1018 2953 a
1041 2904 1192 2953 laude
1216 2906 1588 2968 congiarii,do-

518 2981 701 3041 nativi,
747 2987 804 3029 et
851 2981 1229 3041 alimentorum,
1267 2981 1467 3030 Plinius
1515 2981 1590 3030 sie

523 3058 708 3106 transit
744 3057 808 3105 ad
841 3057 1045 3105 laudem
1072 3072 1213 3105 curae
1247 3071 1482 3118 annoua‘,
1506 3058 1588 3106 In·

516 3140 621 3183 stur
646 3150 767 3184 vero
787 3136 1003 3198 perpetui
1020 3134 1257 3195 congiarii
1275 3149 1381 3182 reor
1397 3135 1588 3198 affluen-

517 3210 638 3260 tiam
680 3224 892 3258 annouoe.
958 3209 1042 3258 Ita
1081 3223 1208 3257 vero
1257 3224 1354 3272 ego
1412 3211 1589 3270 credo,

521 3288 707 3336 saltem
733 3286 854 3334 nihil
884 3287 1005 3350 jure
1039 3287 1228 3349 requiri
1257 3302 1425 3350 posse,
1450 3289 1587 3351 quod

520 3370 782 3425 proeterea
811 3364 1074 3425 pertineat
1110 3363 1174 3411 ad
1215 3366 1589 3413 transitionem.

521 3438 869 3488 Nihilominus
905 3448 1075 3488 tamen
1107 3440 1329 3489 noudum
1356 3455 1485 3503 opus
1511 3456 1588 3488 es·

523 3530 580 3564 se
608 3515 781 3574 video,
820 3522 876 3565 ut
902 3531 1077 3565 vocent
1119 3517 1337 3579 aliquam
1379 3517 1586 3565 aliunde

522 3606 803 3652 arcessam,
869 3593 1018 3655 cnjus
1074 3592 1345 3654 vestigium
1416 3592 1587 3641 nullus

520 3681 729 3732 prorsus
765 3667 896 3717 liber
934 3666 1100 3716 adhuc
1133 3669 1379 3717 ostendit.
1449 3671 1589 3721 Satis

519 3751 621 3807 est,
647 3745 754 3808 janu
793 3744 990 3807 aliquot
1020 3744 1252 3793 codicum
1279 3746 1480 3795 indiciis
1506 3762 1587 3796 re·

521 3821 684 3884 periri
733 3820 1038 3884 particulam
1083 3835 1234 3882 ergo;
1281 3821 1392 3870 ltaec
1443 3828 1587 3873 certe

521 3909 625 3946 non
651 3910 856 3960 semper
880 3904 958 3945 est
988 3898 1264 3957 eattssalis;
1301 3898 1392 3947 sed
1428 3900 1586 3949 etiam

520 3972 799 4036 aliquando
821 3974 1004 4022 saltem
1030 3975 1363 4038 completiva,
1383 3976 1588 4025 eadem·

522 4065 621 4115 que
646 4050 860 4099 inservit
895 4051 1223 4113 transitioni;
1257 4052 1411 4102 immo
1435 4062 1489 4102 et
1513 4054 1587 4103 vi·

521 4139 635 4175 cem
661 4126 1042 4190 conjunctioni·
1056 4127 1441 4179 veroiuterdum
1469 4129 1586 4179 red·

520 4202 620 4251 dit.
687 4202 947 4253 Priscian.
984 4204 1075 4252 lib.
1101 4215 1266 4252 xvur.
1298 4219 1418 4269 pag.
1443 4210 1590 4256 1170.

519 4279 708 4344 ··Νσιιι,
732 4279 876 4342 uim,
906 4278 1278 4345 ergofjnqnit,
1322 4282 1457 4332 ‘uon
1501 4295 1585 4331 so·

1223 386 1442 435 No't’AE
1496 387 1903 436 vamotwm
1963 389 2039 437 ΙΝ

1671 531 1772 579 lum
1798 532 2079 589 caussales,
2105 533 2185 582 vel
2211 534 2507 597 rationales,
2526 534 2621 586 aed
2645 532 2748 587 e'tl·

1670 622 1751 656 am
1785 609 2134 671 completivae,
2172 617 2229 660 et
2261 611 2633 663 confirmativa».
2669 617 2757 662 in·-

1672 684 1981 734 veniuntur.'
2049 686 2153 743 Ita,
2178 687 2240 735 ad
2280 688 2487 737 modum
2516 691 2747 739 transiti-

1668 761 1802 817 onis,
1841 776 1959 810 usus
1997 771 2078 812 est
2120 763 2212 812 hac
2247 766 2501 826 particula
2526 767 2747 827 Cicero;

1670 852 1720 885 v.
1743 854 1792 900 g.
1851 836 1961 888 Off.
1988 853 2050 888 ιι.
2076 844 2126 888 3.
2158 848 2173 869 ⁸
2193 840 2325 891 Quae
2348 855 2476 904 ergo
2495 841 2561 890 ad
2579 844 2743 892 vitam

1667 912 1929 962 hominum
1957 914 2202 963 tuendam
2238 917 2523 981 pertinent,
2547 920 2742 979 partini

1667 997 1788 1038 sunt
1812 989 2073 1051 inanima,'
2095 994 2194 1039 ὅτε.
2252 992 2486 1043 Eandem
2513 994 2743 1055 particu-

1669 1067 1770 1114 lam
1793 1081 1908 1128 ergo
1931 1081 2028 1116 uon
2055 1082 2171 1116 raro
2196 1069 2446 1119 inservire
2474 1072 2744 1121 transitio·

1670 1142 1866 1204 ni,jam
1889 1158 2096 1208 quoqne
2121 1144 2367 1194 Bartbius
2397 1154 2452 1195 et
2480 1147 2742 1197 Burman·

1668 1230 1763 1265 nus
1819 1226 2141 1269 annotarunt
2191 1221 2256 1269 ad
2314 1222 2485 1271 Gratii
2532 1223 2740 1288 Cyneg.

1667 1308 1743 1342 vs.
1768 1298 1879 1343 105.
1903 1303 1956 1344 et
1979 1301 2093 1346 387.
2159 1296 2294 1346 Inde
2323 1297 2415 1347 illa
2446 1300 2606 1348 etiam
2642 1314 2742 1363 pro

1667 1372 1683 1402 ‘
1700 1369 1892 1420 deinde
1908 1370 1922 1394 '
1946 1372 2156 1434 ponitur
2174 1388 2205 1421 a
2221 1373 2370 1437 Virg.
2392 1373 2604 1423 AEn-vr.
2621 1379 2740 1425 884.

1667 1446 1683 1473 ‘
1709 1448 1852 1509 Ergo
1876 1448 1974 1497 iter
2001 1448 2267 1511 inceptum
2295 1449 2594 1514 peragunt)
2649 1451 2734 1500 Ad

1666 1536 1820 1586 quem
1867 1524 2035 1573 locum
2088 1525 2262 1574 Cerda
2305 1525 2418 1576 baec
2472 1541 2735 1577 commen·

1668 1606 1848 1654 tatnrz
1895 1602 1910 1629 ‘
1938 1600 2128 1651 Placet
2176 1603 2460 1665 explicatio
2496 1604 2737 1661 Canteri,

1665 1673 1803 1724 Nov.
1839 1676 1989 1726 Lect.
2033 1690 2110 1727 tv.
2151 1681 2235 1727 26.
2272 1687 2329 1728 ut
2371 1680 2457 1728 bic
2504 1695 2621 1742 ergo
2664 1682 2736 1732 sit

1663 1753 1868 1804 deinde!
1946 1756 2095 1805 Sicut
2134 1758 2186 1806 in
2224 1757 2467 1821 Propert.
2488 1773 2570 1809 tn.
2594 1766 2647 1810 2.
2679 1770 2736 1811 et

1667 1829 1787 1892 quia
1830 1831 2007 1879 similis
2049 1845 2169 1894 vox,
2201 1838 2217 1863 ⁴
2248 1834 2444 1898 igitur,’
2484 1850 2628 1900 aaepe
2679 1840 2732 1886 in

1666 1907 1857 1956 Plauto
1884 1909 2092 1972 ponitur
2117 1924 2211 1973 pro
2240 1910 2256 1937 ⁴
2277 1910 2435 1966 inde.'
2468 1913 2484 1942 ‘
2505 1912 2737 1969 deinde.’

1662 1984 1677 2013 ‘
1699 1984 1920 2046 postea.’
1955 1987 2196 2046 Demnm,
2222 1988 2342 2051 quia
2360 1988 2607 2038 Graecnm
2630 1988 2735 2040 ein

1666 2074 1808 2122 saepe
1851 2061 2041 2111 Cicero
2080 2064 2237 2112 vertit
2280 2066 2296 2093 ⁸
2315 2064 2481 2127 ergo?
2549 2066 2730 2130 Atque

1665 2133 1815 2199 adeo,
1839 2135 2029 2199 ‘ergo'
2063 2139 2217 2187 etiam
2251 2154 2348 2203 pro
2381 2143 2397 2169 ⁸
2421 2142 2581 2199 vero,'
2618 2145 2732 2195 sive

1664 2212 1681 2240 ‘
1702 2218 1873 2262 autem
1890 2212 1904 2235 '
1927 2215 2068 2277 poni,
2093 2214 2419 2266 Passeratius
2444 2220 2617 2268 inultis
2643 2236 2735 2269 ex·

1665 2289 1849 2350 einplis
1903 2292 2229 2352 comprobat,
2268 2295 2317 2341 in
2374 2295 2625 2344 Praelect.
2662 2299 2730 2345 ad

1664 2364 1852 2412 Tibull.
1875 2379 1955 2414 tv.
1979 2369 2091 2414 161.
2109 2381 2160 2430 p.
2185 2372 2297 2416 121.
2321 2370 2461 2418 etad
2485 2372 2732 2436 Propert.

1667 2456 1753 2490 ιιι.
1777 2446 1825 2490 3.
1849 2457 1898 2505 p.
1920 2445 2035 2492 418.
2061 2441 2372 2495 Adsciscaut
2392 2446 2550 2507 igitur
2570 2450 2731 2513 parti.

1665 2520 1834 2567 culam
1856 2534 1988 2578 ergo,
2014 2520 2096 2583 qui
2126 2522 2299 2569 volent
2318 2538 2333 2582 3
2355 2524 2476 2571 milii
2497 2527 2728 2577 nondum

1666 2598 2013 2643 necessarium
2055 2597 2215 2645 visum
2249 2605 2330 2646 est
2362 2601 2583 2663 rejicere
2611 2617 2729 2666 pro·

1666 2683 1850 2717 nomen
1874 2687 1976 2732 ego.
2011 2673 2271 2722 Scltwart.

1729 2748 2039 2812 Afflueatium
2069 2749 2294 2813 annona]
2331 2751 2560 2804 Annonae
2592 2769 2732 2807 coru·

1667 2824 1929 2886 parandae,
1946 2834 2000 2874 et
2024 2841 2053 2874 e
2076 2824 2424 2878 frumentariis
2451 2834 2732 2894 provinciis

1666 2900 1717 2949 in
1742 2901 1918 2950 urbem
1943 2903 2310 2961 convelieudae,
2335 2906 2442 2969 jam
2468 2909 2518 2956 iu
2539 2912 2730 2971 repub·

1666 2978 1766 3027 lica
1801 2978 1964 3027 libera
1999 2979 2223 3042 dilige-ns
2255 2981 2540 3033 habebatur
2578 2989 2730 3047 ratio,

1665 3055 1737 3103 ita
1776 3054 2004 3120 quidem,
2040 3063 2099 3104 nt
2134 3071 2238 3106 non
2279 3060 2444 3109 solum
2492 3064 2730 3115 universo

1667 3132 1861 3193 populo
1883 3132 2030 3193 copia
2063 3129 2307 3183 frumenti
2331 3137 2393 3197 ad
2422 3139 2614 3188 victum
2640 3149 2730 3188 nei

1667 3208 1874 3257 cessarii
1901 3223 1998 3257 non
2020 3207 2176 3258 facile
2190 3211 2430 3274 deesset;
2455 3215 2547 3263 sed
2564 3219 2728 3268 etiam

1666 3290 1723 3332 ut
1745 3286 1920 3346 egenti
1947 3285 2102 3347 plebi,
2126 3288 2275 3336 statis
2299 3291 2633 3357 temporibus,
2658 3295 2733 3344 le·

1667 3361 1808 3409 viore
1834 3361 2021 3422 pretio,
2044 3371 2150 3418 aut,
2181 3363 2232 3412 in
2263 3379 2477 3416 annonav
2506 3368 2732 3420 difficul-

1664 3446 1795 3499 tate,
1831 3440 2109 3505 aliquando
2153 3455 2360 3504 prorsus
2400 3445 2580 3506 gratis,
2620 3446 2730 3495 dis-

1664 3516 2000 3565 tribueretur.
2066 3518 2187 3567 Huc
2226 3521 2526 3583 cumprimis
2566 3526 2733 3586 perti·

1661 3600 1789 3643 nent
1825 3594 1967 3658 leges
1999 3596 2100 3644 illae
2128 3599 2442 3661 annonariae,
2477 3601 2587 3651 sive
2618 3591 2728 3652 fru-

1663 3670 1949 3727 mentarioe,
1973 3674 2148 3735 quales
2169 3672 2383 3724 fuerunt.
2398 3677 2729 3741 Sempronia·

1665 3760 1748 3807 na,
1796 3746 1859 3795 A.
1885 3749 1950 3797 U.
1976 3748 2035 3797 C.
2058 3752 2174 3798 630.
2210 3749 2487 3814 Appuleia,
2525 3769 2572 3803 a.
2602 3760 2727 3805 6⁵8.

1666 3822 1829 3879 Livia,
1865 3837 1909 3871 a.
1926 3827 2042 3874 662.
2076 3825 2349 3889 Terentia,
2372 3833 2555 3878 moso.
2602 3832 2726 3883 Clo·

1663 3898 1767 3952 dia,
1789 3913 1836 3948 a.
1856 3902 1972 3949 69⁵.
1999 3900 2136 3949 latai.
2180 3902 2381 3954 Clodio
2417 3906 2544 3969 legis
2565 3920 2726 3958 anino·

1664 3976 1824 4024 nariae
1863 3976 2095 4025 meminit
2130 3976 2383 4030 Asconius
2422 3982 2486 4031 ad
2522 3984 2632 4033 Cic.
2673 3987 2726 4036 in

1664 4050 1846 4100 Pison.
1883 4066 1930 4100 c.
1947 4054 1998 4101 4.
2046 4055 2063 4082 ⁸
2092 4053 2154 4102 Ρ.
2177 4053 2367 4118 Clodii,
2392 4057 2587 4109 tribuni
2614 4062 2725 4124 ple-

1665 4127 1765 4193 bis,
1788 4128 1868 4176 lex
1891 4130 2191 4185 annonaria,
2216 4129 2314 4179 fnit
2335 4145 2535 4183 summe
2558 4152 2725 4202 popu·

1663 4204 1802 4260 laris,
1826 4212 1883 4253 ut
1908 4202 2221 4255 frumentum
2244 4210 2459 4272 populo,
2475 4213 2613 4276 quod
2639 4228 2731 4265 an·
2753 4214 2757 4217 ’

1661 4289 1751 4332 tea
1773 4283 1988 4333 semisse
2010 4291 2064 4333 et
2091 4283 2382 4348 trientibus,
2410 4287 2489 4352 (Ιι.
2511 4302 2559 4340 e.
2596 4290 2729 4342 dea.
