3060 4902
758 414 824 460 o.
875 409 1129 460 eumn
1177 400 1505 460 sncunm'
1556 412 1836 462 muno.
1911 411 1961 463 ι.
2005 396 2116 463 23.

332 555 560 620 explicat
605 552 901 605 cellarius:
956 562 973 586 ⁸
998 555 1146 612 Dies,
1184 571 1284 620 quo
1327 555 1405 606 in-

332 633 482 682 trasti
505 631 835 695 capitolium,
852 647 920 682 ex
938 631 1222 682 Germania
1243 634 1407 697 impe-

330 716 478 758 rator
504 722 773 770 reversus,
800 709 983 758 similis
1007 716 1089 759 est
1117 709 1220 759 «liei
1246 710 1405 773 adop-

330 784 490 833 tionis
538 791 672 842 tum,
714 786 804 849 qui
846 786 985 835 bunc
1028 787 1286 847 ingressus
1331 786 1405 836 tui

327 859 465 909 diem
487 861 647 924 qnasi
678 859 900 922 genum
933 861 1176 911 Schmun.

396 938 550 988 Plena
581 937 850 1001 altaribus]
897 937 1230 1002 Panegyrist.
1260 939 1407 988 Max.

325 1015 342 1044 ⁸
361 1016 549 1065 Totam
573 1014 722 1065 hanc
743 1015 924 1064 urbem
950 1013 1217 1077 repemina
1240 1024 1329 1065 tua
1353 1017 1404 1066 in

327 1094 505 1143 hostes
526 1093 822 1157 eruptione
838 1094 1114 1150 solicitam,
1128 1094 1333 1159 laetitia,
1349 1103 1406 1146 et

329 1171 689 1227 exultatione,
720 1178 776 1219 et
812 1171 914 1220 aris
934 1168 1290 1233 flagrantibus,
1324 1186 1403 1221 sa-

328 1247 562 1311 crificiis,
589 1256 657 1298 et
677 1246 928 1298 odoribus
950 1249 1185 1298 accensis
1212 1250 1404 1298 nomini

331 1331 438 1382 tuo,
461 1323 797 1389 implevisti.'
820 1324 1022 1373 Similia
1046 1325 1161 1388 lege
1174 1326 1242 1373 sis
1265 1326 1403 1389 apud

329 1401 470 1453 Just.
490 1414 668 1452 xxnu
690 1404 742 1450 3.
766 1404 815 1450 4.
883 1401 1081 1451 Cesar.
1106 1401 1246 1451 Gall.
1270 1403 1405 1452 Bell.

335 1492 461 1529 vm.
482 1483 567 1527 61.
607 1478 757 1528 Suet.
780 1478 948 1539 Calig.
972 1480 1053 1526 1⁸.
1092 1486 1147 1527 et
1184 1479 1249 1529 ad
1287 1495 1404 1531 eum

335 1553 554 1604 Casani).
579 1560 647 1603 et
681 1553 835 1604 Gall).
861 1557 941 1603 18.
977 1554 1114 1618 Aug·
1134 1560 1217 1604 ⁹8.
1261 1557 1406 1606 Curt-

337 1638 455 1681 v.l.
491 1637 576 1683 38.
625 1632 750 1683 Vol.
782 1632 926 1683 Max.
966 1646 1049 1681 rx.
1085 1638 1129 1682 1.
1165 1638 1245 1682 15.
1281 1634 1404 1683 ΡΙιι·

336 1710 493 1760 tarcb.
517 1711 572 1760 in
623 1710 778 1759 Dion.
802 1725 850 1759 c.
870 1713 953 1759 37.
986 1718 1043 1758 et
1082 1709 1270 1774 Pomp.
1296 1711 1404 1761 He-

335 1788 447 1838 rod.
482 1788 579 1838 lib.
610 1802 687 1837 tv.
722 1786 983 1838 Ammisn.
1016 1787 1107 1837 lib.
1128 1801 1247 1840 xxi.
1316 1790 1402 1839 Sic

335 1879 514 1915 cereos
560 1866 726 1915 rebus
771 1865 933 1915 saeris
982 1866 1215 1929 praeisse‚
1248 1866 1401 1916 disci-

336 1956 445 1992 mus
465 1957 531 1992 ex
549 1942 792 1992 Historia
807 1942 1182 1992 Ecclesiastica
1200 1944 1406 1993 sozom.

336 2019 424 2069 lib.
448 2034 582 2069 vin.
608 2034 730 2069 mox
761 2019 826 2069 ad
851 2021 1216 2082 episcoporum
1242 2021 1400 2070 hono·

338 2110 443 2145 rem
480 2095 760 2147 adhibitos.
827 2096 1196 2160 chrysostomo
1244 2104 1400 2147 ‘cum

338 2173 503 2222 coreis
526 2172 736 2222 obviam
759 2172 1002 2236 procedit
1026 2174 1246 2236 populus
1264 2174 1402 2224 Con·

341 2247 649 2313 stantinop.’
734 2242 935 2299 Theod.
982 2262 1035 2296 v.
1072 2252 1156 2298 34.
1204 2249 1401 2299 Sozom.

338 2325 445 2374 (1.1.
468 2340 678 2376 necnon
710 2325 763 2375 in
799 2325 1034 2375 conciliis
1074 2334 1304 2388 patrum,
1344 2334 1404 2377 ut

340 2403 392 2451 iu
434 2405 645 2454 Nicena
689 2416 754 2453 ιι.
833 2402 1010 2451 Hodie
1053 2401 1105 2451 in
1147 2403 1403 2455 solennib.

342 2480 647 2530 Doctorum.
705 2479 872 2542 Origo
897 2480 1127 2543 gentium
1151 2487 1261 2542 est;
1282 2495 1401 2531 nam

335 2554 486 2604 ‘Diis
521 2555 610 2604 bic
642 2555 803 2604 bonos
835 2554 1054 2617 primum
1080 2555 1247 2611 datus,
1280 2569 1400 2605 cum

339 2642 510 2678 eornm
533 2631 790 2693 imagines
815 2627 1260 2688 transferrentur,'
1287 2631 1400 2681 Cic.

341 2703 391 2754 ia
414 2705 655 2755 Verrem.
693 2705 845 2754 Bera-

401 2781 628 2845 Angusta
645 2778 880 2842 victimis]
914 2781 988 2831 Ut
1023 2781 1182 2831 moris
1218 2783 1270 2833 iu
1310 2780 1400 2831 ad·

341 2865 495 2906 ventu
542 2865 602 2906 et
656 2857 903 2920 auspiciis
957 2858 1077 2906 novi
1134 2858 1399 2922 principis,

342 2947 488 2996 quem
546 2933 668 2984 Diis
708 2932 1159 2983 commendabant.
1225 2935 1398 2985 Tacit.

340 3009 473 3062 nint.
509 3025 577 3060 ιι.
619 3015 701 3060 70.
755 3011 1085 3060 'Exstrnctis
1126 3012 1396 3070 altaribus,

339 3088 593 3152 cesisque
613 3088 851 3143 victimis,
869 3089 1065 3149 regium
1091 3087 1142 3137 in
1166 3089 1400 3151 morem,’

343 3164 554 3214 Vitellio
588 3164 786 3213 scilicet
825 3163 1159 3214 adventante.
1236 3165 1398 3228 Quid,

341 3240 473 3302 qnod
515 3242 567 3290 in
611 3240 882 3303 Caligulae,
918 3239 1233 3302 optatissimi
1271 3240 1396 3306 (beu

343 3328 485 3365 vane
506 3331 629 3381 spes
647 3316 689 3380 !)
723 3316 973 3381 principis
995 3317 1178 3381 initiis,
1206 3319 1221 3346 ‘
1242 3335 1400 3385 supra

342 3401 547 3440 centum
584 3394 860 3455 sexaginta
888 3393 1052 3442 millia
1076 3395 1398 3446 victimarum

344 3469 514 3523 cesa}
557 3468 838 3518 Suetonius
860 3467 1053 3519 tradit?
1084 3477 1139 3520 et
1161 3486 1261 3536 ego
1284 3473 1400 3537 plu-

345 3545 431 3601 ria,
454 3546 518 3594 ad
543 3546 712 3595 Taciti
733 3545 932 3594 dictum
955 3547 1140 3598 locum.
1177 3551 1316 3613 Lips.

401 3621 650 3686 Aug-ua]
705 3617 936 3677 Σεβαστᾰ
978 3626 1315 3675 veneratione
1344 3633 1401 3676 et

344 3698 643 3749 adoratione
656 3698 829 3761 digua.
845 3699 1042 3763 Xipbil.
1058 3700 1110 3749 in
1125 3702 1399 3767 Ces-Aug.

343 3773 497 3825 *dnn
509 3775 575 3825 τὸ
592 3773 875 3836 &nubtura
888 3775 967 3825 emi
981 3767 1214 3839 ἱερότατα
1227 3780 1400 3840 αὔγου-

345 3851 861 3917 σταηοσιιγορεῦοται.
880 3853 983 3904 Or.
1003 3855 1399 3906 Fast.1.‘Sanc·

344 3937 395 3979 ta
417 3937 603 3981 vocant
626 3939 850 3993 angusta
873 3939 1301 3997 patres,angusta
1315 3949 1401 3984 vo·

344 4016 530 4058 eantur
547 4007 800 4072 Templa:
821 4008 920 4059 διε.
988 4010 1235 4073 Ejusdem
1264 4013 1399 4062 noti·

345 4085 453 4133 onis
502 4082 770 4149 ‘angera’
819 4091 835 4114 ‘
854 4085 1078 4144 auctus,'
1126 4090 1143 4117 ⁸
1161 4090 1404 4147 mactus,’

348 4161 641 4218 ‘maetam'
687 4161 705 4190 ⁸
731 4165 1120 4227 magmentnm,'
1173 4166 1398 4228 σύφημισ·

350 4235 448 4296 ιώ.
514 4237 652 4288 Illud
677 4249 804 4299 ergo
829 4239 1094 4300 vulgatum
1128 4244 1280 4305 plane
1303 4241 1399 4292 fal·

351 4327 486 4377 suan
522 4314 812 4379 Augustum
837 4313 904 4364 ab
927 4318 1182 4380 ungendo,
1216 4318 1267 4369 id
1299 4327 1398 4382 est,

2414 398 2546 465 539

1483 555 1882 622 amplificando:
1907 564 1963 609 et
1984 559 2136 623 louge
2159 557 2298 608 aliud
2323 559 2471 620 illud,
2488 561 2542 612 in

1480 635 1669 685 edictis
1703 636 2108 698 imperatorum:
2145 642 2159 663 ⁸
2180 635 2400 699 Semper
2433 635 2545 686 Au·

1480 712 1699 776 gustus-²
1762 714 1876 764 Nec
1901 720 2045 764 recte
2061 713 2409 777 Engelbertus
2433 713 2545 763 Ab·

1482 791 1572 841 bas
1588 790 1922 842 Admotensis
1937 790 2002 840 de
2021 789 2158 842 Ortu
2175 799 2232 842 et
2245 791 2370 841 Fine
2389 792 2545 843 Rom.

1480 868 1620 932 Imp.
1643 883 1691 919 c.
1715 872 1795 916 18.
1820 869 2039 932 opponit
2074 868 2213 918 inter
2242 883 2299 917 se
2337 867 2543 931 Augus-

1481 951 1591 995 tum
1608 951 1664 995 et
1681 944 2114 1008 Angustum‚cum
2132 943 2224 1000 ait,
2237 943 2545 1006 ‘Imperium

1480 1020 1673 1071 debere
1706 1034 1913 1083 semper
1950 1019 2147 1084 augeri,
2187 1025 2242 1068 et
2277 1032 2545 1083 uunquam

1478 1099 1638 1149 minui
1659 1116 1672 1149 ε
1695 1100 1929 1165 adeoque
1949 1099 2322 1163 Imperatores,
2341 1104 2546 1148 coutra-

1481 1176 1611 1225 rium
1642 1175 1913 1230 facientes,
1935 1187 2035 1222 uon
2059 1173 2348 1236 Augustos,
2366 1172 2431 1223 ab
2452 1188 2544 1223 au·

1480 1252 1671 1317 gendo,
1689 1252 1780 1302 sed
1809 1252 2091 1314 Angustos,
2122 1251 2189 1300 ab
2222 1248 2543 1313 angustando

1481 1330 1610 1379 fines
1646 1329 1861 1393 Imperii
1897 1328 2134 1384 Romani.
2169 1342 2321 1392 posse.
2360 1328 2544 1391 appel-

1479 1405 1616 1455 lari!
1682 1406 1815 1455 Haec
1839 1404 2018 1455 docuit
2052 1420 2135 1455 me
2165 1405 2294 1454 clar.
2318 1404 2546 1467 Berueg.

1480 1489 1608 1532 nota
1627 1480 1679 1530 in
1705 1470 1997 1545 Augustum
2022 1481 2232 1530 sueton.
2250 1494 2297 1530 c.
2313 1484 2363 1529 7.
2385 1478 2540 1529 Adde

1479 1558 1728 1622 Dempst.
1750 1557 1923 1606 Rosin.
1943 1560 2090 1620 p.92.
2122 1557 2247 1607 Dio.
2271 1560 2520 1608 ult-581.

1543 1634 1766 1698 Angusta
1807 1633 2016 1682 uictimis
2055 1630 2252 1694 cuncto]
2299 1632 2542 1697 Legimus

1478 1711 1562 1761 hic
1587 1712 1737 1762 modo
1759 1714 1981 1772 angusta,
2005 1707 2157 1759 modo
2172 1713 2391 1770 augusta.
2436 1708 2542 1759 Ac-

1482 1797 1589 1839 tum
1615 1803 1739 1840 vero
1758 1801 1982 1853 agerem,
2004 1787 2046 1835 si
2070 1785 2345 1836 cumulatis
2366 1791 2545 1836 osten-

1478 1869 1654 1916 derent
1679 1866 1948 1929 exemplis,
1985 1879 2136 1928 quam
2173 1878 2312 1927 saepe
2347 1863 2427 1912 bae
2454 1877 2543 1912 vo·

1476 1957 1564 1993 ces
1588 1943 1639 1993 iu
1657 1941 1881 2006 antiquis
1897 1939 2164 1990 codicibus
2180 1940 2319 1991 iuter
2332 1953 2388 1993 se
2403 1953 2543 1989 com-

1477 2025 1759 2069 mutentur.
1828 2017 2088 2067 Utrolibet
2122 2032 2222 2066 vox
2257 2017 2339 2066 bic
2371 2016 2541 2065 locum

1475 2095 1666 2144 habere
1706 2109 1857 2158 posse
1896 2094 2119 2142 videtur.
2184 2093 2276 2142 Uti
2312 2093 2448 2142 euim
2486 2097 2543 2141 et

1475 2188 1575 2221 ora
1597 2172 1725 2236 ipsae
1751 2170 1908 2232 infra,
1941 2185 2035 2221 ur.
2063 2175 2110 2220 1.
2130 2170 2375 2220 dicuntur
2407 2171 2423 2199 ⁴
2451 2185 2543 2218 au-

1476 2258 1643 2312 gustae
1664 2247 1699 2310 ς’
1735 2250 1806 2297 ita
1836 2249 1950 2297 loca
1972 2260 2174 2311 quoque
2212 2247 2314 2296 aris
2342 2246 2543 2311 pariter

1475 2332 1632 2387 atque
1673 2324 1894 2372 victimis
1939 2324 2093 2383 plena
2141 2330 2284 2369 recte
2324 2328 2543 2383 possunt

1473 2404 1682 2463 augusta
1709 2398 1898 2460 vocari,
1928 2397 1962 2445 i.
1982 2411 2030 2446 e.
2062 2401 2262 2457 sancta,
2296 2403 2351 2444 et
2387 2410 2543 2446 vene-

1475 2478 1679 2527 ratione
1704 2476 1879 2539 digna.
1946 2475 2036 2524 Sic
2073 2474 2303 2538 loquitur
2340 2475 2542 2527 Lucan.

1475 2568 1600 2604 vni.
1622 2557 1736 2602 861.
1760 2559 1775 2581 ‘
1794 2550 2084 2615 Augustius
2106 2550 2209 2599 aris
2228 2565 2408 2600 saxum
2426 2550 2461 2602 :’
2485 2560 2543 2602 et

1476 2630 1724 2693 Propert.
1758 2640 1833 2677 iv.
1869 2632 1919 2677 6.
1955 2630 2038 2676 23.
2090 2632 2106 2657 ·
2146 2626 2284 2676 Hinc
2321 2632 2543 2691 augusta

1478 2707 1623 2763 ratis,
1648 2705 1812 2770 plenis
1834 2704 1981 2756 Jovis
2011 2702 2184 2752 omine
2208 2701 2369 2751 velis:
2433 2702 2540 2753 Sed

1476 2790 1530 2833 et
1553 2787 1757 2845 angusta
1779 2786 1945 2832 cuncta
1961 2779 2171 2830 victimis
2186 2779 2288 2828 dici
2309 2784 2543 2842 possunt.

1476 2860 1564 2909 ubi
1590 2858 1759 2909 omnia
1789 2860 1904 2908 loca
1939 2855 2189 2906 sitatibus
2211 2853 2540 2917 victimisquo

1472 2944 1594 2986 sunt
1609 2938 1832 3000 repleta,
1848 2942 1906 2984 ut
1925 2933 2012 2983 vix
2030 2933 2113 2982 via
2126 2937 2337 2995 pateat;
2360 2944 2541 2994 quem·

1474 3013 1749 3063 admodum
1784 3013 1895 3061 haec
1935 3010 2067 3059 bene
2100 3007 2334 3070 explicat
2380 3005 2540 3056 Arut-

1477 3092 1672 3141 zeuius.
1739 3090 1827 3139 Sic
1850 3087 2006 3138 etiam
2033 3086 2223 3136 Catuli.
2253 3098 2402 3133 nxw.
2424 3088 2542 3135 ³55.

1473 3168 1628 3230 dixit,
1673 3168 1812 3216 ‘iter
1846 3164 1994 3214 caesis
2039 3167 2318 3226 angustare
2358 3174 2541 3224 corpo-

1475 3259 1584 3293 rum
1624 3239 1858 3292 acervis!
1921 3240 2031 3288 Diu
2071 3237 2324 3297 haemmi,
2368 3242 2540 3287 utram

1474 3335 1721 3385 sequerer
1744 3319 2038 3369 lectionem.
2102 3314 2337 3365 Tandem
2358 3330 2438 3363 me
2463 3315 2540 3363 in-

1475 3396 1627 3447 duxit
1655 3396 1974 3459 potissimum
2011 3407 2287 3444 cousensus
2316 3393 2540 3455 plurium

1474 3474 1722 3523 librorum
1741 3478 1994 3531 veterum,
2019 3478 2096 3530 ut,
2116 3484 2231 3518 cum
2252 3468 2541 3518 Arntzenio

1477 3551 1627 3601 modo
1651 3549 1881 3609 laudato,
1903 3548 2147 3608 eligerem
2171 3552 2395 3609 angusto.
2449 3547 2539 3596 Ita

1476 3629 1613 3678 enim
1650 3628 1746 3676 hoc
1778 3624 2075 3675 vocabulum
2117 3623 2371 3687 scriptum
2406 3623 2538 3686 legi-

1476 3714 1560 3756 tur
1604 3707 1655 3755 in
1683 3704 1971 3754 'codicibus
2009 3702 2298 3758 Vaticanis,
2344 3699 2542 3751 Parisi-

1474 3783 1606 3838 ensi.
1633 3779 2031 3842 salisburgensi,
2055 3777 2540 3842 Guelpberbytano,

1474 3868 1532 3908 et
1576 3871 1708 3905 meo.
1796 3855 2029 3904 Venetus
2082 3854 2262 3902 babuit
2316 3852 2538 3916 primum

1471 3940 1676 3996 augusta
1701 3949 1720 3991 ‚⁸
1769 3931 1859 3981 sed
1905 3931 2118 3993 antiqua
2163 3942 2315 3977 manu
2359 3943 2541 3993 super.

1473 4012 1724 4074 scriptum
1758 4015 1837 4057 est
1870 4011 2095 4069 avaegusta.
2162 4006 2356 4055 Eadem
2382 4006 2540 4054 lectio

1474 4095 1624 4138 extat
1675 4088 1728 4135 in
1773 4084 1917 4133 libris
1961 4081 2170 4133 excusis
2216 4082 2432 4131 Livineii
2473 4094 2536 4130 ac

1474 4164 1710 4215 Gruteri.
1796 4163 1865 4211 Et
1904 4158 2027 4225 quid
2066 4159 2248 4208 mirum
2287 4166 2387 4216 est,
2428 4165 2538 4207 tum

1471 4250 1661 4291 cuncta
1685 4237 1905 4288 victimis
1921 4243 2141 4297 angusta
2162 4232 2261 4281 dici
2286 4234 2539 4295 potuisse,

1474 4331 1591 4368 cum
1615 4330 1717 4366 non
1742 4326 1998 4377 nunquam
2018 4311 2071 4360 iu
2095 4308 2323 4360 adventu
2343 4310 2539 4372 ingres-
