3060 4902
760 345 826 396 c,
873 344 1118 393 PLtNtt
1170 346 1494 395 sentium
1551 346 1827 399 pauno.
1903 350 1949 397 ι.
1980 336 2090 401 70.

323 486 445 552 quid
492 487 684 549 agam?
727 518 744 536 .
776 519 792 534 .
835 487 1045 543 Nescis.
1087 485 1148 553 (i.
1188 502 1238 538 e.
1282 503 1383 538 non

322 563 497 628 vides)
520 567 639 625 lien,
665 565 893 627 perdita.
926 565 1144 614 necdum
1171 566 1383 615 Laome·

319 641 525 691 donteae
550 642 711 690 sentis
737 642 964 704 perjuria
988 643 1194 705 gentis?
1244 642 1382 693 Quid

321 719 469 769 tum?
536 718 655 768 Sola
699 716 818 779 fuga
862 728 1049 767 nautas
1093 718 1383 767 comitabor

320 795 574 852 ovantes:
597 798 696 845 &m
734 796 965 845 Tertium
987 797 1282 858 exemplum
1307 794 1382 845 af·

320 872 427 922 fert
473 888 540 922 ex
583 874 697 923 Cic.
746 887 840 936 pro
881 873 1089 922 Cluent.
1147 888 1262 936 cap.
1303 876 1384 923 26.

322 951 578 1002 Quartum
624 964 688 998 ex
729 950 957 1012 ejusdem
1006 949 1117 999 Cic.
1155 950 1304 999 verr.
1342 964 1381 999 ι.

320 1034 337 1058 ‘
358 1028 412 1077 Si
438 1028 631 1092 populo
656 1028 945 1087 redimitur,
970 1028 1090 1076 mibi
1118 1028 1293 1091 praeda
1316 1029 1381 1077 de

318 1105 555 1154 manibus
570 1105 809 1168 eripitur.
854 1104 1004 1155 Quod
1023 1114 1100 1152 est
1126 1105 1285 1167 igitur
1304 1119 1381 1153 re·

320 1180 584 1231 medium?
627 1181 778 1232 Quod
795 1179 830 1229 Β·
872 1181 1036 1229 Simili
1056 1184 1255 1231 ratione
1277 1182 1381 1231 Pli-

320 1258 436 1306 nius
471 1256 624 1322 fingit
657 1255 883 1321 facitque
915 1259 1195 1306 Romanum
1220 1273 1380 1322 quen·

318 1334 459 1391 dam,
496 1347 617 1384 ante
650 1342 882 1397 tempora
912 1334 1118 1398 Trajani
1141 1349 1254 1384 cnm
1279 1337 1382 1384 alio

316 1409 689 1474 disputantem,
718 1424 839 1459 num
872 1412 969 1459 sub
994 1412 1228 1474 principe
1251 1411 1381 1461 duro

319 1488 572 1552 expediat
617 1489 813 1537 ambire
869 1494 924 1537 et
979 1503 1247 1552 capessere
1293 1491 1380 1538 lio·

319 1578 474 1616 nores
493 1564 759 1629 publicos3
783 1565 870 1630 qni
887 1567 1093 1614 tandem
1115 1575 1231 1630 post
1256 1567 1379 1614 mul·

320 1650 427 1692 tam
449 1643 840 1705 cogitationem,
871 1643 1015 1707 quasi
1038 1658 1103 1691 ex
1137 1642 1380 1705 abrupto,

319 1721 378 1770 in
398 1721 513 1769 hoec
549 1720 705 1769 verba
734 1729 990 1784 erumpat.
1036 1720 1180 1769 Vides
1214 1718 1380 1770 euim!

317 1798 354 1847 i.
377 1811 427 1846 e.
449 1798 584 1847 nosti
609 1798 762 1853 euim,
798 1798 925 1858 sive,
951 1811 1049 1846 non
1075 1799 1258 1859 nescis,
1278 1801 1376 1846 &c-

318 1877 463 1941 qnasi
487 1883 543 1924 et
568 1875 829 1925 Romanus
867 1875 968 1923 iste
1005 1882 1158 1923 antea
1178 1876 1252 1923 sic
1274 1874 1378 1923 dis·

316 1953 575 2003 seruerit:
612 1954 718 2003 Cur
739 1952 960 2002 ambiam
993 1960 1266 2015 petamque
1289 1952 1375 2000 110-

319 2044 470 2079 nores
492 2029 727 2093 publicos
749 2029 768 2076 ?
823 2029 963 2078 Nihil
984 2042 1116 2077 nunc
1139 2028 1376 2091 prodest,

319 2106 547 2156 fideliter
609 2105 757 2170 fungi
823 2107 1140 2154 muneribus.
1234 2105 1378 2155 Vides

316 2183 463 2244 enini,
507 2189 564 2231 et
598 2185 751 2246 nosti,
791 2182 956 2230 nullas
1000 2181 1207 2244 agnosci
1245 2196 1375 2245 prie-

315 2261 534 2325 miisque
556 2263 726 2308 ornari
753 2261 990 2321 virtutes,
1012 2261 1150 2308 nulla
1173 2261 1376 2316 merita.

315 2340 413 2387 &c-
479 2337 724 2387 Ceterum
768 2336 1244 2393 animadvertimus,
1290 2351 1376 2385 ve·

317 2424 479 2478 teres,
501 2429 609 2464 rem
632 2414 966 2478 inopinatam,
999 2428 1089 2463 seu
1120 2428 1375 2476 magnam,

316 2506 436 2542 enm
498 2492 835 2541 admiratione
888 2498 1178 2550 narrantes,
1238 2504 1375 2553 saepe

315 2570 509 2619 dixisse
529 2574 546 2598 ‘
562 2567 695 2617 Vide
717 2567 749 2615 l’
787 2583 828 2615 v.
848 2583 897 2632 g.
916 2568 1132 2616 Terent.
1152 2566 1372 2631 Adelph.

316 2660 385 2699 n.
404 2652 554 2698 220.
586 2650 602 2676 ⁸
629 2646 677 2696 Ο
702 2646 930 2696 scelera!
983 2646 1115 2694 Illud
1148 2647 1283 2706 vide,
1320 2653 1378 2695 ut

315 2723 371 2774 in
412 2725 528 2788 ipso
572 2723 794 2772 articulo
839 2720 1131 2784 oppressit!
1185 2723 1375 2771 Coelius

317 2801 459 2865 apud
483 2801 596 2851 Cic.
619 2801 764 2849 Fam.
787 2813 906 2848 vin.
930 2804 978 2847 2.
1012 2802 1027 2826 ⁴
1051 2798 1183 2847 Vide
1205 2800 1376 2856 modo,

316 2877 523 2943 inquit-⁹
571 2878 680 2927 cic.
728 2878 872 2927 Fam.
916 2889 1033 2925 xvi.
1077 2882 1125 2922 5.
1166 2877 1182 2903 ⁸
1222 2875 1377 2939 Vide,

315 2962 507 3019 quanta
533 2957 583 3002 in
604 2962 656 3002 te
678 2951 1016 3002 sitsuavitas.'
1049 2952 1186 3000 Pliu.
1205 2953 1376 3016 Epist.

317 3049 357 3085 ι.
380 3041 430 3085 6.
461 3034 676 3089 ‘Vides,
711 3033 844 3097 qnod
870 3033 1178 3096 periculum,
1214 3032 1256 3080 si
1294 3047 1372 3080 re·

314 3112 639 3179 spondissem
665 3110 831 3162 bene!
871 3112 1019 3161 Idem.

389 3191 536 3240 Vides
567 3191 715 3255 enim]
773 3190 1062 3254 Ethopoeia,
1096 3203 1246 3253 quam
1286 3203 1370 3238 vo·

316 3274 461 3316 cant.
496 3266 631 3330 Lipn.

383 3342 577 3392 Seietne
597 3343 762 3391 Coesnr
774 3339 821 3406 22]
853 3340 1187 3403 Puteolanus,
1209 3342 1371 3391 Bero-

315 3417 483 3481 aldus,
502 3426 557 3468 et
581 3432 716 3467 nunc
739 3416 1067 3471 Arntzenius,
1086 3417 1196 3466 liaec
1214 3420 1370 3468 verba

315 3498 392 3547 sic
413 3498 648 3559 edidere,
682 3496 741 3546 Si
772 3497 886 3559 quid
918 3497 1031 3544 bene
1049 3495 1230 3554 secero,
1253 3498 1370 3548 sciet

318 3575 520 3624 Cesar?
536 3580 640 3637 «stt,
660 3574 704 3622 si
719 3575 906 3633 scierit,
928 3574 1241 3622 testimonium
1263 3579 1370 3625 red·

310 3654 427 3703 deu
472 3653 535 3703 In
557 3668 661 3719 qua
683 3655 906 3703 lectione
934 3654 1245 3703 Arntzenius
1268 3658 1370 3704 sin·

313 3731 546 3795 gularcm
602 3734 837 3795 agnoscit
891 3732 1216 3795 elegantiam.
1303 3735 1372 3784 Et

311 3823 439 3859 sane
476 3810 692 3859 eandem
727 3823 902 3859 omnes
942 3812 1146 3859 omuino
1188 3811 1370 3875 reliqui

311 3884 524 3935 codices
566 3885 695 3935 Mas.
740 3900 866 3949 quos
924 3887 1190 3934 consulere
1251 3888 1372 3936 mibi

307 3963 551 4027 contigit,
570 3962 894 4012 confirmant.
940 3964 1116 4013 Ceteri
1139 3964 1256 4011 libri
1281 3979 1370 4012 ex·

309 4042 420 4091 ensi
440 4042 667 4091 antehac
697 4041 747 4089 in
781 4049 1082 4105 sequentem
1106 4042 1368 4103 conspira-

2390 337 2524 404 915

1456 504 1611 540 onem
1664 506 1764 542 non
1821 492 2132 557 simpliciter
2180 493 2521 558 rejiciendam

1458 577 1605 630 puto.
1673 569 1828 622 Quod
1868 572 1910 620 si
1941 573 2076 620 enim
2102 585 2164 620 ea
2188 572 2270 621 vel
2294 574 2520 624 maxime

1460 660 1562 693 non
1583 645 1766 706 ἀμέσως
1787 645 1997 696 fluxerit
2018 662 2083 696 ex
2101 647 2301 696 calamo
2326 648 2482 698 Plinii
2502 666 2521 711 5

1459 720 1569 784 ejus
1605 731 1777 771 tamen
1825 725 2131 771 sententiam
2179 723 2361 786 refert,
2405 739 2522 789 qno

1459 799 1592 847 latet
1631 801 1680 846 in
1716 814 1776 848 ea
1806 800 1939 863 ipsa.
1968 814 2119 862 quam
2145 814 2282 849 nunc
2306 800 2523 866 adscivi,

1457 876 1842 940 emendatione,
1864 878 1907 925 si
1930 877 2049 926 huic
2073 877 2279 941 quidem
2303 875 2519 938 figuram

1457 949 1753 1014 ἐρωτήματος
1776 953 2045 1003 demseris.
2115 954 2249 1003 Quia
2274 968 2398 1002 vero
2429 968 2520 1003 ex-

1457 1028 1649 1091 istimo,
1696 1039 1773 1079 tot
1831 1030 2065 1079 residuos
2121 1031 2329 1079 codices
2387 1029 2519 1079 Mss-

1455 1118 1557 1153 non
1576 1105 1808 1162 fortuito.
1833 1121 1927 1156 nec
1947 1105 2158 1168 frustra,
2183 1117 2284 1156 tam
2306 1106 2519 1157 mirifice

1455 1181 1510 1231 in
1554 1182 1635 1231 his
1689 1185 1860 1232 verbis
1899 1184 2252 1247 exprimendis
2302 1199 2519 1234 consen·

1454 1259 1587 1319 tire3
1612 1274 1786 1308 eorum
1806 1260 1999 1312 iudicia
2020 1269 2228 1310 secutus
2249 1261 2519 1312 subscribo

1457 1332 1756 1397 Arntzenio‚
1790 1345 1945 1400 atque
1981 1338 2177 1400 recipio
2207 1339 2517 1388 sententiam

1457 1425 1551 1475 per
1574 1410 1789 1473 ἐρώτημα
1809 1420 2127 1469 exornatam,
2160 1427 2375 1477 eamque
2408 1415 2517 1462 dia·

1455 1487 1671 1548 logismo
1695 1489 1931 1551 apprime
1955 1490 2371 1539 convenientem.
2422 1489 2516 1552 At,

1456 1566 1690 1629 quamvis
1726 1566 1858 1614 haiid
1897 1567 2147 1630 ignorem,
2183 1581 2334 1631 posse
2358 1569 2518 1616 etiarn

1455 1642 1671 1703 ἐρώτημα
1722 1642 1854 1698 fieri,
1922 1644 2006 1692 ubi
2064 1644 2203 1693 desit
2260 1645 2518 1706 particula

1453 1718 1707 1778 ὴκλιτικὴ
1728 1735 1806 1778 ne,
1824 1727 1915 1768 aut
1939 1721 2057 1780 alia,
2083 1734 2199 1782 quae
2220 1718 2417 1769 serviat
2441 1721 2517 1769 in-

1453 1796 1814 1858 terrogationi;
1839 1811 1888 1845 v.
1907 1811 1955 1860 g.
1975 1797 2187 1848 Terent.
2215 1796 2410 1846 Heant.
2433 1809 2522 1846 ιιι.

1455 1877 1498 1921 1.
1521 1876 1603 1922 80.
1639 1874 1654 1900 ‘
1678 1873 1877 1936 Prosit,
1917 1873 2088 1935 obsit3
2127 1873 2254 1923 nibil
2292 1873 2514 1935 videns,’

1452 1951 1484 1998 i.
1509 1964 1556 1998 e.
1592 1951 1844 2014 prositne,
1880 1965 1945 2000 an
1968 1950 2134 2012 obsit;
2167 1951 2326 2000 nihilo
2351 1951 2517 2001 minus

1452 2034 1627 2076 tamen
1684 2027 1821 2076 illam
1880 2027 2043 2090 ipsam
2090 2028 2403 2090 particulam
2457 2043 2517 2077 ne

1451 2102 1611 2151 verbo
1630 2103 1747 2150 sciet
1771 2101 2154 2164 adjungendam
2174 2103 2317 2163 duxi,
2339 2113 2396 2152 ut
2423 2102 2517 2153 fiat

1448 2179 1657 2238 reiecti&
1691 2179 1927 2241 primum,
1958 2179 2079 2242 quia
2116 2179 2391 2227 verisimile
2413 2188 2513 2236 est.

1450 2271 1479 2305 e
1520 2256 1925 2318 transpositione
1965 2256 2107 2303 verbi
2146 2266 2200 2304 et
2246 2255 2514 2318 particula

1453 2336 1597 2383 istius
1641 2344 1945 2397 prognatum
1986 2347 2100 2382 esse
2151 2335 2344 2394 nesciet,
2378 2335 2515 2399 qnod

1450 2413 1502 2462 in
1541 2419 1644 2462 tam
1681 2412 1850 2462 multis
1874 2410 2016 2460 libris
2039 2418 2271 2474 prostat3
2305 2412 2518 2474 deinde,

1450 2491 1572 2556 qnia
1603 2491 1865 2540 sententia
1896 2489 2218 2552 ἑρσνηιματικὴ
2249 2491 2326 2540 sic
2350 2493 2515 2543 multo

1452 2572 1687 2622 redditur
1721 2570 1933 2632 clarior,
1973 2586 2124 2636 quam
2150 2572 2193 2620 si
2220 2573 2381 2621 omnis
2406 2589 2518 2637 par·

1451 2649 1611 2697 ticula
1646 2648 1996 2709 interrogandi
2029 2650 2317 2698 omittatur.
2384 2650 2515 2700 Cum

1452 2740 1575 2775 vero
1615 2725 1666 2773 in
1711 2725 2050 2789 sequentibus
2090 2726 2282 2781 verbis,
2322 2731 2427 2785 nul,
2469 2729 2516 2778 ει·

1446 2804 1629 2865 scierit,
1655 2818 1748 2867 pro
1782 2804 2036 2866 particula
2060 2802 2377 2866 disjunctiva
2411 2812 2515 2870 ant,

1450 2881 1552 2931 duo
1585 2881 1790 2930 codices
1823 2882 1949 2929 Μαι.
1988 2881 2289 2929 parisiensis
2310 2895 2515 2945 nempe,

1450 2967 1506 3008 et
1543 2959 1779 3006 Venetus
1805 2960 1851 3004 l.
1887 2956 2014 3004 satis
2062 2955 2331 3004 commode
2371 2958 2515 3005 exbi-

1451 3037 1609 3083 beant
1646 3033 1885 3093 copulam
1925 3036 2007 3088 et;
2041 3031 2166 3079 nihil
2205 3039 2377 3079 tamen
2402 3032 2511 3094 jam

1450 3119 1612 3159 muto.
1692 3108 1959 3169 Ceterum,
2018 3120 2112 3169 pro
2164 3105 2323 3155 verbo
2375 3109 2514 3171 sciet,

1450 3186 1745 3238 Cratander
1801 3186 2025 3250 quidem,
2090 3183 2373 3249 Gryphius,
2437 3187 2516 3235 si.

1449 3269 1692 3323 einardus,
1738 3268 2123 3328 Berueggcrus,
2162 3271 2217 3313 et
2258 3263 2514 3330 Hackius,

1448 3347 1664 3397 edidere
1701 3345 1882 3394 nesciat
1901 3360 1920 3401 ,·
1953 3343 2086 3391 lianc
2121 3350 2295 3391 tamen
2328 3343 2511 3392 lectio·

1449 3439 1565 3473 uem
1609 3438 1671 3471 ne
1713 3421 1919 3487 quidem
1957 3420 2180 3483 vulgatae
2226 3433 2512 3483 congruen-

1450 3510 1553 3552 tem
1580 3515 1821 3565 ngnosco.
1887 3500 2072 3563 Neque
2096 3498 2193 3547 sibi
2219 3508 2425 3548 constat
2448 3515 2513 3550 ea

1451 3580 1695 3634 varietas,
1735 3593 1851 3642 quae
1877 3577 1928 3626 in
1954 3576 2256 3639 Cuspininni
2288 3583 2345 3625 et
2376 3577 2513 3626 Rlie-

1449 3660 1569 3707 nani
1627 3657 1941 3707 editionibus
1991 3656 2238 3716 occurrit,
2294 3656 2354 3706 Sa·
2394 3658 2510 3720 quid

1449 3737 1562 3785 bene
1582 3736 1764 3797 secero,
1794 3735 1968 3783 nesciet
1996 3735 2178 3789 Coesnr,
2212 3737 2314 3794 aut,
2348 3734 2392 3781 si
2419 3732 2513 3782 sci·

1446 3814 1559 3867 erit,
1612 3813 1933 3862 testimonium
1987 3811 2168 3859 reddet.
2246 3808 2513 3857 Particula

1447 3891 1585 3938 enim
1606 3904 1718 3951 non,
1740 3898 1863 3937 ante
1888 3886 2097 3935 verbum
2114 3885 2280 3933 reddet
2302 3884 2510 3939 omissa,

1448 3982 1548 4016 non
1575 3967 1818 4015 convenit
1855 3978 1971 4013 cum
2001 3962 2226 4011 lectione
2263 3961 2511 4024 vulgata3

1444 4043 1653 4106 oblique
1679 4049 1851 4090 tamen
1874 4038 2179 4100 comprobat
2200 4036 2509 4097 scripturam

310 4127 436 4168 runt
475 4120 772 4174 lectionem,
807 4118 868 4168 Si
903 4119 1018 4182 quid
1052 4118 1163 4167 bene
1187 4119 1369 4182 secero,
1437 4122 1545 4182 Jam
1573 4119 1882 4176 restitutam,
1908 4116 2026 4162 dum
2052 4113 2235 4172 innuit,
2256 4126 2368 4160 eam
2387 4126 2508 4176 par·

306 4198 484 4246 nesciet
512 4197 677 4244 Coesnr
698 4212 716 4252 ,-
750 4201 850 4252 συὶ,
885 4196 929 4243 si
956 4196 1138 4257 scierit,
1159 4199 1369 4245 testimo-

306 4276 553 4324 ninam
575 4275 755 4324 reddet.
820 4274 986 4325 Quam
1018 4281 1189 4324 tamen
1223 4276 1367 4324 lecti·

1447 4197 1655 4245 ticulam
1684 4195 1841 4243 etiam
1865 4192 2090 4241 defuisse
2116 4189 2362 4252 antiquis,
2394 4191 2508 4255 qui.

1447 4274 1541 4323 bus
1587 4270 1930 4335 Cuspinianus
1984 4276 2038 4317 et
2097 4265 2375 4317 Rhenanus
2426 4269 2505 4318 usi
