3060 4902
462 418 595 485 458

465 578 666 630 Noster
702 584 886 640 aperte
925 574 1061 625 infra
1103 575 1439 640 ‘juventam’
1481 576 1534 626 el

467 655 673 707 tribuit.
691 654 829 718 Lips-

531 730 802 782 festinatis
825 728 1077 780 senectutis
1110 728 1399 792 insignibus]
1434 728 1533 779 Ca·

464 808 616 868 uitie,
647 822 760 872 quae
800 816 989 855 natura
1023 807 1329 855 honoratum
1354 806 1537 870 praeci·

464 898 583 949 puae
619 883 892 948 dignitatis
934 881 1240 946 symbolum.
1295 882 1537 932 Panchai.

466 962 658 1012 Coron.
698 974 738 1010 ι.
777 966 825 1008 5.
896 959 1014 1009 Hoc
1054 973 1179 1022 ergo
1219 967 1347 1008 ante‘
1376 958 1535 1017 diem,

465 1037 587 1087 Diis
633 1036 687 1088 id
733 1036 1032 1099 agentibus,
1073 1035 1214 1098 apud
1251 1034 1533 1097 Trajanum

465 1122 582 1168 erat
604 1115 905 1165 festinatum
927 1114 946 1163 ἓ
980 1129 1043 1162 an
1069 1114 1242 1177 potius
1277 1111 1343 1162 eis
1360 1111 1536 1162 πολιὰς

464 1190 734 1243 σπεύδοντα
764 1200 921 1241 vocat
960 1189 1201 1240 laudator
1223 1188 1533 1252 ἐσπαρμένον.

469 1268 629 1321 Bet-n.

530 1348 697 1409 Longe
717 1345 926 1409 lateque]
946 1346 961 1373 ‘
977 1346 1093 1396 Tua
1115 1344 1225 1395 baec
1248 1344 1411 1396 forma
1448 1361 1533 1397 ve-

466 1424 731 1485 nerabilis,
754 1438 904 1488 qnam
931 1423 1082 1486 longe
1102 1423 1313 1486 lateque
1332 1423 1537 1487 conspi-

468 1515 567 1551 cua
591 1498 919 1549 commendat
941 1501 1214 1563 imperium
1237 1498 1269 1548 l’
1289 1499 1537 1550 Imitatur

464 1576 618 1640 liujus
632 1577 731 1626 loci
747 1574 930 1625 Pacat.
952 1575 1150 1641 Paneg.
1173 1590 1220 1627 c.
1237 1589 1315 1626 vt.
1333 1575 1535 1625 Theod.

471 1654 626 1704 Idem.

529 1730 697 1791 Longe
731 1727 942 1792 lateque]
980 1728 1225 1778 Latinum
1274 1728 1533 1779 Pacatum

464 1807 521 1858 in
558 1806 887 1870 Panegyrico
915 1805 1209 1854 Theodosio
1234 1806 1529 1868 imperatori

466 1883 632 1946 dicto,
667 1898 785 1947 cap.
803 1889 852 1932 6.
896 1884 1031 1933 hunc
1067 1884 1236 1932 locum
1274 1884 1534 1934 imitatum

466 1973 601 2015 esse,
631 1959 744 2023 jam
777 1960 1124 2009 observarunt
1162 1959 1442 2008 Catanaeus
1478 1967 1536 2010 et

465 2034 717 2087 Baudius.
802 2037 991 2086 ‘Velut
1033 2035 1160 2092 tua,’
1210 2036 1379 2101 iuquit
1426 2035 1534 2099 ille,

465 2113 483 2140 ‘
505 2113 621 2162 ltaec
644 2111 810 2162 forma
834 2114 1162 2175 venerabilis,
1188 2128 1342 2180 quam
1365 2111 1534 2163 fortu-

464 2200 546 2239 nae
563 2202 669 2238 sun
694 2205 788 2253 par
808 2191 919 2240 estl
957 2204 1112 2254 quam
1145 2191 1301 2252 louge
1320 2189 1533 2254 lateque

464 2265 747 2329 conspicua
809 2265 1137 2316 commendat
1183 2264 1457 2331 imperium
1485 2262 1536 2314 l’

466 2339 710 2391 Schmun-z.

531 2417 807 2483 Principem
858 2418 1123 2483 ostentant]
1188 2417 1366 2483 Atque
1407 2418 1533 2485 ipsis

468 2494 625 2544 etism
661 2495 916 2559 bostibus,
959 2497 1047 2560 qui
1091 2496 1168 2561 (in
1209 2497 1413 2562 Dione)
1447 2500 1537 2557 τῆς

466 2573 637 2622 πολιᾶς
670 2572 815 2620 αὐτοῦ
853 2571 911 2620 τὸ
944 2573 1138 2636 γαῦρον,
1174 2572 1252 2621 καὶ
1283 2573 1340 2622 τὸ
1365 2591 1535 2634 σεμνο-

466 2647 643 2711 τρσὲς
673 2650 761 2697 τοῦ
792 2646 1042 2711 «poneba-ov
1079 2647 1276 2714 ἰδόντες,
1300 2649 1532 2710 §nertin-11·

468 2741 562 2775 σαν
582 2723 715 2788 εἶναι,
744 2724 796 2775 ὅς
815 2724 892 2784 ἦν.
949 2726 1163 2776 Οιιιιίεὶει·
1185 2729 1285 2789 ejm
1313 2730 1535 2779 letitiam

465 2804 740 2870 conspicati,
755 2809 802 2855 et
816 2805 975 2854 uultus
988 2808 1295 2872 mnjestaterm
1306 2810 1538 2874 suspicati

470 2889 582 2932 sant
604 2898 719 2943 esse,
742 2884 825 2947 qai
845 2889 968 2932 erut.
1002 2883 1145 2946 Lips.

535 2960 671 3010 Cst’.
694 2974 749 3010 v.
822 2961 962 3009 Bella
995 2960 1183 3026 civilia]
1218 2963 1293 3013 Ut
1332 2963 1536 3028 Augus·

470 3042 602 3094 tum.
626 3037 720 3101 qui
757 3045 948 3088 cuncta
984 3035 1259 3088 discordiis
1296 3040 1537 3092 civilibus

469 3110 630 3177 fessa,
643 3114 846 3162 nomine
871 3113 1123 3177 principis
1143 3116 1238 3164 sub
1261 3115 1534 3180 imperium

469 3189 692 3251 accepit.
756 3189 931 3240 Tacit.
952 3188 1089 3241 Aun.
1111 3204 1149 3238 ι.
1167 3195 1245 3242 14.
1269 3198 1324 3241 et
1340 3193 1536 3258 Vespa·

467 3265 685 3330 sianum,
705 3267 853 3315 Suet.
874 3280 921 3315 c.
941 3271 983 3315 1.
1025 3266 1176 3316 Bern.

537 3343 649 3392 Νοιι
694 3342 813 3392 bella
852 3342 1040 3406 civilia]
1096 3342 1169 3391 Ut
1212 3343 1330 3392 olim
1376 3344 1439 3394 C.
1478 3344 1534 3397 J.

471 3419 752 3479 Caesarem,
785 3417 1096 3481 Augustum,
1120 3418 1400 3484 Othonem,
1436 3420 1534 3470 Vi·

469 3496 688 3546 tellium.
721 3496 942 3545 Paean-01.

532 3572 651 3621 Pax
670 3577 718 3621 et
740 3569 953 3636 adoptio]
977 3572 1105 3621 Haec
1123 3571 1279 3622 lectio
1305 3578 1385 3621 est
1407 3586 1534 3636 qua·

470 3655 591 3701 tuor
633 3648 871 3698 codicum
918 3648 1049 3697 Mss.
1095 3648 1219 3697 item
1265 3648 1533 3705 Beroaldi,

469 3724 793 3789 cuspiniani,
817 3723 1065 3786 Grypbii,
1099 3723 1359 3783 sichardi,
1395 3723 1532 3775 Livi·

468 3803 598 3865 neii,
637 3801 874 3861 Gruteri‚
921 3807 976 3850 et
1014 3799 1205 3863 aliquot
1243 3800 1532 3849 recentium

469 3878 767 3938 editorum;
822 3891 939 3926 cum
997 3875 1294 3933 catenatus,
1347 3876 1535 3939 Aldus,

467 3956 652 4011 Juuta‚
692 3954 993 4014 Rhenanus,
1030 3953 1305 4018 Stephani,
1328 3961 1383 4004 et
1419 3955 1533 4021 qni·

468 4033 589 4082 dam
633 4030 740 4092 alii,
792 4043 885 4093 pro
938 4030 1188 4094 adoptione
1221 4031 1534 4082 extenderint

467 4106 710 4171 adoptatio
725 4122 743 4165 ,-
761 4105 842 4155 cui
868 4119 991 4155 vero
1011 4107 1126 4155 voci
1150 4107 1336 4158 merito
1360 4107 1530 4160 dicam

467 4186 702 4237 scribunt
724 4183 912 4232 critici.
942 4181 1188 4232 Sciam.

536 4258 778 4323 Exorata]
810 4259 1064 4322 Scaliger,
1086 4259 1319 4325 Vossius,
1347 4267 1402 4310 et
1421 4260 1532 4312 (ἳιιό

468 4337 587 4392 dius
653 4335 982 4402 adscripsere
1034 4335 1255 4401 margini
1317 4342 1530 4400 etms?

1171 432 1390 484 NoTAE
1444 434 1537 482 VA
1554 432 1845 483 motum
1900 433 1979 482 tn

1612 589 1790 626 verunt
1831 584 2038 626 tuemur
2077 574 2354 627 lectionem
2392 574 2673 639 vulgatam.

1609 653 1764 702 Idem.

1674 731 1899 779 Exorata
1953 729 2095 780 terris
2147 728 2366 791 numina]
2434 728 2675 792 Orosius,

1605 805 1827 855 ‘Nerva
1879 806 2156 869 Trajanum
2220 805 2507 868 adoptavit,
2581 820 2674 870 per

1608 896 1761 945 quem
1798 896 1983 932 revera
2021 880 2226 932 afflictae
2262 883 2570 944 reipublicae
2594 881 2673 934 di·

1610 958 1726 1008 vina
1755 960 1979 1023 provisio
2001 959 2295 1008 consuluit.’
2327 959 2464 1023 Lips.

1673 1035 1756 1085 Ad
1808 1036 2093 1099 exercitum]
2161 1039 2204 1085 A
2263 1036 2565 1086 Domitiano
2621 1037 2672 1086 in

1609 1112 1942 1164 Germaniam
1976 1112 2277 1164 inferiorem
2310 1114 2508 1169 missus,
2538 1116 2673 1178 lega·

1611 1196 1694 1240 tus
1717 1192 2017 1242 consularis.
2052 1191 2206 1240 Idem.

1677 1268 1845 1318 Caesar
1881 1268 2123 1331 Auguste]
2177 1268 2340 1316 Cesar
2377 1266 2544 1317 Livin.
2581 1267 2671 1317 se'd

1608 1344 1830 1406 Auguste
1855 1344 1918 1395 V.
1934 1346 1994 1394 C.
2016 1345 2084 1394 G.
2119 1344 2283 1394 Livia.

1675 1421 1918 1470 Inusitato
1963 1420 2167 1484 indicio]
2223 1420 2460 1470 Inusitnto
2508 1421 2676 1472 Livin.

1608 1497 1698 1546 sed
1721 1498 1898 1547 indicio
1921 1498 1984 1548 C.
2009 1497 2149 1548 forte
2171 1497 2364 1548 indicio.
2395 1498 2563 1547 Idem.

1676 1574 1916 1625 Inusituto
1937 1574 2139 1637 indicio]
2174 1575 2342 1623 Livin.
2373 1574 2548 1624 indicio
2569 1575 2674 1624 inu·

1609 1651 1789 1701 tituto:
1824 1652 2004 1715 probe.
2042 1652 2251 1700 Ritters.

1676 1729 1916 1778 Inusituto
1939 1728 2140 1792 indicio]
2159 1729 2359 1791 Hocne,
2377 1729 2513 1794 qnod
2532 1729 2670 1779 aliud

1610 1806 1873 1870 agentium
1931 1807 2121 1855 civium
2191 1807 2386 1855 clamor
2444 1807 2673 1870 Trajauo

1611 1884 1834 1948 principi
1861 1883 2192 1944 occurrebat,
2230 1898 2293 1931 an
2319 1884 2424 1939 illo,
2450 1897 2551 1946 qno
2574 1883 2675 1948 sig·

1608 1976 1675 2011 na
1692 1976 2004 2026 apparuere,
2023 1960 2208 2025 quibus
2222 1961 2448 2024 Trajauo
2464 1961 2673 2023 imperi⁴

1610 2052 1696 2086 um
1717 2038 2163 2102 portendebatur?
2184 2052 2286 2103 quo
2302 2039 2364 2086 de
2385 2036 2547 2088 refert
2567 2038 2673 2088 Dio

1609 2116 1662 2165 iu
1688 2117 1895 2166 Domit.
1931 2116 2089 2166 Bet-n.

1676 2195 1917 2245 Inttsitato
1940 2196 2118 2245 indicio
2140 2194 2337 2259 enituit]
2372 2196 2564 2245 Vocem
2597 2196 2672 2243 in·

1609 2270 1754 2331 dicio,
1788 2286 1895 2322 nou
1932 2274 2097 2322 solum
2134 2288 2164 2322 a
2201 2273 2448 2336 cellario,
2483 2271 2574 2321 sed
2619 2276 2675 2321 et

1613 2348 1845 2411 pluribus
1869 2350 1984 2399 aliis
2008 2349 2265 2406 omissam,
2304 2348 2675 2398 vindicavimus

1612 2423 1803 2475 Plinio.
1870 2426 2124 2492 Equidem
2166 2432 2221 2475 et
2263 2438 2355 2489 pro
2392 2425 2553 2474 verbo
2574 2424 2679 2474 eni-

1610 2502 1723 2557 tuit,
1766 2502 1818 2550 in
1858 2504 2024 2552 tribus
2062 2502 2331 2553 codicibus
2372 2502 2503 2551 Mss.
2528 2507 2675 2551 extat

1608 2579 1809 2629 enotuit.
1878 2578 1996 2630 Quo
2031 2578 2191 2628 verbo
2229 2588 2285 2630 et
2324 2579 2434 2643 ipse
2471 2577 2677 2626 Plinius

1612 2656 1781 2719 Epist.
1806 2668 1868 2704 ιι.
1891 2658 1974 2704 10.
1994 2661 2051 2704 et
2074 2654 2352 2704 Suetonius
2375 2655 2426 2702 in
2451 2653 2581 2702 Vita
2599 2653 2673 2702 Ο·

1612 2732 1804 2790 thonis,
1820 2746 1867 2782 c.
1890 2735 1939 2783 8.
1960 2732 2039 2782 usi
2060 2738 2210 2793 sunt;
2237 2731 2474 2795 idemque
2498 2730 2551 2778 iu
2574 2729 2673 2779 boc

1610 2810 1726 2859 loco
1767 2810 2082 2875 Panegyrici
2128 2807 2488 2859 excudendum
2525 2822 2676 2857 cura·

1613 2887 1688 2936 vit
1707 2886 2006 2939 Sicltardus.
2054 2888 2123 2936 Et
2148 2900 2324 2951 parum
2349 2883 2674 2949 abfuit,quin

1611 2963 1711 3013 hoc
1745 2963 1911 3027 ipsum
1948 2962 2163 3012 verbum
2197 2962 2378 3012 enotuit
2410 2975 2678 3024 surrogas·

1613 3052 1719 3088 sem
1745 3040 1797 3088 in
1820 3040 1988 3088 locum
2010 3038 2155 3087 verbi
2181 3038 2410 3099 vulgati3
2444 3036 2677 3086 dnummoz

1614 3114 1681 3164 do
1705 3114 1756 3162 id
1780 3123 2026 3178 punctum
2053 3114 2431 3165 Gesnerianum
2452 3113 2676 3163 tulisset.

1614 3191 1749 3241 vide
1775 3192 1995 3241 Excurs.
2018 3204 2072 3239 v.
2106 3189 2348 3239 Schmun-z.

1677 3268 1778 3318 Attt
1801 3268 1966 3328 largus
1986 3266 2149 3329 emor]
2203 3266 2449 3314 Faustum
2474 3265 2675 3331 signum

1612 3345 1857 3407 antiquis,
1882 3345 1944 3404 si,
1969 3357 2104 3393 caesa
2128 3344 2356 3405 victima,
2377 3357 2532 3393 cruor
2569 3345 2677 3392 late

1611 3420 1910 3479 micuisset3
1943 3426 2149 3479 contra,
2172 3419 2213 3466 si
2239 3433 2413 3480 parce,
2438 3434 2499 3469 ac
2518 3421 2676 3471 lente.

1608 3495 1734 3544 Seu.
1758 3493 1811 3543 in
1836 3493 1961 3544 OEd.
1983 3507 2049 3543 ιι.
2070 3497 2119 3542 2.
2153 3494 2170 3522 ‘
2187 3494 2311 3543 Tin.
2334 3494 2524 3544 Utrum
2547 3499 2677 3545 cita·

1611 3577 1695 3620 tus
1722 3570 1935 3618 vulnere
1956 3579 2175 3633 angusto
2200 3570 2378 3627 micat.
2401 3570 2484 3620 An
2507 3574 2676 3622 lentus

1612 3647 1746 3696 altas
1790 3646 1976 3709 irrigat
2019 3649 2200 3711 plagas
2241 3650 2433 3699 cruor?
2520 3649 2679 3699 ΜΛΝ.

1611 3721 1781 3785 Hujus
1805 3735 1899 3787 per
1933 3724 2119 3787 ipsam,
2142 3737 2240 3789 qua
2276 3733 2427 3787 patet
2467 3733 2675 3788 pectus,

1610 3798 1747 3848 viam
1788 3796 1993 3848 Effusus
2033 3799 2232 3859 amnis3
2281 3800 2434 3863 hujus
2482 3801 2675 3864 exiguo

1611 3888 1796 3937 graves
1828 3876 2164 3925 Maculantnr
2197 3876 2332 3925 ictus
2359 3875 2539 3933 imbre,
2572 3880 2674 3927 &m

1610 3952 1740 4002 Τιιι.
1777 3950 2020 4003 Infausta
2042 3966 2248 4017 magnos
2268 3966 2415 4001 sacra
2449 3959 2676 4005 terrores

1610 4026 1786 4078 cient.'
1852 4029 1971 4078 Non
1997 4030 2170 4092 placet
2196 4041 2338 4090 vero,
2359 4028 2676 4098 quodlcttta·

1609 4119 1765 4168 ninus,
1776 4112 1831 4156 et
1859 4106 2103 4168 Rayanus
2123 4104 2464 4168 arbitrantur,
2486 4106 2676 4156 intelli·

1611 4186 1663 4249 gi
1688 4199 1720 4234 a
1742 4191 1920 4233 nostro
1940 4181 2193 4233 sacrificia
2216 4181 2492 4244 magnifica
2525 4183 2675 4232 ianus

1609 4275 1868 4311 merarum
1896 4259 2257 4319 victimarum3
2293 4272 2393 4308 non
2427 4260 2564 4309 euim
2599 4260 2674 4310 lo··

1610 4329 1793 4404 quitur
1805 4334 2007 4388 Plinius
2023 4333 2094 4386 de
2113 4334 2369 4402 qualitate
2392 4336 2674 4395 sacrorum.
