3060 4902
733 341 796 389 Ο.
848 339 1084 389 putuit
1136 336 1467 388 SECUNDI
1521 340 1801 391 PANEG.

294 476 522 530 inventas
552 480 608 531 in
641 481 831 532 tabulis
864 489 1061 533 veteres
1093 482 1359 547 scripsisse

295 556 551 609 dicuntur.
622 558 730 610 Hic
752 560 858 609 κατ’
879 560 1049 621 ἐξοχὴν
1078 562 1154 609 sic
1179 561 1356 623 appel-

294 634 456 683 lantur
496 642 834 686 testamenta.
902 637 1153 686 ‘Tabulas
1175 636 1189 657 ’
1221 637 1357 686 enim

297 712 664 768 ‘testamenti,’
698 713 978 762 secundnm
1026 714 1237 774 Ulpian.
1282 728 1359 776 pr.

299 786 362 837 de
383 788 645 838 Bonorum
668 790 904 838 Possess.
931 794 946 817 ⁸
964 789 1251 838 secundnm
1284 796 1353 838 ta·

302 863 457 926 bulas,
477 866 718 929 accipere
742 866 993 915 debemus
1024 880 1226 914 omnem
1254 880 1357 912 ina-

305 941 443 990 teria
482 940 719 1005 figuram.
808 942 929 990 Sive
963 940 1123 1002 igitur
1169 940 1356 989 tabulae

305 1017 403 1066 sint
420 1019 623 1079 ligneae,
642 1019 751 1067 sive
767 1019 1123 1080 cujuscunque
1148 1017 1358 1065 alterius

303 1097 561 1154 materiae3
600 1095 710 1144 sive
735 1094 1076 1156 cbartae,sive
1102 1094 1357 1142 membra-

306 1183 381 1218 nae
416 1171 551 1232 sint3
586 1172 672 1220 vel
699 1171 740 1220 si
765 1185 793 1220 e
820 1173 964 1220 corio
996 1171 1212 1233 alicujus
1252 1173 1358 1219 aui·

305 1246 469 1306 malis5
503 1249 699 1297 tabnlae
738 1255 883 1297 recte
925 1246 1204 1296 dicuntur.’
1274 1248 1359 1296 In-

306 1323 496 1372 terdum
531 1330 704 1373 tamen
731 1323 942 1386 adjecto
965 1325 1067 1373 alio
1108 1323 1361 1372 vocabulo

307 1407 545 1450 vocantur
579 1408 594 1429 ⁸
614 1400 803 1450 tabulae
852 1415 1105 1463 suprema·
1127 1416 1142 1459 ;
1161 1399 1173 1419 '
1225 1415 1271 1447 v.
1315 1415 1364 1461 g.

308 1476 434 1540 apud
448 1478 615 1528 Tacit.
631 1478 822 1527 Anual.
849 1491 968 1526 xvi.
991 1482 1071 1528 14.
1095 1481 1111 1506 ⁴
1131 1478 1364 1528 Monitus

307 1552 539 1616 Anteius,
569 1569 636 1603 ne
664 1568 933 1618 supremas
960 1554 1158 1604 tabulas
1198 1570 1363 1603 mora·

306 1630 474 1680 retur.'
535 1631 743 1695 Sepias
785 1633 1113 1696 appellantur
1142 1633 1156 1658 ‘
1175 1633 1364 1682 tabulae

308 1707 639 1756 testamenti-¹
702 1709 877 1758 Tacit.
917 1708 1106 1758 Annal.
1149 1722 1238 1756 xv.
1283 1714 1366 1758 62.

304 1783 503 1833 Sueton.
524 1784 716 1833 Vitell.
732 1799 778 1834 c.
804 1789 881 1834 14.
903 1789 1001 1835 διο.
1037 1793 1051 1815 ‘
1074 1786 1333 1835 Advocari
1352 1784 1366 1806 '

307 1867 470 1909 autem
511 1861 678 1910 alicui
721 1861 913 1910 homini
941 1864 1022 1911 vel
1062 1864 1153 1923 rei,
1187 1863 1365 1911 dicun·

307 1942 387 1985 tur
424 1937 517 1999 illi,
551 1938 645 2002 qui
687 1939 1063 2003 conquiruntur
1102 1949 1156 1988 et
1191 1953 1363 1988 accer-

309 2020 479 2061 suntur
503 2017 574 2063 ad
602 2015 893 2075 consilium,
917 2031 1171 2079 opemque
1193 2015 1366 2065 feren·

308 2089 435 2148 dam,
492 2101 549 2142 et
597 2093 665 2142 ad
712 2095 1066 2157 praestandum
1120 2095 1367 2146 favorem.

308 2169 410 2219 Cic.
438 2185 535 2233 pro
562 2171 834 2234 Quinctio,
858 2188 905 2220 c.
944 2176 1019 2221 14.
1057 2174 1071 2200 ‘
1093 2173 1366 2235 Potentes,

307 2243 498 2303 diserti,
574 2248 777 2297 nobiles
833 2263 1029 2311 omnes,
1080 2249 1366 2297 advocandi

305 2325 451 2373 suut)
486 2360 504 2374 .
525 2326 667 2376 Ibid.
693 2342 740 2376 c.
758 2329 869 2376 210⁴
884 2327 1168 2392 Alplnenus.
1187 2343 1250 2376 ne
1270 2342 1368 2391 qua

307 2401 516 2453 subesse
555 2411 737 2467 posset
773 2404 1015 2467 suspicio,
1043 2405 1176 2453 viros
1210 2404 1369 2453 bonos

307 2482 598 2544 cumplures
623 2479 881 2530 advocat-⁹
946 2483 1145 2531 Seneca
1163 2483 1225 2530 de
1252 2483 1368 2531 Cle·

307 2560 519 2620 mentia,
540 2573 584 2607 c.
608 2562 658 2607 9.
692 2562 706 2585 ⁸
725 2559 990 2623 Augustus
1015 2561 1281 2609 constituit
1317 2574 1370 2608 se

308 2633 367 2681 sb
385 2648 447 2683 eo
474 2634 774 2696 vindicare;
808 2636 1075 2684 consilium
1093 2636 1372 2684 aiuivorum

308 2710 760 2774 advocarijnssitss
797 2712 1058 2773 Ceterum,
1083 2714 1373 2774 exemplum

304 2784 529 2849 Trajani‚
555 2788 642 2850 qui
668 2796 981 2837 testamenta
1003 2790 1185 2838 civium
1216 2789 1378 2837 voluit

310 2875 415 2912 esse
440 2878 646 2918 secura,
669 2872 864 2927 praeter
892 2867 1035 2926 alios,
1066 2875 1273 2914 secutus
1301 2876 1377 2915 est

312 2940 462 2990 Helv.
498 2943 755 2991 Pertinax
781 2944 1087 3006 imperator,
1106 2944 1216 3006 qui,
1241 2942 1374 2992 refe·

314 3027 458 3066 rente
497 3019 808 3082 Capitolino,
843 3021 893 3069 in
924 3021 1034 3083 ejus
1065 3021 1205 3083 Vita,
1240 3036 1287 3070 c.
1326 3025 1375 3069 7.

317 3099 331 3119 ’
352 3094 521 3157 legem
567 3096 703 3150 tulit,
742 3102 799 3144 nt
847 3104 1158 3145 testamenta
1206 3098 1376 3160 priora

313 3183 410 3219 non
434 3171 576 3234 prius
600 3181 772 3220 essent
793 3172 957 3235 irrita,
974 3188 1124 3237 quam
1147 3173 1244 3221 alia
1261 3187 1373 3235 per-

318 3246 458 3298 fecta
484 3256 677 3304 essent,
711 3263 839 3298 neve
866 3249 929 3298 ob
959 3250 1056 3298 ltoc
1095 3249 1248 3298 fiscus
1285 3250 1373 3298 ali·

313 3323 519 3388 quaudo
544 3325 886 3384 succederet3
921 3326 1135 3389 ipseque
1174 3324 1372 3388 profes-

312 3414 395 3450 sus
420 3409 526 3464 est,
550 3401 735 3450 nullius
750 3416 807 3450 se
834 3403 1088 3451 aditurum
1117 3402 1374 3451 heredita·

315 3482 437 3532 tem,
461 3492 578 3540 quae
604 3485 693 3526 ant
719 3478 1016 3526 adulatione
1043 3479 1260 3542 alicujus
1288 3480 1375 3528 de·

313 3553 415 3602 lata
433 3560 598 3614 esset,
621 3562 709 3603 aut
731 3555 822 3604 lite
842 3556 1111 3618 perplexa,
1130 3564 1181 3604 ut
1210 3557 1375 3619 legiti-

315 3630 380 3678 mi
400 3628 623 3678 heredes
643 3636 698 3678 et
713 3633 992 3680 necessarii
1017 3631 1379 3693 privarentur!

313 3704 393 3756 ef.
410 3704 583 3755 Instit.
602 3708 628 3770 ξ
644 3710 691 3754 8.
711 3707 895 3771 quibus
916 3708 1078 3756 modis
1099 3716 1379 3757 testamen·

318 3791 369 3833 ta
390 3781 740 3834 infirmentur.
764 3784 1003 3835 δώωσι-Ζ.

380 3861 580 3910 Nullius
600 3862 661 3909 ad
684 3868 732 3910 te
756 3862 1003 3910 iracundia
1026 3895 1039 3911 .
1064 3894 1077 3909 .
1103 3899 1114 3912 .
1137 3862 1380 3927 codugit]

316 3938 358 3988 1.
383 3952 430 3987 e.
455 3939 626 3988 Nemo
650 3952 802 4000 nunc,
841 3939 929 4002 qui
958 3938 1233 3987 heredibus
1259 3940 1385 3988 alias

315 4013 559 4078 legitimis
577 4029 641 4062 ex
660 4029 969 4078 quacunque
992 4016 1184 4063 leviore
1210 4029 1388 4063 caussa

317 4089 579 4149 irascitur,
605 4088 938 4153 infensusque
960 4099 1055 4152 est,
1075 4094 1137 4139 ad
1157 4090 1385 4140 savorem

321 4173 460 4214 tuum
503 4163 766 4228 confugit,
789 4171 843 4215 et
871 4167 982 4221 tibi,
1012 4182 1107 4216 ceu
1145 4167 1386 4231 principi,

324 4240 664 4292 hereditatem
702 4241 899 4303 defert,
942 4251 999 4291 ut
1036 4244 1165 4295 istos
1203 4244 1385 4294 eadem

446 4324 687 4388 Daph-et
714 4324 831 4375 Var.
847 4325 983 4377 Clas·

1274 4327 1460 4387 Paneg.
1493 4326 1599 4375 Vct.

1883 341 1931 389 1.
1963 326 2068 392 43.
2363 325 2495 392 689

1432 484 1640 548 privare
1676 485 1851 547 possit.
1920 485 1983 534 Id
2020 483 2178 550 quod,
2216 483 2312 534 sub
2343 486 2492 534 malis

1432 562 1768 624 principibus,
1813 563 2090 627 aliquando
2132 562 2288 612 etiam
2335 560 2494 621 facie:

1432 636 1556 685 bant
1582 639 1723 701 impii
1751 639 1900 688 liberi
1923 649 1977 689 et
2002 650 2217 704 nepotes
2242 640 2497 690 adversus

1432 724 1634 778 patrem
1660 723 1715 763 et
1736 731 1907 780 avum,
1930 723 1985 766 et
2007 717 2055 765 lii
2080 718 2323 767 vicissim.
2381 718 2491 767 Uu-

1432 791 1496 839 de
1521 792 1737 841 Tacitus
1762 792 1813 840 in
1846 793 2024 856 Agric.
2048 808 2094 842 c.
2125 798 2210 843 43.
2231 794 2385 850 dixit,
2421 798 2435 822 ⁸
2463 809 2496 842 a.

1432 866 1567 916 bono
1593 878 1742 931 patre
1784 883 1885 917 non
1911 869 2066 919 scribi
2093 868 2357 932 heredem,
2398 870 2491 919 nisi

1434 944 1619 991 malum
1665 943 1998 1008 principem.'
2062 946 2260 995 Contra
2294 944 2496 1009 Augus·

1432 1027 1512 1069 tus
1538 1021 1878 1070 hereditatem
1904 1036 1967 1069 ex
1991 1021 2277 1084 hujnsmodi
2302 1024 2499 1071 caussis

1429 1097 1525 1146 sibi
1543 1100 1859 1161 adscriptam
1877 1111 1978 1146 non
1998 1096 2323 1149 admittebat.
2358 1097 2499 1146 Auc-

1437 1184 1518 1222 tor
1548 1176 1683 1223 enim
1708 1183 1790 1224 est
1813 1175 2027 1223 Suetou.
2054 1176 2105 1223 in
2130 1174 2255 1223 Vita
2278 1174 2410 1238 ejus,
2448 1189 2495 1224 c.

1434 1255 1516 1299 60.
1554 1250 1846 1315 Augustum
1872 1253 1886 1280 ‘
1907 1251 2181 1313 legata‚vel
2209 1258 2385 1314 partes
2410 1252 2499 1300 lie·

1437 1326 1680 1383 ditatum,
1705 1344 1734 1375 a
1757 1327 2153 1391 quibuscunque
2191 1327 2497 1389 parentibus

1438 1403 1617 1451 relicta
1642 1402 1758 1457 sibi,
1782 1410 1870 1451 aut
1892 1405 2069 1452 statim
2107 1402 2283 1452 liberis
2319 1416 2497 1451 eorum

1439 1479 1748 1538 concedere,
1776 1488 1885 1538 aut,
1906 1479 1948 1527 si
1973 1478 2214 1542 pupillari
2239 1485 2398 1528 aetate
2420 1493 2500 1528 es·

1438 1565 1576 1617 sent,
1601 1555 1684 1604 die
1713 1555 1872 1602 virilis
1897 1561 2053 1618 togae,
2079 1555 2159 1603 vel
2185 1555 2503 1618 nuptiarum,

1437 1646 1553 1681 cum
1593 1632 1915 1680 incremento
1950 1631 2247 1695 restituere,
2288 1645 2502 1680 consue-

1442 1709 1613 1758 visse!
1678 1712 1691 1737 ‘
1719 1709 1884 1757 Furor
1902 1708 1916 1729 ²
1942 1716 2111 1758 autem
2132 1708 2231 1757 hoc
2255 1709 2373 1758 loco
2399 1724 2504 1759 uon

1440 1786 1630 1835 dicitur
1654 1785 1719 1834 de
1749 1786 1902 1848 plena
1928 1785 2083 1834 animi
2112 1786 2176 1835 ad
2203 1785 2375 1834 omnia
2398 1801 2499 1836 σε·

1438 1863 1629 1922 citate3
1678 1870 1958 1926 propterea
1995 1862 2129 1927 quod
2171 1860 2505 1926 furibundus,

1443 1949 1676 2003 tempore
1701 1939 1910 1996 furoris,
1936 1947 2301 1991 testamentum
2327 1938 2501 1990 facere

1440 2032 1542 2066 non
1577 2026 1788 2080 potest3
1820 2017 1907 2066 sed
1949 2017 2015 2066 de
2054 2018 2158 2067 alio
2195 2033 2504 2082 quocunque

1441 2095 1779 2144 immoderato
1794 2093 2003 2153 affectu,
2019 2102 2068 2143 et
2091 2094 2381 2143 inconsulto
2400 2094 2508 2141 ani-

1441 2174 1508 2220 mi
1553 2173 1769 2234 impetu.
1837 2172 1922 2219 Ita
1955 2171 2184 2219 Plancus
2219 2170 2356 2233 apud
2394 2171 2507 2218 Cic.

1443 2251 1611 2313 Epist.
1633 2264 1685 2298 x.
1707 2254 1784 2297 11.
1803 2248 1869 2296 de
1890 2256 1998 2296 tota
2018 2248 2224 2310 legione
2242 2248 2304 2294 ad
2332 2245 2508 2297 sediti·

1444 2341 1595 2375 onem
1624 2339 1911 2388 propensa3
1946 2326 2027 2372 ‘Si
2046 2324 2250 2372 decima
2270 2324 2405 2386 legio
2421 2337 2509 2372 ve-

1447 2411 1632 2455 terana
1667 2401 1731 2450 ad
1757 2400 1980 2450 eundem
2008 2399 2232 2450 furorem
2260 2399 2510 2450 redierit)

1446 2482 1599 2529 Idem.

1501 2554 1786 2617 Iracundia]
1805 2556 1942 2604 Puta
1956 2554 2131 2604 liberti
2153 2554 2199 2603 in
2222 2563 2510 2620 patronum.

1446 2634 1667 2682 Patarol.

1516 2709 1804 2774 Iracundia]
1836 2710 1972 2758 Puta
1997 2708 2188 2771 liberti,
2215 2710 2300 2772 qui
2342 2716 2512 2771 patro·

1451 2801 1513 2834 uo
1541 2784 1782 2842 offensus,
1822 2794 1875 2833 et
1901 2793 1957 2834 ut
1993 2786 2133 2833 illum
2162 2785 2282 2847 jure
2309 2799 2510 2833 sncces-

1448 2863 1603 2911 sionis
1629 2863 1879 2926 privaret,
1912 2860 2197 2924 principem
2231 2859 2512 2909 scribebat.

1451 2941 1605 2990 Bern.

1540 3014 1793 3080 Impietas]
1840 3012 2015 3062 Patris
2052 3017 2144 3060 aut
2182 3010 2292 3059 filii.
2360 3010 2517 3066 Nam,

1447 3101 1503 3140 ut
1540 3093 1749 3142 Tacitus
1788 3092 1839 3139 in
1875 3089 2056 3152 Agric.
2095 3089 2109 3114 ‘
2134 3102 2162 3136 a
2198 3087 2334 3136 bono
2369 3093 2516 3149 patre

1450 3185 1550 3218 non
1588 3170 1834 3219 scribitur
1869 3167 2039 3222 berea,
2064 3163 2160 3213 nisi
2183 3163 2346 3213 malus
2375 3163 2513 3227 prin·

1449 3246 1608 3310 ceps.’
1629 3247 1763 3308 Lips-

1515 3322 1766 3384 Impietas]
1793 3321 1946 3374 Puta,
1972 3319 2062 3367 filii
2103 3319 2155 3368 in
2189 3324 2410 3382 patrem,
2437 3319 2518 3366 vel

1448 3399 1613 3461 patris
1640 3399 1689 3445 in
1727 3396 1903 3451 filium,
1944 3405 2031 3444 aut
2071 3394 2441 3458 consanguinei
2469 3396 2519 3443 in

1449 3478 1903 3537 consanguineum.
1929 3474 2146 3523 Patarol.

1519 3553 1698 3616 Furor]
1727 3551 1926 3616 Aliquis
1953 3565 2131 3614 parum
2150 3564 2288 3599 sanae
2314 3550 2523 3612 meum,

1453 3628 1538 3691 qui
1565 3629 1752 3692 spretis
1786 3629 1890 3676 suis
1924 3628 1987 3677 ad
2024 3626 2316 3691 principem
2345 3628 2520 3677 vertit.

1451 3705 1590 3767 Lips-

1523 3782 1652 3837 Quia
1673 3781 1774 3844 ipse
1798 3781 2037 3844 meruisti]
2063 3781 2151 3830 Sic
2177 3793 2346 3845 neque
2367 3779 2520 3829 Tibe·

1460 3860 1583 3915 rius,
1606 3860 1656 3906 in
1686 3859 1866 3921 primis
1893 3858 2092 3920 imperii
2120 3857 2195 3905 sni
2232 3857 2397 3917 annis,
2423 3865 2523 3906 tes·

1461 3943 1514 3984 te
1540 3936 1722 3983 Tacito
1743 3933 1929 3983 Annal.
1957 3948 2019 3982 n.
2042 3938 2121 3982 48.
2139 3943 2152 3962 ²
2175 3934 2524 3983 hereditatem

1460 4012 1761 4075 cujusquam
1811 4012 1957 4071 adiit,
1996 4012 2094 4059 uisi
2133 4026 2249 4060 cum
2293 4011 2526 4060 amicitia

1461 4087 1768 4137 meruisset?
1794 4088 2037 4136 Sclrwarz.

1527 4164 1767 4215 Scriberis
1786 4163 1845 4211 ab
1860 4162 2047 4223 amicis]
2071 4161 2252 4210 Paullo
2274 4168 2395 4211 ante
2418 4163 2526 4211 Pli-

1463 4242 1814 4307 nius⁴dixerat
1848 4237 2242 4303 ‘nuncuparis3'
2275 4253 2413 4289 nunc
2451 4241 2525 4289 ait

2283 4324 2313 4368 2
2348 4321 2400 4375 Χ,
