3060 4902
802 399 864 445 G.
914 396 1156 447 PLlNll
1205 395 1536 447 ssscuunt
1589 396 1865 447 PANEG.
1944 398 1995 445 1.

341 541 433 592 des
491 540 890 592 accusationem
934 541 1224 591 institutam
1270 540 1419 591 omit-

340 627 452 666 tere
501 619 725 681 vellent,
770 616 1026 680 Trajanns
1073 631 1192 666 cum
1234 631 1422 679 magna

340 696 624 759 gravitatis
644 694 1086 759 humanitatisque
1119 695 1272 744 laude
1305 695 1418 744 dix-

338 775 398 828 it.
446 774 463 801 ⁴
488 774 615 823 Nec
656 774 745 822 ille
799 771 1073 835 [libertus]
1114 771 1419 834 Polycletus

337 857 442 908 est,
474 863 578 897 nec
604 863 702 912 ego
727 844 912 897 Nero:
966 845 1210 896 δώωσι-τ.

400 925 639 975 Liber-m
664 928 738 973 est
772 922 956 986 mens]
988 922 1089 971 His
1125 921 1296 971 verbis
1327 922 1416 971 ad-

337 1001 737 1052 dnnrcodices
774 1000 906 1048 Μαι.
945 1004 1001 1048 et
1045 997 1254 1062 qnidam
1300 997 1417 1047 libri

338 1078 590 1143 impressi
640 1076 947 1127 vocabulum
992 1076 1302 1136 discriminis,
1339 1083 1415 1125 at·

338 1170 438 1220 qne
480 1170 513 1204 e
552 1154 822 1205 contrario
862 1153 1108 1202 omittunt
1145 1154 1417 1216 sequentia

337 1230 444 1279 duo
466 1229 642 1280 verba
669 1229 957 1292 disceptanti
987 1228 1160 1287 dicere,
1195 1229 1330 1277 ltuuc
1362 1228 1414 1277 in

337 1307 570 1362 modum,
589 1305 817 1355 Liberam
834 1310 907 1353 est
928 1309 1085 1353 autem
1107 1305 1416 1368 discriminis,

335 1384 443 1431 nolo
476 1398 593 1431 eam
624 1383 818 1444 eligere.
888 1379 1011 1443 Alii,
1030 1381 1237 1443 abjecto
1261 1396 1414 1431 voca-

338 1457 460 1507 bulo
484 1458 803 1512 discriminis,
824 1456 1049 1519 produnt
1074 1457 1177 1508 ista
1200 1459 1300 1507 duo
1328 1473 1414 1508 vo-

338 1535 559 1598 cabula,
579 1534 765 1597 quibus
789 1548 885 1582 nec
907 1541 1185 1583 contextus
1222 1536 1411 1585 oratio-

342 1612 419 1660 nis
445 1610 722 1661 commode
742 1624 923 1659 carere
948 1618 1141 1673 potest.
1194 1612 1411 1675 Discep-

340 1690 482 1738 tauti
519 1697 693 1738 autem
718 1685 915 1748 dicere,
938 1687 1081 1736 nobis
1122 1687 1257 1736 idern
1298 1703 1411 1737 esse

340 1765 570 1830 videtur,
594 1779 674 1820 ac,
701 1763 880 1813 dicere
909 1763 973 1812 ad
1007 1763 1412 1828 disceptantem,

338 1842 450 1892 sive
479 1844 543 1891 ad
566 1841 997 1903 disceptatorem.
1019 1850 1110 1888 aut
1133 1849 1408 1904 praetorem

336 1916 474 1968 fisci.
529 1920 661 1971 Quae
688 1917 919 1981 pluribus
944 1917 1211 1967 declarare
1236 1919 1409 1968 conati

340 2008 517 2042 sumus
540 1994 593 2041 in
618 1994 839 2042 Excurs.
863 2006 950 2041 ιιι..
997 1994 1149 2042 Idem.

403 2069 634 2119 Liberum
668 2075 740 2119 est
770 2069 951 2133 autem]
986 2070 1161 2126 Forte.
1186 2070 1410 2122 Liberum

341 2151 409 2194 est
433 2151 616 2196 iana.
662 2145 827 2194 Livia.

404 2222 631 2271 Liberum
668 2226 739 2270 est
773 2222 955 2285 autem]
992 2221 1213 2271 Liberum
1251 2229 1411 2273 autem

339 2306 409 2350 esi
427 2300 725 2351 discriminis
748 2299 877 2349 edit.
906 2300 1139 2351 Rhenan.
1163 2301 1278 2366 sed,
1312 2303 1409 2351 dis·

341 2379 522 2426 crimen
542 2378 626 2428 iis.
672 2377 862 2426 Faber.

418 2454 534 2503 Volo
573 2469 678 2504 eam
717 2453 915 2516 eligere]
966 2450 1264 2505 Pronomen
1307 2472 1411 2506 eum

337 2529 422 2579 hic
459 2529 656 2581 dicitur
694 2530 1027 2593 ἐπιδεικτικῶς,
1050 2539 1105 2580 et
1139 2533 1281 2595 quasi
1319 2549 1410 2596 per

342 2606 865 2657 demonstrationem=
908 2609 1013 2656 volo
1052 2609 1192 2670 hanc,
1231 2612 1312 2659 vel
1351 2613 1410 2661 il-

339 2686 433 2735 lans
472 2688 693 2751 eligere,
730 2694 975 2750 tanquam
1019 2703 1266 2738 summum
1305 2690 1411 2739 dis·

340 2771 663 2827 ceptatorem
697 2770 753 2813 et
781 2762 1031 2827 judicem.
1103 2765 1221 2814 Non
1256 2767 1410 2829 pauci

340 2840 547 2904 quidem
585 2839 729 2900 libri,
762 2854 856 2903 pro
892 2842 1012 2901 volo,
1044 2841 1237 2891 liabent
1274 2845 1411 2903 nolo,-

336 2915 542 2978 qnidam
568 2915 703 2972 noli,-
734 2930 830 2964 cur
851 2930 971 2964 vero
997 2918 1098 2965 volo
1123 2917 1404 2979 praferen·

338 2992 456 3041 dum
490 2991 754 3054 videatur,
789 2992 840 3039 in
874 2992 1054 3041 eodem
1085 2993 1299 3044 Excurs.
1324 3009 1410 3044 xl..

337 3070 639 3133 expositum
671 3077 765 3118 est.
815 3068 1059 3118 Schwarz.

346 3173 351 3177 ·
401 3146 714 3208 Muneribus]
748 3145 897 3194 Inter
932 3161 1074 3211 quie,
1096 3155 1149 3196 et
1176 3148 1295 3198 boni
1322 3149 1409 3197 ad·

333 3221 573 3272 ministri.
614 3221 756 3284 Lips.

346 3326 349 3331 ·
395 3299 712 3362 Muneribus]
737 3297 1140 3349 Sen.Beuef.1t.
1161 3304 1242 3350 18.
1266 3303 1281 3328 ‘
1301 3301 1408 3350 Ali·

333 3375 540 3439 quando
574 3373 886 3423 beneficium
917 3384 1001 3424 est
1038 3377 1400 3440 accipiendum

333 3460 384 3501 et
410 3449 616 3500 invito!
661 3450 813 3501 Quod
841 3451 1049 3514 quidem
1072 3462 1254 3503 contra
1269 3455 1402 3517 juris

334 3526 595 3590 regulam:
634 3532 649 3553 ‘
667 3526 843 3575 Invito
869 3526 1172 3577 beneficium
1194 3545 1294 3578 non
1315 3531 1403 3579 da·

334 3604 453 3654 tur.’
521 3603 859 3652 Lactantius:
898 3604 1057 3653 ‘Non
1094 3612 1176 3654 est
1212 3606 1403 3655 benefi-

332 3681 490 3742 cium,
510 3679 650 3744 qnod
679 3679 929 3742 ingeritur
953 3681 1272 3731 reluctanti.'
1309 3685 1405 3732 Er·

331 3771 396 3820 go
420 3756 716 3820 imperium.
765 3755 916 3804 Bern.

392 3833 750 3897 Beneficiorum
783 3833 1116 3895 principalium
1152 3835 1405 3898 summam]

334 3911 612 3960 Catauaeus
631 3908 901 3970 evulgavit
918 3924 1143 3958 summam
1156 3914 1369 3972 gratiam
1386 3929 1405 3969 ,-

326 3987 477 4036 simul
520 3995 695 4036 tamen
726 3986 776 4033 in
802 3986 972 4034 altera
1005 3987 1233 4036 editione
1268 4002 1403 4036 conn-

335 4063 572 4113 uieutarii
599 4063 679 4112 sui
709 4062 997 4117 annotavit,
1021 4078 1149 4118 csse.
1175 4066 1262 4128 qui
1294 4066 1405 4114 ltaec

335 4141 506 4204 legant
528 4142 644 4189 siue
679 4139 947 4189 additione
975 4141 1210 4190 vocabuli
1245 4143 1405 4203 grati-

333 4233 424 4279 am,
445 4226 499 4267 et
536 4217 981 4278 interpretentur,
1012 4233 1237 4267 summam
1270 4219 1406 4267 bene-

308 4292 524 4356 ficiorum
561 4293 932 4359 principalium,
968 4292 1004 4342 i.
1035 4307 1083 4344 e.
1127 4295 1403 4344 maximum

2038 380 2146 447 36.
2433 382 2558 447 651

1495 539 1866 591 beneficiorum
1892 542 2162 607 principis.
2213 539 2360 590 Idem
2386 547 2560 592 tamen

1495 616 1902 666 additamentum
1941 617 2174 666 Catanaei
2217 616 2373 665 etiam
2415 618 2559 667 exhi-

1494 692 1657 742 buere
1695 692 2040 752 PhilomusuS,
2064 693 2290 757 Lipsius,
2325 693 2560 758 Berueg·

1493 783 1664 832 geras,
1698 768 1953 830 Hackius,
1992 777 2045 818 et
2081 769 2233 819 hodie
2270 771 2557 821 Gesnerus.

1494 846 1789 908 Stephanus
1832 853 1885 894 et
1925 845 2252 895 Boxbornius
2288 846 2386 896 hoc
2428 848 2556 897 dun-

1494 928 1644 971 taxat
1683 922 1734 970 in
1782 920 2011 983 margine
2061 930 2390 972 annotarunt.
2460 925 2559 973 Vir

1492 998 1863 1047 celeberrimus
1903 1000 1967 1048 D.
1997 997 2392 1061 christophorus
2419 998 2556 1064 Aug.

1493 1076 1835 1126 Heumannus
1874 1076 2263 1125 rescribendum
2297 1078 2558 1140 ingeniose

1491 1155 1710 1208 censuit,
1737 1160 1790 1203 ut
1814 1155 1896 1217 qui
1913 1154 2051 1211 scias,
2084 1155 2171 1202 hoc
2207 1170 2306 1204 esse
2340 1155 2556 1219 benefici·

1489 1244 1622 1278 orum
1655 1231 1993 1293 principalium
2029 1246 2277 1279 summum.
2343 1232 2557 1282 Scilicet

1490 1308 1533 1355 is
1557 1323 1657 1357 nou
1683 1310 1849 1358 solum
1881 1310 2017 1358 bona
2053 1318 2195 1359 sorte
2229 1312 2381 1359 datus
2421 1311 2555 1360 arbi-

1491 1389 1588 1445 ter,
1631 1393 1755 1434 tom.
1797 1399 1887 1433 ιιι.
1931 1386 2017 1434 lib.
2060 1400 2147 1434 ιιι.
2190 1387 2555 1449 pulcherrimae

1491 1458 1715 1509 Poeciles
1752 1475 1878 1521 suae,
1913 1475 2087 1523 operae
2128 1463 2350 1523 pretium
2388 1462 2557 1525 duxit,

1490 1535 1711 1597 primum
1731 1537 1997 1599 specimen
2014 1536 2421 1586 observationum
2443 1554 2556 1588 nos·

1488 1615 1685 1660 trarum
1707 1612 1768 1660 ad
1788 1613 2163 1675 Panegyricum
2182 1613 2341 1662 Plinii
2364 1614 2415 1662 iu
2433 1616 2555 1662 arni-

1487 1699 1598 1734 cam
1625 1688 2055 1752 disceptationem
2085 1704 2300 1748 vocare3
2334 1690 2422 1739 sed
2458 1692 2555 1740 eti-

1488 1776 1569 1811 am
1615 1762 1799 1813 breves
1848 1766 2093 1830 quasdam
2139 1775 2194 1815 et
2236 1766 2454 1828 subitas,
2497 1776 2554 1818 ut

1487 1839 1600 1902 ipse
1638 1850 1807 1904 vocat,
1847 1843 2226 1904 annotationes,
2266 1859 2393 1909 quas
2428 1845 2551 1893 alie·

1488 1924 1633 1967 verat
1657 1920 1874 1983 margini
1912 1920 2226 1983 exemplaris
2251 1922 2346 1981 sui,
2370 1924 2447 1970 vel
2475 1923 2552 1971 ul.

1486 2000 1569 2041 tro
1590 1994 1854 2045 nobiscum
1882 1996 2129 2045 benevole
2153 1998 2552 2048 communicare.

1488 2071 1651 2126 Quas,
1694 2074 1768 2121 uti
1807 2080 2044 2134 optamus
2078 2081 2135 2123 ut
2171 2075 2281 2137 ipse
2319 2075 2550 2138 integras

1485 2144 1681 2195 inserat
1703 2147 2061 2198 laudatissimae
2082 2149 2324 2210 Poecilae3
2352 2150 2423 2199 ita
2441 2165 2553 2208 nos,

1487 2224 1897 2287 quotiescunque
1936 2223 2070 2272 seret
2111 2239 2249 2279 usus,
2277 2240 2367 2273 suo
2402 2241 2554 2288 quas-

1488 2314 1591 2361 que
1615 2300 1731 2348 loco
1756 2300 1888 2349 bona
1919 2300 2020 2350 fide
2056 2301 2333 2349 iudicaturi
2359 2315 2554 2351 sumus.

1487 2374 1708 2425 Interim
1739 2378 1972 2441 ignoscet
2003 2378 2150 2426 nobis
2180 2377 2254 2424 vir
2279 2377 2551 2439 κριτικώτα·

1485 2469 1590 2515 τος,
1628 2455 1764 2518 quod
1809 2455 1957 2517 hujtts
1998 2455 2096 2503 loci
2139 2455 2551 2506 emendationem

1487 2545 1883 2594 supervacuam,
1919 2539 2007 2580 aut
2049 2539 2191 2580 certe
2232 2546 2335 2580 non
2375 2547 2551 2581 neces-

1487 2607 1695 2666 sariam,
1721 2616 1989 2669 putemus:
2024 2622 2139 2655 cutu
2174 2609 2419 2668 vulgatae,
2443 2618 2497 2655 et
2522 2623 2553 2657 a

1487 2682 1715 2731 Cellario
1754 2693 1897 2732 recte
1934 2691 2173 2739 retentae,
2201 2683 2412 2733 lectioni
2439 2686 2550 2748 jam

1486 2767 1693 2808 constet
1720 2761 2000 2820 sententia,
2034 2775 2198 2823 eaque
2236 2759 2390 2808 Plinii
2430 2760 2551 2809 stilo

1486 2838 1669 2899 utique
1690 2847 1962 2900 congruat.
1998 2838 2243 2887 Summam
2262 2837 2395 2886 enim
2416 2837 2552 2886 benc-

1471 2913 1698 2977 ficiorum
1731 2915 2083 2976 principalium,
2107 2929 2256 2976 aeque
2287 2915 2420 2963 dixit
2446 2914 2552 2962 Pli-

1486 2991 1617 3050 nius,
1642 3007 1701 3039 ac
1728 2993 1896 3052 Epist.
1921 3006 1970 3038 x.
1990 2997 2040 3041 2.
2078 2991 2301 3049 dixerat,
2341 2994 2355 3017 ‘
2376 2991 2553 3039 videor

1485 3081 1736 3115 sumniam
1772 3067 1876 3114 voti
1917 3066 2016 3114 mei
2056 3074 2366 3113 consecutus
2390 3065 2434 3125 ς’
2473 3068 2553 3115 vel

1490 3142 1657 3204 Epist.
1694 3156 1794 3192 ιιι.
1834 3147 1915 3190 27.
1964 3149 1977 3170 ⁴
2002 3142 2130 3192 Haec
2169 3157 2364 3190 summa
2402 3156 2551 3190 cura·

1486 3233 1620 3280 rum,
1658 3234 1854 3267 summa
1897 3227 2128 3267 votorum
2153 3217 2185 3276 ;’
2230 3219 2307 3265 vel
2347 3219 2396 3266 in
2437 3218 2551 3280 ipso

1488 3294 1704 3355 paneg..
1732 3308 1926 3343 Lxxtv.
1961 3299 2009 3343 Δ.
2055 3296 2069 3321 ‘
2097 3292 2199 3343 Pro
2239 3294 2384 3344 nobis
2429 3295 2553 3358 ipsis

1490 3370 1697 3434 quidem
1744 3371 1855 3418 liaec
1901 3369 2001 3418 fuit
2046 3385 2244 3419 summa
2283 3372 2553 3421 votorum.’

1487 3446 1573 3497 Cf.
1599 3461 1750 3495 κων.
1770 3451 1820 3494 2.
1853 3447 1964 3495 Etsi
1990 3446 2123 3496 enim
2151 3447 2281 3496 bene
2307 3457 2552 3513 recteque

1486 3524 1698 3587 dicitur,
1734 3524 1819 3572 hoc
1852 3538 2082 3573 summum
2116 3528 2188 3573 est
2226 3525 2552 3589 beneficiorum

1479 3601 1833 3664 principalium,
1856 3614 1954 3649 uon
1991 3610 2164 3649 tamen
2201 3616 2413 3652 necesse
2450 3610 2551 3666 est,
2577 3663 2587 3669 .

1486 3687 1543 3727 ut
1580 3679 1710 3727 lianc
1749 3678 1991 3742 loquendi
2024 3679 2277 3728 rationem
2313 3681 2430 3729 huic
2455 3681 2551 3728 eti·

1484 3769 1566 3802 am
1609 3755 1766 3803 Plinii
1813 3756 1924 3804 loco
1967 3755 2303 3805 vindicemus.
2374 3755 2549 3820 Atque

1485 3832 1621 3880 idem
1648 3831 1802 3880 etiam
1830 3832 1894 3880 dc
1920 3834 2170 3881 vocabulo
2197 3832 2390 3892 addito,
2421 3848 2550 3881 sum·

1484 3924 1608 3957 mam
1641 3910 1873 3970 gratiam,
1907 3909 2240 3958 statuendum
2281 3923 2391 3956 esse
2431 3924 2550 3958 cen-

1485 4000 1594 4033 seo.
1664 3985 1890 4033 Cellario
1926 3985 2125 4048 judice,
2169 3985 2413 4050 ‘quidam
2460 3988 2551 4035 ad·

1484 4062 1616 4110 dunt
1648 4063 1880 4123 gratiam,
1912 4063 2047 4126 quod
2086 4064 2343 4124 ingratum
2370 4069 2471 4121 est,
2495 4073 2551 4114 et

1484 4149 1668 4188 contra
1688 4138 1923 4186 meliores
1947 4138 2117 4187 libros.
2153 4138 2420 4185 Gesuerus
2443 4153 2550 4186 ser-

1489 4216 1591 4264 vari
1632 4216 1779 4277 cupit
1814 4214 1864 4262 id
1904 4228 2089 4261 nomen
2126 4213 2375 4272 additum,
2412 4216 2547 4276 quod

1484 4293 1633 4342 abest
1659 4291 1711 4339 iu
1740 4289 2048 4355 quibusdam
2087 4286 2265 4351 [immo
2300 4289 2352 4340 in
2392 4290 2550 4354 pluri-
2640 4326 2653 4342 ,
