3060 4902
741 358 806 405 C.
856 351 1102 405 PmNu
1150 351 1479 404 ssscunm
1532 350 1808 400 PANEG.

296 503 418 565 bns,
442 513 538 565 pro
562 498 748 557 altero,
778 513 934 563 quam
960 497 1211 563 pecuuiae,
1236 496 1365 546 obli·

294 580 441 645 gatis
443 608 611 630 .....
633 576 806 638 Magis
848 584 1020 625 tamen
1068 576 1230 633 illum,
1275 588 1367 638 pro

297 671 406 721 quo
448 654 727 718 spopondi,
763 667 917 717 quam
963 667 1060 707 me,
1104 649 1368 715 obligavi?

297 735 548 786 Schmun.

372 811 513 866 Quod
536 841 551 856 .
570 839 612 857 ..
630 806 889 871 affecisti]
921 806 982 855 In
1008 805 1191 855 codice
1214 804 1372 854 Salis·

300 886 550 947 burgensi
583 892 639 934 et
668 897 804 939 meo,
840 882 1094 944 particula
1125 881 1371 930 caussslis

301 966 431 1028 quod
463 961 671 1020 omissa,
697 970 769 1020 et,
796 973 890 1022 pro
916 957 1201 1006 indicativo
1226 955 1372 1006 verbi

302 1038 531 1104 efficisti,
575 1035 860 1085 infinitivus
913 1032 1126 1096 effecisse
1170 1032 1371 1095 positus

303 1124 420 1174 αις
456 1122 515 1163 nt
540 1113 641 1160 isia
664 1111 825 1158 verba
855 1109 928 1157 sic
960 1112 1209 1172 legamus,
1237 1113 1376 1156 tauto

302 1188 606 1241 laudabilius,
628 1201 734 1235 cum
755 1185 853 1247 ipse
872 1185 943 1233 sis
972 1185 1194 1247 optimus,
1219 1199 1375 1233 omnes

301 1265 438 1313 circa
477 1269 525 1313 te
566 1262 744 1310 similes
793 1261 866 1309 tun·
908 1260 1136 1324 effecisse.
1205 1262 1373 1311 Quam

305 1341 590 1392 lectionem
614 1352 714 1386 non
741 1337 1173 1386 contemnendam
1211 1345 1374 1399 puto;

304 1417 548 1479 apprime
580 1415 715 1463 enim
750 1416 993 1463 convenit
1025 1428 1140 1462 cum
1176 1427 1374 1476 praece·

305 1494 501 1543 dente:
537 1497 551 1520 ⁴
578 1492 790 1541 Quanto
814 1491 948 1538 enim
974 1490 1135 1551 iringis
1159 1489 1375 1538 arduum

305 1575 413 1625 est,
436 1568 562 1618 alios
580 1574 850 1629 praestare,
874 1581 1023 1630 quam
1048 1565 1140 1614 se.'
1173 1565 1325 1614 Idem.

382 1646 507 1694 Cum
524 1645 621 1707 ipse
637 1643 726 1705 sis]
750 1644 925 1693 Quare
945 1644 1144 1692 Seneca
1158 1642 1379 1705 Thyest-

310 1738 378 1774 ιι.
404 1728 453 1773 l.
490 1724 506 1750 ‘
533 1723 646 1772 Rex
680 1722 801 1771 velit
827 1723 1064 1784 honesta,
1097 1735 1250 1770 nemo
1275 1735 1378 1769 non

308 1799 495 1866 eadem
524 1797 695 1847 volet!
729 1798 950 1847 Pater-ol.

384 1877 529 1925 eirca
549 1874 620 1936 te]
651 1874 980 1924 Domesticos
1002 1879 1058 1921 et
1080 1870 1381 1920 familiares.

310 1954 531 2004 Sueton-
552 1952 662 2003 Jul.
683 1966 798 2013 cap.
824 1955 874 1999 9.
906 1957 920 1979 ⁸
949 1949 1207 1999 Omnibus
1240 1948 1381 1997 cirea

313 2045 435 2079 enm
451 2026 751 2078 obstrictis.'
798 2028 862 2077 In
884 2026 1197 2087 Domitiano,
1221 2028 1236 2053 ‘
1256 2025 1382 2074 Om-

314 2120 413 2155 nes
454 2105 595 2154 eirca
628 2119 685 2153 se
714 2105 1002 2167 largissime
1039 2098 1384 2167 prosecutus-⁹

392 2261 565 2309 Omnes
601 2259 729 2308 circa
767 2257 838 2321 te]
873 2258 963 2307 Sic
994 2264 1051 2305 et
1087 2256 1291 2305 Graeci=
1336 2256 1383 2306 oi

315 2335 431 2399 περί
442 2351 519 2395 σε,
544 2336 577 2385 i.
595 2350 642 2383 e.
662 2334 955 2389 domestici,
980 2331 1274 2395 familiares,
1292 2332 1384 2385 mi·

317 2413 490 2468 nisti-i,
517 2412 752 2461 comites.
814 2409 1031 2459 Sueton.
1054 2408 1246 2457 Domit.
1270 2421 1386 2470 cap.

316 2494 373 2539 9.
407 2495 423 2518 ‘
448 2487 643 2537 Omnes
665 2488 804 2536 circa
822 2500 877 2534 se
901 2485 1183 2548 largissime
1210 2499 1387 2548 prose·

319 2564 515 2615 cutus.'
580 2566 690 2614 Cic.
721 2564 785 2613 ad
822 2565 890 2615 Q.
925 2565 1128 2613 Frat.1.
1154 2566 1202 2611 1.
1224 2567 1273 2613 4.
1308 2563 1383 2612 di·

320 2643 418 2702 cit,
443 2642 459 2668 ‘
480 2642 627 2694 Quos
651 2656 716 2689 ex
738 2640 1038 2690 domesticis
1068 2648 1238 2688 tecum
1273 2654 1386 2689 esse

321 2717 593 2767 voluisti.'
655 2717 826 2767 Attic-
865 2730 947 2765 η.
987 2721 1037 2764 9.
1072 2716 1087 2743 ‘
1115 2716 1236 2765 Nec
1274 2715 1385 2765 sine

321 2810 509 2845 caussa
532 2802 585 2844 et
611 2809 717 2850 eos,
753 2794 840 2858 qui
864 2795 1058 2843 circum
1082 2793 1224 2841 illum
1250 2801 1388 2854 sunt,

324 2870 519 2921 times!
585 2871 737 2919 Verr.
761 2875 902 2919 ι.48.
935 2873 951 2898 ⁸
980 2867 1191 2928 Aiebat,
1224 2870 1387 2917 multa

322 2948 424 2997 sibi
461 2961 593 3011 opus
634 2961 769 3002 esse,
802 2947 966 2995 multa
1007 2943 1223 2995 canibus
1263 2946 1389 3001 suis,

323 3021 652 3087 (ministris)
696 3037 821 3085 quos
862 3022 1000 3070 circa
1039 3034 1094 3067 se
1137 3019 1392 3067 haberet.’

326 3098 815 3149 EtAttic.x1n.62.
835 3097 1052 3146 Graece:
1077 3097 1092 3125 ‘
1120 3097 1391 3144 Praeterea

327 3178 497 3226 tribus
522 3176 757 3226 tricliniis
789 3173 995 3236 accepti
1032 3169 1207 3234 οἱπερὶ
1244 3170 1392 3220 αὐτὸν

329 3251 486 3301 valde
510 3248 756 3314 copiose.'
790 3249 1032 3299 Schmun.

398 3328 618 3392 Similes]
656 3326 950 3376 Martialis:
1001 3329 1016 3352 ‘
1044 3324 1216 3374 Nemo
1254 3334 1392 3380 suos,

331 3405 446 3454 haec
486 3410 565 3453 est
599 3404 730 3452 aulae
769 3410 952 3450 natura
990 3399 1250 3462 potentis3
1286 3397 1390 3447 Sed

331 3479 528 3529 domini
596 3491 765 3527 mores
822 3476 1144 3525 Caesarianus
1200 3472 1395 3523 habet)

401 3629 579 3680 Multis
594 3627 879 3691 illustribus]
904 3630 1027 3678 Non
1053 3627 1203 3677 modo
1226 3628 1399 3692 priva·

337 3707 425 3763 tls,
468 3712 525 3754 ut
569 3706 830 3768 Ciceroni,
873 3706 956 3754 cui
1002 3706 1281 3764 Terentia;
1334 3702 1398 3754 1..

336 3783 517 3846 Syna,
554 3783 636 3830 cui
682 3782 934 3842 Metella3
986 3782 1084 3830 Cn.
1130 3780 1402 3842 Pompeio,

337 3859 424 3907 eni
447 3857 636 3919 Mutia,
665 3857 1007 3921 impudicitiae
1041 3856 1179 3906 fama
1203 3857 1402 3920 pariter

337 3934 658 3990 laborantes,
697 3935 950 3997 conjuges
993 3933 1173 3994 fuere;
1219 3934 1311 3983 sed
1348 3940 1402 3983 et

340 4011 677 4074 principibus,
715 4019 772 4060 ut
805 4011 1033 4065 Tiberio,
1072 4017 1129 4058 et
1169 4009 1404 4073 Claudio,

340 4085 544 4135 omissis
567 4085 699 4144 aliis,
718 4099 934 4148 quorum
957 4085 1031 4134 illi
1050 4084 1258 4147 sutiam,
1287 4084 1401 4153 lmic

341 4162 696 4224 Messalinam,
717 4171 772 4212 et
796 4161 1157 4226 Agrippinam,
1182 4161 1404 4211 dedeco-

343 4239 389 4289 ri
413 4253 598 4303 magno
622 4238 839 4302 legimns
864 4236 1044 4290 fuisso.
1082 4238 1301 4287 Pater-01.

1886 350 1935 399 1.
1965 332 2070 400 83.
2334 331 2507 399 1023

1507 492 1764 554 Dedecori]
1820 494 1893 541 M.
1934 490 2166 542 Antonio
2211 489 2509 555 Cleopatra,

1443 570 1572 618 Caio
1605 571 1776 618 Ennia
1814 569 2015 630 Noevia,
2056 566 2276 617 Claudio
2313 566 2509 631 Agrip·

1444 647 1583 709 pina.
1642 645 1858 694 Sueton.
1880 646 1992 693 Cal.
2008 659 2123 706 cap.
2145 648 2223 692 12.
2247 643 2432 693 Claud.
2456 659 2507 694 e.

1445 728 1526 772 26.
1581 723 1658 772 Μ.
1716 723 1900 772 Caloni
1958 722 2240 771 Censorino
2296 721 2511 770 Actoris

1447 799 1654 859 Paulla,
1699 807 1752 847 et
1797 800 1879 846 cui
1930 812 2030 845 nou
2073 799 2180 845 lieri
2230 804 2283 844 et
2325 797 2514 846 hodie?

1448 875 1568 923 Non
1592 877 1747 935 male,
1770 875 1863 923 nisi
1899 873 2061 922 malus
2099 874 2344 936 accipias,
2376 874 2513 925 dixit

1445 951 1721 1015 quispiam,
1755 951 1771 978 ‘
1797 951 1977 1002 Qualis
2011 966 2141 998 uxor
2175 952 2394 1012 venerit,
2434 959 2512 1001 ta·

1448 1030 1509 1075 lis
1546 1034 1622 1076 est
1659 1027 1929 1076 habenda:
1965 1027 2006 1074 si
2047 1026 2312 1081 iracunda,
2347 1028 2390 1074 si
2431 1024 2513 1076 fa·

1450 1112 1559 1164 tua,
1576 1104 1618 1151 si
1635 1102 1901 1159 deformis,
1921 1105 1962 1151 si
1988 1102 2231 1165 superba,
2249 1103 2291 1150 si
2309 1100 2512 1164 faeiids,

1449 1178 1794 1243 quodcunque
1841 1179 1956 1227 viiii
2000 1187 2100 1234 est,
2142 1189 2260 1241 post
2301 1177 2513 1240 nuptias

1449 1256 1713 1303 discinnus.
1781 1256 1981 1320 Equus,
2003 1256 2115 1316 bos,
2142 1253 2332 1308 asinus,
2356 1253 2515 1309 canis,

1451 1336 1507 1378 et
1543 1331 1777 1379 vilissima
1818 1332 2073 1394 mancipia
2114 1331 2416 1392 probantur,
2460 1336 2518 1378 et

1452 1407 1527 1456 sic
1554 1416 1823 1455 emuntur:
1862 1407 1968 1456 sola
2005 1421 2133 1454 uxor
2161 1420 2261 1454 nou
2287 1403 2517 1453 ostendi-

1455 1490 1560 1545 tur,
1582 1498 1647 1532 ne
1675 1485 1817 1546 prius
1841 1483 2139 1548 displiceat,
2175 1497 2327 1546 quam
2360 1481 2516 1531 duca·

1455 1559 1575 1609 tur.'
1608 1559 1764 1610 Bern.

1509 1634 1719 1683 Retenta
1739 1633 2023 1696 patientius]
2047 1633 2062 1659 ⁴
2085 1631 2376 1682 Patientia’
2394 1630 2520 1681 alias

1455 1711 1666 1760 virtutis
1693 1711 1896 1760 laudem
1921 1711 2098 1766 habet,
2130 1719 2182 1759 et
2218 1711 2282 1758 ad
2310 1709 2519 1760 sortitu-

1456 1786 1628 1835 dinem
1654 1787 1898 1845 refertur,
1922 1788 1963 1835 si
1988 1790 2003 1815 ⁸
2036 1801 2205 1836 rerum
2235 1794 2311 1836 est
2333 1787 2521 1837 ardua·

1457 1876 1570 1910 rum
1601 1877 1660 1911 ac
1683 1861 1967 1911 difficilium
1994 1864 2290 1912 voluntaria
2323 1877 2385 1911 ae
2407 1862 2521 1911 diu·

1457 1945 1613 1987 turna
1651 1936 1961 2002 perpessio&
1995 1948 2152 2002 prout
2189 1954 2303 1987 eam
2341 1938 2523 1988 definit

1459 2016 1569 2065 Cic.
1594 2014 1660 2064 de
1698 2017 1905 2064 Invent-
1939 2029 2002 2065 11.
2037 2021 2120 2065 54.
2157 2030 2336 2065 verum
2370 2016 2523 2065 mari·

1462 2093 1528 2142 tis
1557 2093 1683 2140 vitio
1718 2092 1961 2151 vertitur,
2000 2092 2041 2140 si
2079 2091 2287 2155 quando
2333 2105 2520 2142 uxores

1462 2166 1706 2216 adulterii
1733 2182 1843 2215 reas
1869 2167 2152 2228 patientius
2176 2165 2372 2222 ferunt,
2396 2167 2523 2216 reti·

1459 2252 1708 2306 nentque.
1772 2242 1972 2291 Plinius
2009 2249 2204 2304 noster,
2241 2242 2412 2305 Epist.
2442 2255 2523 2291 vt.

1461 2324 1542 2368 31.
1598 2328 1611 2350 ⁸
1652 2319 1922 2374 Maritum,
1966 2318 2228 2368 tribunum
2285 2318 2526 2379 militum,

1462 2409 1566 2444 non
1602 2395 1715 2442 sine
1750 2394 1923 2459 aliqua
1957 2392 2357 2456 reprehensione
2390 2393 2526 2458 pati-

1463 2473 1642 2534 entiae,
1656 2487 1797 2520 annor
1814 2472 1987 2519 uxoris
2005 2470 2309 2519 retardabat
2326 2487 2341 2529 3
2372 2484 2525 2534 quam

1463 2549 1669 2614 quidem
1712 2551 1865 2598 etiam
1907 2557 2024 2612 post
2065 2549 2294 2598 delatum
2325 2548 2527 2598 adulte·

1464 2628 1593 2674 rium
1625 2625 1765 2674 domi
1790 2626 2061 2683 habuerat,
2087 2626 2228 2689 quasi
2253 2631 2528 2674 contentus

1464 2706 1706 2753 aemulum
1744 2703 2057 2752 removisse!
2123 2703 2200 2752 Ex
2235 2702 2528 2752 constituti·

1464 2781 1647 2830 onibus
1664 2781 1845 2830 Severi
1871 2786 1924 2829 et
1951 2780 2216 2835 Antonini,
2246 2780 2531 2842 imperato·

1467 2872 1596 2912 rum,
1615 2857 1896 2905 secundum
1916 2859 2012 2918 leg.
2030 2861 2076 2905 2.
2100 2855 2230 2904 Cod.
2247 2855 2311 2904 ad
2336 2856 2529 2918 Legem

1462 2935 1655 2985 Juliam
1680 2934 1744 2982 de
1763 2933 2086 2982 Adulteriis=
2119 2934 2134 2959 ‘
2157 2933 2365 2979 Crimen
2389 2932 2531 2979 leno-

1466 3011 1585 3059 cinii
1607 3011 1937 3070 contrahunt,
1961 3008 2049 3072 qui
2076 3007 2453 3069 deprehensam
2478 3008 2532 3055 in

1467 3087 1727 3134 adulterio
1748 3099 1958 3132 uxorem
1987 3084 2036 3130 in
2062 3081 2385 3131 matrimonio
2411 3082 2536 3130 reti·

1467 3168 1726 3222 nuerunt;
1764 3175 1887 3221 nou,
1912 3161 1998 3224 qni
2016 3167 2304 3222 suspectam
2328 3158 2534 3208 adulte·

1468 3252 1577 3285 ram
1635 3235 1961 3284 habuerunt!
2042 3234 2240 3283 Lucan.
2295 3248 2398 3283 vn.
2449 3237 2536 3283 ⁶2.

1468 3322 1482 3344 ⁸
1504 3315 1692 3377 Segnis
1722 3313 2045 3377 pavidusque
2085 3320 2320 3367 vocatur,
2349 3310 2430 3360 Ac
2463 3312 2540 3360 ni·

1469 3392 1623 3440 mium
1696 3390 1899 3453 patiens
1966 3388 2133 3438 soceri
2213 3386 2536 3451 Pompeius.'

1469 3468 1714 3518 Schwart-

1540 3543 1860 3593 Inconsuliius
1892 3556 2015 3591 uxor
2054 3541 2283 3604 assumta]
2330 3539 2537 3603 Euripi·

1473 3621 1600 3671 dest
1636 3621 1736 3684 Χρὴ
1753 3620 1793 3667 δ’
1818 3621 1870 3668 ἐν
1890 3618 2098 3680 δόμοισιν
2116 3618 2266 3683 ἄνδρα,
2285 3617 2373 3667 τὸν
2390 3616 2540 3680 σοφὸν

1471 3697 1666 3762 τρέφειν
1699 3699 1902 3746 Γυναῖκα
1922 3696 2142 3759 χρηστὴν
2169 3697 2399 3757 κάγαθὴν,
2421 3695 2452 3751 ἣ
2472 3693 2541 3753 μὴ

1473 3772 1678 3838 τρέφειν.
1728 3775 1964 3824 Ducenda
1984 3776 2036 3822 in
2060 3775 2185 3821 ades
2206 3773 2334 3820 socia
2349 3771 2544 3831 genita·

1474 3853 1537 3901 lis
1559 3854 1655 3901 tori
1689 3851 1846 3912 Frugi
1878 3856 2019 3912 alque
2052 3851 2264 3911 honesta,
2295 3852 2380 3895 aut
2412 3846 2545 3895 nulla

1476 3929 1685 3991 sapienti
1708 3929 1828 3976 viro.
1867 3927 2034 3976 Lirin.

1548 4003 1891 4065 [inconsultius]
1932 4003 2122 4051 Parum
2148 3998 2420 4061 explorata
2448 4011 2546 4062 pu·

1478 4082 1663 4133 dicitis
1687 4083 1815 4143 ejus.
1848 4081 1986 4143 Lips.

1547 4155 1848 4217 Patientia]
1879 4156 2000 4205 Jam
2025 4151 2243 4202 infamis.
2280 4152 2428 4202 Idem-

1546 4231 1851 4296 Patientia]
1885 4229 2133 4281 Claudius
2165 4243 2310 4279 suam
2346 4229 2546 4281 Messa·
