3060 4902
565 314 739 384 1028

567 495 683 530 nem
728 475 967 527 librsrlus
1014 472 1208 525 codicis
1257 473 1523 534 Patavini,
1572 469 1625 522 i'n

567 571 666 621 qno
708 555 943 618 legimns,
990 552 1220 616 probatis,
1254 566 1318 599 ex
1358 566 1448 613 quo
1484 549 1626 607 nihil,

563 634 684 697 quod
708 632 834 680 cobis
850 631 1070 690 felicitas
1110 630 1316 678 addidit.
1399 630 1528 677 Cum
1571 630 1624 677 in

565 710 774 773 vulgata
798 708 1043 767 lectione,
1064 705 1273 755 verbnm
1304 705 1514 768 probatis
1539 704 1626 754 sb-

563 787 734 835 solnte
769 783 837 834 sit
873 784 1117 846 positum,
1144 790 1201 831 ut
1237 796 1340 831 non
1371 782 1509 831 illico
1533 796 1623 845 ap·

561 867 767 927 psreat,
788 859 910 924 qnid
940 871 1159 924 quemve
1188 857 1459 920 Trajanns,
1484 857 1620 919 ejus-

561 955 664 1005 que
707 938 914 1002 conjnx,
959 935 1179 1000 probare
1219 933 1494 993 dicantnr3
1526 932 1622 983 du-

561 1016 750 1080 plicem
777 1015 908 1063 viam
932 1012 1020 1062 inii
1045 1011 1191 1074 hujus
1215 1010 1318 1059 loci
1339 1008 1619 1059 emendan-

559 1095 631 1142 di.
698 1093 929 1142 Primum
953 1090 1245 1151 suspicatus
1269 1102 1399 1151 snm,
1428 1101 1620 1151 prono-

559 1184 676 1220 men
697 1170 837 1225 idem,
857 1166 977 1232 quis
1001 1165 1051 1214 id
1078 1171 1439 1228 precesserat,
1457 1179 1570 1213 esse
1588 1178 1620 1213 a

559 1245 784 1295 librariis
818 1244 980 1292 altero
1014 1243 1129 1292 loco
1165 1243 1454 1291 oscitanter
1486 1256 1619 1304 prae·

560 1322 869 1383 termissnm,
905 1319 1135 1383 adeoque
1169 1318 1339 1366 denno
1374 1324 1616 1379 repeten-

557 1399 697 1455 dum,
718 1403 776 1448 ut
799 1398 1047 1461 legamus,
1080 1396 1203 1445 idem
1232 1394 1442 1457 probatis
1468 1409 1530 1443 ex
1550 1410 1614 1444 ιε.

557 1491 683 1539 qum·
723 1476 756 1526 i.
788 1489 835 1526 e.
878 1475 1017 1524 idem
1063 1488 1129 1523 ex
1174 1474 1287 1537 pari
1333 1473 1614 1523 animorum

556 1554 891 1602 consensione
945 1550 1121 1607 vultis,
1176 1558 1230 1600 et
1284 1564 1384 1598 non
1433 1550 1616 1611 vultis3

554 1638 714 1694 prout
757 1629 958 1679 Plinius
1003 1623 1159 1690 snpra
1205 1627 1356 1690 dixit,
1394 1640 1535 1676 nxn.
1568 1631 1618 1677 5.

553 1706 571 1734 ⁶
594 1707 787 1755 Eadem
813 1706 1007 1768 Caesar,
1029 1719 1143 1768 quae
1172 1713 1399 1759 senatus,
1428 1704 1616 1767 probat

552 1780 954 1846 improbstqne!
1022 1780 1127 1831 Sed
1152 1782 1228 1829 sic
1257 1795 1357 1829 non
1383 1782 1505 1830 satis
1528 1796 1613 1831 co-

551 1859 715 1908 liaeret
750 1857 1067 1921 subsequens
1103 1858 1366 1906 sententia
1387 1872 1417 1905 n
1442 1858 1615 1908 Plinio

553 1936 732 1997 allata,
754 1935 961 1997 nihilque
990 1932 1121 1982 vobis
1141 1933 1360 1993 felicitas
1391 1934 1614 1993 addidit,-

550 2028 665 2078 qnae
688 2026 790 2061 non
816 2021 916 2061 tam
942 2017 1168 2060 mutuam
1187 2011 1469 2060 animorum
1489 2025 1614 2061 con-

551 2092 835 2140 sensionem
880 2096 938 2141 et
975 2087 1421 2153 approbationem,
1460 2104 1612 2153 quam

546 2169 816 2234 utriusque
866 2166 1213 2218 constantiam
1261 2166 1435 2226 animi,
1485 2180 1610 2215 eun-

549 2244 772 2309 demque
812 2244 933 2294 vitae
981 2244 1229 2292 modestae
1270 2249 1520 2305 tenorem,
1554 2243 1607 2292 in

548 2324 753 2386 privata
774 2321 1083 2386 publicaque
1100 2319 1330 2380 fortuna,
1347 2320 1609 2383 respicere

545 2398 773 2448 videtur.
838 2398 1025 2460 Itaque
1061 2396 1272 2458 deinde,
1307 2397 1607 2446 mollissimo

545 2476 777 2526 remedio
815 2488 955 2531 usus,
990 2474 1193 2522 unicam
1234 2473 1437 2522 literam
1473 2488 1515 2534 s,
1552 2475 1604 2522 in

542 2550 646 2600 fine
671 2550 814 2598 verbi
846 2548 1076 2611 probatis,
1100 2548 1458 2598 dimittendam
1481 2564 1602 2598 cen-

541 2628 641 2690 sui,
670 2633 728 2675 nt
760 2640 855 2689 pro
882 2625 1117 2688 probatis,
1152 2625 1464 2674 rescribatur
1489 2641 1604 2688 pro·

544 2702 644 2751 bati
658 2718 679 2759 ,-
711 2717 860 2765 qnam
884 2700 1298 2749 emendationem
1323 2702 1480 2750 etism
1501 2704 1601 2752 Pe-

540 2777 736 2827 rizonio
768 2776 819 2825 in
849 2782 1074 2824 mentem
1106 2777 1327 2838 venisse,
1363 2791 1500 2826 nunc
1534 2792 1602 2828 ex

540 2854 812 2904 Arntzenii
879 2854 1012 2902 notis
1081 2853 1328 2917 intelligo.
1426 2854 1602 2921 Atque

538 2931 697 2981 etism
734 2929 981 2980 Bebrium
1020 2929 1111 2986 sic,
1147 2930 1237 2979 sed
1275 2946 1389 2980 cum
1427 2933 1602 2984 inutili

541 3013 837 3071 augmento,
879 3005 1266 3054 rescribendum
1311 3007 1599 3077 judicasse,

539 3082 879 3147 deprehendi,
910 3082 1097 3146 probati
1117 3084 1246 3132 inter
1267 3099 1348 3132 cos
1367 3101 1431 3134 ex
1449 3102 1601 3150 aeqno.

538 3161 708 3211 Nemo
733 3175 854 3209 vero
877 3161 1077 3209 nescire
1100 3168 1291 3224 potest,
1315 3177 1466 3228 qnam
1491 3164 1596 3215 fre.

536 3246 759 3303 quenter
787 3238 953 3286 literoe
991 3250 1321 3300 supervacuae
1353 3253 1470 3289 cnm
1500 3242 1595 3293 ini·

536 3314 628 3376 tio,
646 3320 752 3363 tum
772 3312 861 3362 fini
879 3326 1083 3369 vocum,
1100 3328 1166 3362 ex
1190 3316 1343 3378 cnlps
1360 3316 1597 3369 librario·

536 3403 670 3449 rum,
693 3390 1026 3451 accesserint,
1057 3390 1149 3439 nisi
1181 3391 1263 3439 cni
1298 3406 1399 3442 non
1431 3397 1593 3444 conti-

535 3466 613 3530 git
648 3472 876 3514 tractare
909 3466 1116 3515 codices
1148 3467 1277 3516 Mss.
1341 3469 1412 3518 Et
1440 3484 1593 3534 qusm

532 3541 688 3591 facile
711 3541 823 3591 fieri
854 3544 1044 3605 potnit,
1077 3553 1132 3592 nt
1165 3544 1361 3594 librarii
1385 3546 1592 3611 quidam

532 3626 736 3668 veteres
758 3620 1011 3681 putarint,
1031 3635 1097 3668 ex
1121 3620 1454 3672 similitudine
1478 3639 1592 3673 ver·

532 3695 713 3745 borum
759 3695 1187 3758 proecedentium,
1228 3700 1360 3761 estis,
1397 3700 1594 3764 fuistis,

527 3772 859 3824 scribendum
884 3772 1037 3823 etiam
1071 3788 1183 3823 esse
1212 3775 1442 3838 probatis,
1471 3792 1591 3827 cum

530 3853 759 3902 scribere
816 3849 1119 3899 debuissent
1167 3852 1397 3915 probati?
1482 3854 1591 3906 Qui

529 3944 677 3979 error
700 3929 945 3991 deinceps
981 3927 1032 3977 in
1064 3935 1143 3976 tot
1180 3929 1403 3993 reliquos
1427 3929 1587 3981 libros

528 4006 791 4056 derivatus
825 4013 923 4055 est.
994 4005 1141 4055 Dixit
1177 4005 1332 4069 igitur
1367 4007 1589 4066 Plinius,

530 4084 664 4133 Idem
685 4085 801 4133 estis
822 4083 1039 4145 invicem,
1055 4084 1175 4146 quod
1185 4083 1374 4143 fuistis,
1395 4084 1588 4149 probati

526 4170 591 4204 es:
612 4172 760 4219 oequo.
824 4158 996 4207 Tanto
1018 4158 1276 4208 lubentius
1297 4174 1433 4209 nunc
1453 4161 1588 4212 banc

526 4232 833 4284 lenissimsm
851 4232 1265 4288 emendationem
1283 4238 1590 4305 smplector,

1254 326 1474 376 ⁸0⁰1·AE
1522 323 1930 374 vsluomm
1980 323 2063 373 m

1697 486 1813 522 cnm
1846 470 1923 521 sic
1958 468 2224 521 sententis
2249 468 2414 520 Plinii
2447 470 2608 523 multo
2642 473 2767 537 pln-

1697 549 1805 599 nior
1847 548 2262 611 luculentiorque
2305 547 2514 604 evsdst,
2547 558 2601 597 et
2633 564 2759 601 enm

1697 627 2033 691 sequentibus
2055 626 2229 675 verbis
2251 625 2435 675 melius
2458 628 2763 679 eonvenite.

1695 704 1924 754 Verbum
1970 711 1985 734 ‘
2009 702 2266 767 probare'
2296 703 2487 768 alioqui
2533 706 2758 755 maxine

1696 794 1838 829 nsum
1864 781 2021 830 babet
2044 780 2094 829 in
2129 794 2185 828 re
2205 779 2434 829 militari.
2500 780 2591 830 Sic
2613 781 2759 834 Piis.

1694 855 1865 918 Epist.
1891 869 1949 904 x.
1972 859 2056 905 39.
2106 854 2124 882 ‘
2154 855 2254 905 Ille
2295 856 2432 904 enim
2472 855 2608 916 dies,
2652 872 2760 923 qno

1693 933 1910 995 primum
1947 932 2153 996 probati
2195 939 2336 990 sunt,
2374 933 2645 982 veritatem
2683 934 2759 984 sb

1693 1008 1768 1058 bis
1790 1011 1996 1074 originis
2019 1024 2129 1059 σοι»,
2150 1009 2320 1073 exigit
2335 1007 2370 1072 ς’
2401 1008 2463 1056 sd
2497 1023 2654 1072 quem
2676 1009 2758 1059 lo·

1692 1098 1808 1136 cnm
1865 1087 1981 1136 vide
2031 1086 2287 1137 Curtium.
2364 1086 2581 1136 Sueton-
2616 1087 2758 1137 Ces.

1691 1175 1809 1225 cap.
1833 1167 1918 1213 65.
1951 1164 1967 1190 ‘
1992 1163 2195 1211 Milites
2229 1175 2396 1225 neque
2431 1176 2461 1210 ιι
2499 1162 2754 1226 moribus,

1689 1252 1860 1303 neque
1882 1253 1913 1287 s
1933 1237 2160 1302 fortune,
2196 1237 2483 1301 probsbst;
2515 1239 2610 1288 sed
2633 1247 2754 1289 tsn-

1690 1322 1799 1365 tnm
1824 1331 1855 1365 s
1879 1314 2105 1366 viribus.’
2170 1315 2338 1366 Tscit.
2358 1315 2609 1366 Germsn.
2631 1330 2751 1381 cop.

1691 1397 1771 1442 ls.
1792 1394 1809 1422 ‘
1827 1395 1989 1444 Arms
2009 1408 2213 1444 sumere
2233 1407 2335 1442 non
2357 1400 2481 1444 ante
2501 1395 2752 1458 cuiqnam

1689 1472 1864 1536 moris,
1885 1487 2036 1537 quum
2069 1473 2249 1523 civitas
2270 1469 2604 1521 suffecturum
2628 1487 2750 1537 pro·

1687 1548 1927 1599 buerit!
1994 1548 2195 1599 Deinde
2217 1548 2377 1598 etism
2400 1549 2465 1598 sd
2501 1549 2630 1597 alios
2653 1564 2752 1613 ap·

1687 1625 1929 1689 plicstnr‚
1963 1639 2177 1691 quornm
2217 1626 2324 1674 vits
2358 1633 2413 1675 et
2448 1639 2621 1675 mores
2656 1641 2753 1676 ex-

1687 1703 1977 1767 plorantur,
2014 1710 2335 1766 spectantur,
2370 1703 2747 1766 approbentur,

1687 1784 1744 1828 et
1779 1780 2003 1842 placent.
2081 1780 2283 1830 Plinius
2322 1794 2498 1844 snpra,
2537 1793 2664 1831 xix.
2690 1786 2746 1831 4.

1687 1856 1704 1885 ‘
1731 1856 1931 1907 Felices
1970 1858 2103 1920 illos,
2144 1871 2359 1921 quornm
2403 1855 2537 1906 fides
2568 1867 2626 1906 et
2668 1858 2747 1908 in-

1685 1931 2024 1997 dustrisaenon
2065 1947 2162 1997 per
2202 1934 2550 1984 internuntios
2571 1942 2627 1983 et
2663 1935 2747 1985 in·

1687 2017 1965 2073 terpretes‚
1999 2010 2090 2059 sed
2130 2009 2198 2059 nb
2238 2012 2350 2073 ipso
2388 2018 2476 2072 te;
2518 2024 2614 2060 nec
2653 2027 2746 2061 sn·

1685 2084 1825 2135 ribus
1900 2086 2021 2150 tuis,
2101 2086 2195 2136 sed
2269 2087 2452 2149 oculis,
2517 2088 2744 2151 probun-

1685 2161 1806 2211 tur.’
1870 2163 2038 2225 Epist.
2069 2175 2135 2212 ιι.
2163 2166 2244 2211 ts.
2273 2165 2292 2192 ‘
2319 2162 2518 2220 Habes.
2553 2166 2744 2228 qualis,

1682 2252 1832 2302 quam
1873 2240 2123 2303 probstns
2161 2252 2415 2303 carusque
2447 2240 2520 2289 sit
2558 2241 2747 2292 nobis:

1680 2316 1846 2378 Epist.
1869 2328 1995 2365 vm.
2025 2321 2107 2366 24.
2137 2317 2153 2343 ⁸
2179 2316 2261 2365 Ne
2294 2316 2435 2365 rudis
2468 2324 2527 2365 et
2561 2318 2746 2384 incog-

1679 2393 1838 2454 nitus,
1861 2407 2013 2456 quam
2043 2393 2344 2456 exploratus
2367 2394 2746 2461 probatusque,

1678 2468 1965 2525 humanior,
2016 2471 2213 2528 melior,
2268 2469 2430 2521 fnisse
2474 2472 2745 2524 videaris.²

1679 2545 1884 2595 Probata·
1924 2562 1988 2596 ex
2029 2562 2180 2610 aquo,
2225 2547 2262 2596 i.
2293 2561 2343 2596 e.
2382 2548 2472 2612 qui
2511 2551 2742 2613 spectati

1678 2623 1826 2685 estis,
1868 2624 2173 2687 laudemque
2216 2633 2271 2674 et
2307 2625 2740 2690 approbationem

1677 2700 1959 2761 meruistis,
2001 2702 2265 2765 utrinqne,
2305 2702 2416 2751 sive
2469 2716 2636 2768 nque,
2678 2705 2737 2755 in

1677 2784 1818 2826 statu
1843 2777 2059 2841 privstse
2084 2776 2326 2842 fortune,
2348 2779 2401 2828 in
2424 2771 2531 2844 qno
2550 2779 2742 2844 fuistis,

1674 2865 1738 2900 sc
1782 2852 1833 2901 in
1882 2861 2024 2903 ststn
2067 2854 2291 2903 excelsas
2331 2855 2740 2921 principalisque

1677 2927 1921 2990 fortunas,
1944 2931 1995 2979 in
2019 2944 2120 2994 qno
2143 2945 2281 2981 nunc
2300 2933 2446 2982 estis.
2511 2934 2617 2984 Ubi
2639 2949 2736 2986 no·

1676 3007 1861 3057 tandus
1883 3016 1964 3058 est
1987 3010 2197 3074 elegans
2227 3026 2347 3061 nsus
2381 3011 2639 3071 formnloe.
2672 3030 2738 3065 ετ

1671 3098 1822 3146 oequo.
1891 3084 2051 3135 ovid.
2073 3085 2294 3136 Heroid.
2319 3087 2486 3152 Epist.
2510 3101 2633 3139 ιη.
2648 3094 2737 3140 87.

1672 3161 1688 3189 ‘
1715 3161 1888 3224 Dixit,
1913 3169 1970 3211 et
2001 3175 2067 3211 ex
2096 3177 2244 3228 equo
2278 3165 2425 3214 donis
2460 3163 2736 3231 formaque

1671 3239 1925 3301 probsts.’
1969 3239 2118 3290 Idem
2134 3242 2304 3304 Epist.
2318 3254 2413 3291 xx.
2432 3245 2548 3292 128.
2569 3246 2587 3272 ⁸
2601 3244 2735 3294 ‘l'or—

1670 3330 1834 3380 queor
1856 3332 1921 3367 ex
1946 3332 2112 3383 equo,
2152 3320 2234 3369 vel
2271 3328 2324 3370 te
2360 3321 2608 3381 nubente,
2645 3324 2732 3373 vel

1667 3394 1850 3457 egre!
1915 3395 2086 3445 Tacit.
2124 3397 2312 3447 Annsl.
2355 3410 2486 3446 xm.
2518 3402 2570 3449 2.
2614 3404 2632 3429 ‘
2654 3398 2731 3450 Hi

1669 3482 1899 3524 rectores
1950 3476 2300 3538 imperotorioe
2355 3477 2618 3541 juvente,
2672 3487 2731 3529 et

1666 3553 1779 3616 peri
1803 3552 1854 3601 in
1877 3552 2129 3603 societate
2150 3556 2397 3618 potentins
2417 3556 2730 3620 concordes,

1666 3627 1875 3678 diversa
1928 3635 2041 3678 srte
2096 3643 2164 3679 ex
2215 3643 2364 3695 seqno
2419 3631 2727 3695 pollebant:

1665 3703 1897 3755 But-rbus
1919 3705 2228 3756 militaribus
2263 3708 2415 3764 curis,
2438 3716 2494 3757 et
2529 3712 2730 3759 severi·

1668 3788 1778 3831 tste
1807 3795 2038 3845 morum;
2066 3781 2265 3832 Seneca
2300 3785 2584 3848 preceptis
2619 3787 2727 3837 elo-

1665 3858 1908 3920 qnentiae,
1957 3866 2016 3909 et
2056 3860 2301 3910 comitste
2331 3861 2591 3923 honesto:
2624 3866 2727 3914 &c-

1663 3935 1913 3987 Quinctil.
1956 3935 2254 3986 Declstnst.
2296 3940 2415 3987 879.
2464 3940 2481 3967 ⁸
2515 3938 2723 3990 Inimici

1662 4019 1785 4060 snnt
1806 4025 1871 4060 ex
1895 4012 2063 4076 pari3'
2096 4013 2232 4078 qnod
2266 4013 2466 4065 dictum
2492 4015 2720 4077 videtur,

1660 4094 1722 4137 nt
1741 4101 1806 4137 ex
1824 4103 1973 4152 oeqto.
2007 4089 2171 4138 Idem.

1725 4164 1866 4213 Scire
1905 4166 2136 4232 cepistis]
2187 4166 2368 4217 Codex
2412 4169 2720 4229 Pamisus,

1659 4252 1758 4307 pro
1776 4241 2009 4307 cupistis.
2028 4241 2187 4295 habet
2215 4244 2453 4308 ‘oudin
2482 4258 2586 4296 non
2606 4260 2718 4297 ms-
