3060 4902
508 373 640 440 780

509 535 646 582 malo
699 532 830 582 hanc
886 532 1074 590 Plinio,
1130 546 1281 596 qnam
1334 538 1570 580 extraor-

511 609 763 659 dinariam
822 615 878 658 et
936 609 1325 657 insolentiorem
1382 606 1571 656 dictio-

507 699 647 748 nem,
670 684 763 733 sub
787 698 1092 747 quacunque
1121 683 1459 731 excusatione
1484 682 1572 731 ad·

508 762 754 811 scribere.
826 761 964 810 Alibi
997 761 1156 809 etism
1195 760 1474 808 oscitantes
1511 759 1574 807 li·

510 837 686 899 brarii,
732 835 885 885 modo
940 836 1248 898 singularem
1302 848 1573 884 numerum

511 910 656 960 verbi
697 913 748 961 in
786 926 1055 961 numerum
1095 911 1436 961 multitudinis
1463 926 1573 961 mu-

510 995 660 1048 tant;
695 996 847 1050 prout
867 1002 984 1036 mox
1003 987 1573 1050 videbimus,quosdam

509 1065 780 1128 scripsisse
801 1069 1095 1123 consumunt,
1126 1065 1214 1113 ubi
1236 1063 1460 1112 scribere
1481 1062 1574 1111 de·

507 1140 730 1190 buerant
750 1141 1012 1199 consuunt,-
1042 1139 1193 1189 modo
1226 1140 1446 1189 vicissim
1482 1154 1574 1189 nu-

510 1230 708 1266 merum
750 1217 996 1280 pluralem
1032 1216 1083 1264 in
1122 1214 1428 1277 singularem
1453 1229 1573 1264 con·

511 1299 739 1342 vertunt.
820 1291 1067 1341 Gaudent
1116 1305 1217 1341 non
1262 1292 1389 1340 nulli
1434 1307 1573 1342 com-

511 1376 849 1424 mentatores,
886 1368 927 1415 si
965 1366 1172 1431 quando
1214 1366 1404 1416 menda
1441 1369 1572 1432 ejus·

509 1444 650 1494 modi
685 1432 1149 1509 quomodocunque
1195 1446 1410 1509 palliare
1460 1462 1575 1509 pos·

508 1523 631 1571 sint.
664 1523 780 1584 Ego
804 1536 946 1584 vero,
970 1537 1086 1571 cum
1110 1523 1159 1570 in
1184 1521 1448 1572 codicibus
1471 1524 1575 1573 Va-

509 1597 712 1653 ticanis,
750 1599 1055 1660 parisiensi,
1089 1605 1307 1663 utroque
1352 1600 1574 1657 Veneto,

511 1679 568 1722 et
587 1672 979 1736 salisburgensi,
1001 1674 1283 1722 invenerim
1304 1689 1571 1725 numerum

512 1748 860 1797 multitudinis
899 1750 1045 1798 verbi
1078 1750 1462 1815 immorarentur,
1484 1754 1572 1817 qni

512 1824 738 1872 naturali
751 1823 956 1872 dicendi
975 1826 1172 1874 ratione
1186 1826 1404 1889 planius,
1417 1844 1571 1892 quam

508 1912 749 1948 numerus
769 1897 1046 1962 singularis
1073 1900 1417 1966 immoraretur,
1449 1919 1573 1954 con-

511 1976 657 2024 venit
674 1989 789 2023 cum
808 1976 1043 2039 sequenti
1060 1978 1360 2039 pronomine
1382 1968 1572 2041 plurali

505 2051 888 2115 quibuscunque5
921 2053 1095 2100 nescio
1129 2067 1271 2117 sane,
1311 2068 1405 2103 cur
1437 2055 1572 2106 hanc

509 2127 719 2177 dicendi
755 2128 1024 2191 rationem,
1057 2142 1172 2192 quae
1196 2144 1228 2177 a
1254 2132 1577 2194 negligentia

509 2205 855 2260 librariorum.
873 2212 963 2254 aut
978 2205 1165 2255 omisso
1185 2209 1571 2271 compendiosae

511 2284 789 2347 scripturas
835 2285 1001 2347 signo,
1055 2282 1297 2333 facillime
1341 2288 1572 2337 existere

511 2364 703 2426 potuit,
725 2370 779 2413 et
801 2379 915 2429 quae
936 2364 1109 2413 Plinio
1128 2365 1311 2414 saltem
1330 2365 1572 2425 insolens,

511 2447 569 2490 et
598 2441 708 2505 jam
734 2440 891 2491 dubia
921 2449 1018 2502 est,
1044 2442 1196 2503 tueri,
1217 2449 1271 2490 et
1304 2445 1451 2506 quasi
1477 2459 1571 2509 pro

507 2519 768 2581 elegantia
811 2518 1052 2566 Pliniana
1090 2517 1299 2578 habere,
1334 2519 1577 2571 debeam.

512 2594 788 2656 Livineius,
808 2593 996 2655 fateor,
1014 2593 1208 2657 primus
1230 2594 1439 2644 verbum
1457 2599 1572 2661 plu.

509 2670 622 2719 rale
656 2671 1018 2717 immorarentur
1051 2669 1349 2732 evulgavit3
1395 2672 1485 2720 sed
1526 2675 1571 2724 is

505 2746 732 2809 alioquin
757 2760 856 2793 non
893 2746 1042 2793 nimis
1079 2745 1248 2794 audax
1284 2746 1435 2796 estin
1462 2761 1572 2797 mu-

508 2822 668 2873 tanda
689 2822 947 2884 scriptura
980 2828 1192 2882 vetere3
1228 2822 1408 2873 adhaec
1433 2824 1571 2875 idem

507 2899 665 2949 etiam
690 2899 1000 2962 evulgavere
1036 2898 1314 2956 Gruterus.
1348 2901 1572 2967 Lipsius,

511 2976 814 3036 Puteanus3
872 2981 929 3024 ut
972 2974 1098 3023 nibil
1129 2976 1241 3038 jam
1288 2975 1456 3026 dicam
1504 2981 1570 3029 de

510 3053 864 3116 Berneggero,
898 3053 1129 3114 Graevio,
1152 3053 1373 3111 Baunio,
1400 3054 1572 3105 Hear-

509 3132 615 3187 nio.
642 3133 801 3194 Ceva,
824 3132 1080 3183 Gesnero.
1145 3132 1377 3195 Utroque
1398 3138 1569 3183 autem

508 3209 661 3259 modo
688 3211 900 3273 dicitnr,
932 3212 947 3239 ‘
974 3210 1231 3258 immorari
1270 3212 1425 3260 alicui
1459 3212 1573 3270 rei‚'

507 3296 564 3336 et
586 3287 603 3313 ‘
629 3288 885 3335 immorari
906 3287 955 3335 in
980 3287 1152 3350 aliqua
1177 3285 1270 3335 re.'
1323 3288 1572 3340 Quinctil.

509 3362 684 3412 Instit.
710 3362 863 3411 Orat.
888 3376 949 3411 n.
975 3366 1053 3411 16.
1089 3368 1102 3389 ‘
1128 3362 1211 3412 Ne
1237 3365 1456 3412 terrenis
1476 3364 1568 3413 im-

508 3437 712 3488 morer.'
746 3439 814 3486 Et
840 3452 900 3486 ir.
918 3442 997 3486 11.
1030 3437 1046 3464 ⁴
1067 3438 1186 3487 Non
1204 3437 1430 3487 arbitror
1449 3441 1567 3489 mibi

509 3513 561 3562 in
609 3515 708 3563 boe
750 3512 1160 3563 immorandum.'
1212 3514 1349 3562 Plin.
1393 3515 1567 3578 Epist.

509 3600 562 3635 v.
590 3592 642 3637 6.
677 3591 761 3637 42.
817 3594 832 3616 ‘
858 3589 914 3637 Si
957 3588 1190 3637 materias
1234 3590 1567 3642 immoratur.'

504 3663 744 3713 Schmun.

579 3741 815 3791 Censendi
838 3741 1119 3805 necessitas]
1165 3743 1180 3770 ‘
1204 3744 1430 3794 Censere
1447 3745 1460 3767 ⁹
1484 3754 1567 3796 est

508 3820 722 3869 verbum
756 3817 963 3865 solenne
999 3819 1176 3879 curie,
1200 3822 1567 3887 propriumque

502 3896 608 3947 fuit
629 3901 944 3956 senatorum,
960 3896 1044 3959 qui
1069 3895 1378 3961 interrogati
1399 3900 1465 3950 de
1488 3915 1568 3950 re-

504 3974 605 4025 bus
628 3973 695 4024 ad
719 3972 1107 4022 deliberandum
1142 3977 1418 4037 propositis
1452 3992 1568 4027 sen·

505 4050 722 4100 tentiam
745 4063 887 4098 snam
906 4048 1257 4111 exponebant.
1324 4053 1453 4102 Cum
1477 4070 1566 4104 au-

508 4135 614 4176 tem
639 4128 725 4176 alii
760 4124 991 4189 pluribus
1027 4125 1198 4175 verbis
1232 4141 1375 4177 suam
1398 4132 1566 4194 expli.

503 4209 689 4251 carent
717 4203 1049 4266 sententiam,
1069 4202 1159 4252 alii
1194 4218 1288 4266 pro
1310 4219 1403 4254 sno
1427 4207 1566 4258 arbi·

505 4278 630 4344 trio,
652 4278 821 4343 lquus,
855 4279 937 4333 vel
971 4280 1124 4346 iuius,
1155 4280 1395 4347 partibus
1417 4297 1564 4338 scee-

1204 387 1423 438 No‘rAE.
1476 384 1889 437 vammum
1936 386 2014 436 tu

1645 528 1871 591 derent;
1903 529 1938 579 ii
1966 528 2230 595 praecipue
2259 529 2276 559 ‘
2302 530 2549 582 censere’
2569 530 2713 584 diee-

1644 605 1855 668 bantur,
1874 607 2164 671 iisdemque
2186 609 2202 635 ‘
2223 607 2467 657 censendi
2485 609 2719 659 necessi-

1647 688 1726 730 tas
1750 681 2060 745 accidebat,'
2083 684 2169 747 qui
2198 684 2281 733 vel
2314 685 2460 747 primi
2491 686 2718 735 interro·

1648 757 1777 821 gati‚
1800 758 1888 807 ubi
1911 766 2267 821 surrexerant,
2299 759 2479 808 dixere
2504 768 2715 810 senten·

1647 837 1794 897 tiam,
1818 833 2138 883 velattulere
2153 849 2370 884 novamx
2397 844 2715 902 ceterorum,

1647 924 1765 960 cum
1791 911 2003 959 alterius
2023 913 2279 960 censentis
2297 913 2613 963 sententiam
2633 930 2715 963 se-

1647 993 1949 1050 querentur,
1973 989 2236 1052 proprium
2254 996 2370 1038 erat
2385 993 2400 1016 ·
2421 991 2663 1040 assentiri
2681 991 2716 1052 ς’

1648 1064 1758 1111 sive
1783 1063 2002 1126 pedibus
2026 1063 2091 1113 ad
2116 1077 2252 1119 enm,
2274 1065 2356 1113 cui
2397 1066 2716 1117 assentiren-

1650 1143 1754 1196 tur,
1776 1139 2120 1199 accederent;
2147 1141 2282 1188 unde
2301 1140 2428 1190 dicti
2447 1149 2569 1190 sunt
2593 1148 2609 1170 ⁴
2626 1156 2716 1193 ac·

1646 1216 1834 1265 cedere
1853 1216 1868 1239 ’
1886 1217 2060 1271 alteri,
2079 1217 2160 1265 vel
2176 1224 2190 1245 ³
2206 1216 2318 1278 ire,’
2340 1232 2430 1266 seu
2450 1217 2466 1244 ‘
2488 1218 2714 1281 pedibus

1646 1291 1757 1347 ire.'
1790 1293 1842 1340 in
1877 1292 2089 1341 alterius
2123 1295 2462 1354 sententiam;
2497 1294 2610 1344 sive
2632 1310 2717 1345 se·

1648 1368 1835 1417 dentes
1870 1374 2016 1423 nutu,
2041 1369 2122 1417 vel
2155 1383 2330 1430 manu,
2352 1370 2434 1418 vel
2459 1370 2603 1420 brevi
2627 1385 2713 1422 ae·

1646 1444 1971 1499 clamatione,
2004 1457 2264 1492 assensum
2297 1458 2445 1492 suum
2481 1445 2721 1497 declara-

1648 1528 1796 1570 rent:
1835 1521 2167 1585 quamobrem
2204 1521 2405 1569 Plinius
2437 1520 2593 1585 infra,
2629 1524 2720 1574 lib.

1647 1610 1844 1646 Lxxvr.
1864 1613 1911 1647 c.
1930 1603 1978 1647 8.
2022 1597 2039 1625 ‘
2062 1605 2253 1646 mutam
2278 1612 2339 1646 ac
2360 1598 2717 1651 sedentariam

1648 1674 1963 1722 assentiendi
1980 1674 2367 1724 necessitatem’
2386 1682 2554 1725 vocat.
2579 1676 2719 1728 Quis

1646 1749 1771 1799 ordo
1804 1754 2115 1800 sententiam
2141 1752 2496 1815 interrogandi
2530 1752 2717 1804 dicen-

1647 1826 1803 1890 dique
1840 1826 1998 1877 fuerit
2033 1828 2087 1877 in
2124 1829 2390 1893 republica
2429 1829 2610 1892 libera,
2632 1846 2715 1880 os-

1648 1903 1819 1951 tendit
1858 1904 1994 1952 Gell.
2030 1917 2105 1954 tv.
2145 1907 2225 1952 to.
2266 1906 2283 1934 ‘
2307 1903 2490 1960 Alias‚'
2526 1905 2717 1971 inquit,

1642 1985 1658 2009 ⁸
1685 1980 1878 2043 primus
1914 1981 2211 2045 rogabatur,
2242 1984 2329 2046 qui
2355 1998 2385 2031 a
2406 1983 2718 2034 censoribus

1645 2056 1891 2119 princeps
1937 2058 1988 2104 in
2025 2065 2261 2107 senatum
2306 2059 2471 2108 lectus
2507 2058 2717 2123 fuerat3

1646 2132 1794 2196 alias,
1818 2132 1906 2197 qui
1945 2133 2209 2194 designati
2245 2136 2486 2184 consules
2522 2145 2713 2188 erant:

1646 2207 1854 2272 qnidam
1879 2222 1908 2255 e
1931 2207 2243 2270 consulibus,
2277 2208 2466 2264 studio,
2498 2219 2590 2261 ant
2623 2226 2716 2262 ne-

1645 2284 1964 2334 cessitudine
1996 2287 2167 2351 aliqua
2200 2287 2428 2350 adducti,
2457 2304 2614 2353 quem
2650 2290 2713 2340 iis

1643 2360 1807 2410 visum
1824 2369 1959 2422 erat,
1983 2363 2189 2412 honoris
2209 2364 2377 2426 gratia
2399 2371 2553 2415 extra
2574 2365 2714 2415 ordi·

1645 2453 1763 2488 nem
1808 2441 2118 2490 sententiam
2165 2442 2385 2506 primum
2434 2442 2713 2508 rogabant.

1646 2514 1995 2564 Observatum
2038 2525 2211 2565 autem
2255 2524 2354 2573 est,
2396 2533 2515 2568 curn
2556 2526 2711 2569 extra

1645 2592 1873 2642 ordinem
1899 2593 2070 2649 fieret,
2093 2608 2156 2642 ne
2180 2594 2293 2658 quis
2313 2608 2626 2659 quemquam
2644 2609 2715 2645 ex

1642 2667 1765 2728 alio,
1791 2682 1938 2732 quam
1965 2683 2032 2717 ex
2054 2669 2315 2718 consulari
2343 2669 2477 2732 loco,
2500 2678 2714 2721 senten-

1646 2744 1769 2794 tiam
1793 2746 2011 2809 primum
2027 2734 2283 2808 rogat-ets
2303 2744 2385 2795 cf.
2405 2745 2545 2796 idem
2570 2746 2716 2797 Geli.

1648 2835 1766 2870 xrv.
1802 2825 1852 2869 7.
1928 2821 2044 2869 Etsi
2086 2834 2208 2870 vero
2246 2819 2532 2884 Angustus,
2571 2831 2711 2872 teste

1642 2897 1854 2946 sueton.
1888 2898 1938 2946 in
1962 2898 2074 2961 ejus
2096 2899 2241 2959 Vita,
2262 2911 2310 2948 c.
2341 2902 2424 2948 3⁵.
2457 2904 2473 2928 ‘
2499 2903 2712 2948 senten-

1646 2975 1745 3024 tias
1769 2974 1835 3023 de
1858 2975 2052 3037 majore
2078 2975 2309 3037 negotio,
2332 2988 2433 3022 non
2464 2987 2610 3023 more
2632 2981 2714 3025 at-

1645 3066 1745 3114 que
1768 3049 1967 3106 ordine,
1989 3050 2081 3099 sed
2107 3057 2263 3113 prout
2294 3049 2553 3112 libuisset,
2576 3065 2713 3116 pm·

1644 3136 1852 3194 rogaret
1871 3146 1886 3191 ς
1924 3135 1983 3179 nt
2004 3128 2221 3193 perinde
2243 3128 2459 3192 quisque
2483 3130 2710 3179 animum

1643 3206 1958 3269 intenderet,
1992 3221 2054 3257 ac
2089 3206 2131 3255 si
2175 3199 2713 3272 censendnm'magis,

1642 3297 1791 3347 quam
1818 3282 2226 3338 assentiendum,
2244 3287 2384 3331 esset
2399 3279 2435 3341 ς’
2467 3281 2511 3331 is
2536 3289 2711 3334 tamen

1640 3360 1800 3409 bonos
1834 3361 1990 3409 etiam
2027 3360 2123 3409 snb
2157 3358 2564 3423 imperatoribus
2598 3361 2710 3423 ple-

1640 3451 1858 3502 rumque
1889 3435 1906 3465 ‘
1929 3437 2128 3486 consuli
2158 3434 2456 3501 designato’
2492 3436 2712 3488 relictus

1641 3513 1795 3563 fuisse
1822 3513 2041 3571 videtur.
2080 3522 2140 3563 ut
2161 3513 2243 3562 bie
2268 3513 2462 3576 primus
2483 3512 2713 3566 interro-

1641 3596 1789 3654 gatus
1847 3592 2061 3654 primam
2117 3589 2312 3647 dixerit
2369 3592 2709 3643 senteutiam.

1641 3669 1781 3718 Hinc
1805 3669 1939 3717 Plin.
1958 3667 2127 3730 Epist.
2151 3679 2276 3716 xix.
2301 3670 2377 3716 13.
2410 3664 2565 3717 ‘Jam
2586 3681 2707 3719 een·

1640 3745 1785 3795 sendi
1812 3752 2036 3807 tempus.
2103 3745 2247 3793 Dicit
2262 3744 2523 3794 Domitius
2542 3744 2708 3810 Apol·

1637 3823 1837 3886 linaris,
1885 3822 2063 3871 consul
2122 3820 2473 3884 designatus.'
2558 3823 2707 3875 Idem

1641 3899 1813 3961 Epist.
1828 3913 1904 3948 tv.
1922 3903 1975 3947 9.
2007 3906 2023 3930 ⁸
2042 3898 2262 3947 Censuit
2282 3899 2487 3948 Btbins
2505 3899 2709 3960 Macer,
2740 3942 2747 3961 ,

1639 3975 1818 4035 consul
1843 3973 2179 4035 designatus)
2209 3974 2420 4022 Consuli
2438 3975 2601 4038 igitur
2617 3976 2707 4028 de-

1638 4053 1843 4114 signato
1866 4065 1976 4114 prae
2002 4049 2193 4100 ceteris
2228 4055 2243 4077 ⁸
2268 4051 2556 4100 necessitas
2585 4066 2708 4102 cen·

1638 4127 1821 4178 sendi’
1846 4127 2102 4177 ordinarie
2135 4126 2376 4188 imposita
2415 4141 2528 4177 esse
2559 4128 2706 4179 vide·

1638 4212 1742 4255 tur.
1805 4204 1937 4256 Quae
1983 4217 2106 4252 vero
2139 4204 2414 4253 sententiae
2461 4203 2703 4257 dicenda

1634 4278 1957 4334 cousuetudo
1977 4278 2074 4330 sub
2096 4277 2243 4329 malis
2265 4278 2589 4347 principibus
2612 4282 2706 4333 ob-
