3060 4902
520 287 654 355 900

523 473 526 480 <
593 449 706 498 Non
726 447 913 500 utilitas
932 454 1111 507 nostra,
1132 450 1215 499 sed
1233 447 1387 512 fides]
1420 448 1484 497 In
1505 447 1588 496 his

525 524 639 575 fere
687 525 838 575 nimis
894 535 1166 590 argutatur
1221 526 1440 579 Plinius,
1497 532 1590 573 aut

523 602 925 665 certe‘sequitur
946 604 1135 666 placita
1154 601 1458 664 Carneadis,
1482 601 1588 664 qni,

524 676 567 724 si
596 677 830 727 Lactant.
862 679 1033 728 Instit.
1069 679 1244 727 Divin.
1264 692 1318 725 v.
1343 681 1421 726 17.
1445 677 1587 725 audi-

523 766 653 815 mus,
698 755 871 804 omnia
916 756 1172 804 bominum
1218 753 1388 804 officia
1422 757 1435 781 ‘
1453 755 1587 802 utili-

522 834 635 878 tate
655 828 669 851 ’
694 831 961 880 metienda
983 830 1176 881 docuit.
1217 831 1411 879 Contra
1434 844 1585 893 quam

525 902 748 954 ὑπόθεσιν
780 905 1013 969 disputat
1048 906 1161 955 Cic.
1186 905 1252 954 de
1278 903 1429 954 Offic.
1454 918 1516 952 n.
1538 908 1588 953 3.

522 995 642 1030 cum
666 982 732 1031 de
768 982 940 1032 ‘utili’
976 990 1183 1046 ageret:
1221 984 1236 1011 ‘
1259 983 1321 1031 In
1347 995 1447 1046 quo
1473 996 1586 1030 ver·

521 1057 624 1114 bo:
674 1059 863 1122 inquit,
910 1059 928 1087 ‘
946 1061 1091 1124 lapsa
1135 1058 1454 1108 consuetudo
1496 1058 1586 1107 de·

522 1132 672 1183 flexit
707 1135 775 1182 de
798 1136 899 1195 via,
931 1137 1221 1198 sensimque
1260 1151 1322 1184 eo
1358 1134 1588 1184 deducta

517 1217 625 1271 est,
649 1219 706 1258 ut
730 1211 1057 1261 honestatem
1085 1213 1148 1260 ab
1174 1213 1397 1261 utilitate
1420 1226 1588 1260 secer-

522 1292 691 1340 neret,
717 1291 772 1334 et
796 1287 1156 1343 constitueret,
1175 1287 1445 1336 honesturn
1473 1301 1588 1336 esse

524 1361 718 1425 aliquid
780 1362 917 1425 quod
970 1363 1096 1412 utile
1151 1378 1254 1412 non
1307 1372 1482 1425 esset3
1533 1371 1587 1414 et

523 1438 668 1493 utile,
696 1440 833 1502 quod
858 1453 960 1488 non
984 1440 1254 1489 honestum
1275 1456 1285 1485 :
1322 1455 1421 1503 quo
1446 1440 1589 1488 nulla

516 1515 782 1577 pernicies
808 1516 971 1579 major
995 1517 1253 1565 hominnm
1280 1518 1396 1565 vitae
1420 1517 1588 1579 potuit

520 1589 735 1640 afferri-²
800 1593 863 1641 ln
901 1594 1115 1641 alteram
1142 1607 1264 1640 vero
1291 1600 1487 1655 partem
1513 1593 1589 1640 di-

521 1668 684 1729 gressi
709 1669 870 1717 Stoici
896 1668 1193 1731 aliquando,
1218 1669 1364 1716 nimis
1388 1668 1589 1718 subtili·

525 1751 624 1803 ter,
650 1759 677 1792 a
703 1745 911 1793 virtutis
939 1752 993 1793 et
1019 1745 1302 1794 honestatis
1327 1745 1462 1794 bono
1486 1760 1590 1794 om-

520 1833 638 1868 nem
661 1821 1365 1886 utilitatisjucunditatisque
1388 1836 1589 1884 respec-

522 1904 629 1945 tum
655 1896 879 1945 abstrahi
906 1897 1190 1962 divellique
1226 1913 1395 1960 posse,
1430 1898 1588 1947 tradi·

520 1972 748 2033 derunt;
785 1981 968 2036 utpote
1009 1975 1115 2038 qui,
1154 1973 1437 2023 secundum
1476 1976 1590 2024 Cic·

520 2051 586 2099 de
607 2051 721 2099 Fin.
747 2065 810 2099 n.
835 2055 913 2101 14.
948 2051 963 2077 ‘
982 2052 1251 2101 honestum
1269 2051 1282 2073 ’
1315 2052 1366 2100 id
1397 2053 1586 2101 intelli-

519 2128 732 2192 gebant,
769 2128 934 2191 ‘qnod
973 2129 1077 2177 tale
1112 2138 1212 2185 est,
1242 2136 1315 2187 ut,
1343 2128 1587 2179 detracta

519 2204 657 2253 omni
713 2204 962 2268 utilitate,
1016 2204 1127 2254 sine
1183 2206 1300 2253 ullis
1358 2206 1584 2268 praemiis

518 2277 861 2342 fructibusve,
887 2294 981 2344 per
1000 2295 1055 2329 se
1076 2281 1240 2344 ipsum
1266 2282 1430 2343 possit
1460 2282 1584 2345 jure

517 2355 763 2417 laudari;
795 2357 1067 2406 honestum
1114 2372 1227 2407 esse
1270 2355 1586 2413 faciendum,

519 2433 641 2497 quia
667 2432 838 2490 decet,
862 2434 980 2497 quia
1014 2441 1227 2498 rectum,
1249 2436 1373 2499 quia
1402 2436 1586 2485 hones·

517 2518 629 2556 tum
668 2517 768 2565 est,
810 2510 1145 2559 etsinullnm
1184 2519 1583 2561 consecuturum

519 2585 922 2633 emolumentum
947 2600 1060 2635 esse
1077 2586 1350 2635 videatur?
1398 2588 1584 2653 ltaque

517 2658 723 2707 Plinius
781 2659 1065 2709 Carneadis
1122 2675 1264 2710 more
1321 2662 1582 2727 loquitur:

506 2720 798 2781 ἱΑιῐιιιιιιιιο
841 2733 1050 2796 quidem
1095 2742 1185 2793 te,.
1213 2736 1354 2785 istud
1413 2745 1583 2787 tamen

515 2823 618 2858 non
659 2810 730 2859 tui
771 2808 986 2859 facimus
1022 2824 1214 2874 amore,
1247 2811 1341 2860 sed
1386 2814 1587 2869 nostri,’

515 2888 617 2935 &tu
684 2888 812 2938 Quae
838 2887 1024 2948 oratio,
1043 2888 1139 2937 nisi
1164 2902 1422 2952 apparens
1442 2891 1585 2944 utili-

516 2968 598 3010 tas
624 2978 655 3012 a
677 2977 800 3012 vera
832 2972 887 3013 et
918 2964 1126 3027 publica
1149 2966 1378 3015 utilitate
1401 2966 1585 3016 distin·

515 3047 727 3102 guatur,
765 3040 913 3088 nimis
956 3050 1190 3104 apertam
1233 3056 1342 3105 proe
1388 3057 1442 3090 se
1481 3041 1587 3093 fert

515 3115 771 3175 φιλαυτίας
789 3116 1178 3179 professionem.
1247 3119 1441 3167 Contra
1462 3133 1584 3168 vero

517 3192 725 3240 Stoicus
784 3193 860 3242 sic
915 3193 1019 3243 ista
1073 3193 1305 3243 dicturus
1359 3193 1582 3244 fuisset:

515 3266 531 3295 ⁴
552 3266 799 3315 Amainus
825 3276 897 3328 te,
923 3269 1076 3333 idque
1092 3284 1194 3319 non
1212 3271 1374 3319 nostri
1391 3285 1584 3333 amore,

515 3355 619 3397 non
647 3343 886 3393 utilitatis
911 3354 1098 3395 nostrae
1128 3362 1325 3403 caussa,
1349 3347 1585 3409 facimus,

515 3415 608 3466 sed
632 3432 806 3468 amore
826 3421 921 3476 tui,
938 3429 991 3471 et
1011 3432 1228 3486 propter
1247 3425 1452 3474 virtutis
1479 3432 1584 3474 tnae

517 3495 911 3556 praestantiam3
948 3510 1288 3562 necunquam
1313 3500 1584 3549 illucescat

516 3567 645 3628 dies,
674 3583 776 3630 quo
812 3584 907 3631 pro
941 3580 995 3620 te
1032 3580 1150 3621 vota
1182 3584 1449 3639 nuncupet
1480 3591 1583 3625 non

514 3643 646 3693 fides
665 3652 864 3707 nostra,
882 3647 973 3695 sed
995 3648 1211 3708 utilitas,
1226 3651 1433 3700 Cae-ar:
1475 3654 1581 3702 Sed

516 3727 571 3768 et
596 3719 711 3769 baec
727 3719 906 3769 Stoica
926 3722 1166 3785 loquendi
1189 3726 1342 3781 ratio,
1360 3726 1585 3790 singula·

514 3796 588 3845 ris
611 3796 820 3860 quidem
845 3799 1154 3855 severitatis,
1183 3807 1241 3848 et
1274 3804 1446 3862 magni
1474 3805 1585 3853 ani-

516 3872 607 3929 mi,
628 3874 855 3937 speciem
882 3888 988 3937 ιιι-ω
1011 3889 1067 3923 se
1092 3873 1228 3924 ferre
1251 3876 1488 3941 videtur;
1526 3895 1583 3931 re

518 3962 643 3998 vera
668 3958 839 3999 tamen
863 3951 1029 4000 inutili
1047 3950 1343 4015 jactantiae,
1365 3965 1415 4003 et
1443 3971 1583 4020 mag-

515 4024 877 4089 niloquentiae‚
918 4041 1068 4091 quam
1110 4031 1185 4079 rei
1231 4032 1458 4087 veritati,
1499 4041 1582 4084 est

515 4104 748 4164 propior.
817 4105 898 4153 De
922 4118 1021 4168 qua
1054 4118 1110 4155 re
1144 4119 1208 4155 ex
1235 4106 1471 4158 instituto
1495 4110 1582 4175 egi

520 4187 554 4224 n
577 4176 943 4232 dissertatione
968 4180 1035 4232 ‹le
1069 4181 1439 4236 Abstractione
1461 4187 1579 4237 Me·

1123 307 1128 312 '
1219 304 1433 353 ⁸01·AE
1482 299 1893 352 VARIORUM
1945 304 2024 352 IN

1664 446 1938 512 tapbysica
1957 446 2008 496 in
2025 448 2282 498 Doctrina
2302 449 2532 500 Morum·
2572 451 2726 504 Quod

1664 524 1707 572 si
1751 525 1929 587 itaque
1978 540 2083 574 rem
2130 527 2313 589 ipsam,
2357 542 2461 577 non
2513 543 2727 579 acumen

1664 603 1962 661 oratorium,
1995 604 2278 651 secundnm
2318 604 2393 653 rei
2435 607 2728 663 veritatem,

1663 690 1971 740 sensumque
1996 693 2334 735 communem,
2352 689 2594 744 spectes3
2622 697 2730 731 rec·

1664 752 1766 800 tius
1802 753 2093 810 statuimus,
2127 769 2278 803 omne
2316 757 2502 805 bonnm
2538 759 2729 807 morale

1663 826 1857 876 debere
1897 842 2011 877 esse
2056 829 2365 891 bonestum3
2410 846 2563 881 omne
2610 846 2730 881 vero

1663 903 1849 952 bonum
1890 905 2158 954 honestum
2193 906 2422 956 simulet
2455 908 2584 957 utile
2620 922 2733 958 esse

1663 989 1717 1030 et
1735 981 2045 1043 jucundum.
2111 984 2189 1032 Ex
2216 999 2319 1047 qua
2343 999 2523 1033 norma
2545 987 2622 1035 sic
2642 1001 2732 1035 ex-

1665 1057 1906 1121 plicanda
1931 1067 2012 1107 est
2032 1059 2187 1107 Plinii
2212 1062 2501 1109 sententia:
2536 1063 2552 1089 ‘
2575 1062 2733 1111 Ama.

1664 1148 1775 1182 mus
1798 1133 2006 1198 quidem
2033 1143 2106 1195 te,
2131 1134 2270 1183 istud
2311 1143 2485 1185 tamen
2516 1152 2619 1186 non
2657 1138 2730 1187 tui

1665 1218 1863 1259 tantum
1911 1209 2130 1259 facimus
2181 1227 2376 1273 autore,
2420 1214 2513 1262 sed
2573 1214 2729 1264 etiam

1663 1288 1866 1347 nostri3
1901 1301 1996 1336 nec
2036 1301 2258 1350 unquam
2292 1288 2567 1339 illucescat
2600 1289 2732 1352 dies,

1666 1377 1768 1425 quo
1809 1377 1903 1425 pro
1943 1368 1994 1410 te
2038 1369 2308 1426 nuncupet
2342 1372 2486 1421 vota,
2510 1378 2628 1414 ¹non
2665 1367 2734 1414 si·

1665 1440 1768 1487 mul
1808 1439 1935 1488 fides
1974 1445 2170 1503 nostra,
2207 1439 2299 1488 sed
2340 1441 2452 1491 sola
2497 1440 2732 1491 utilitas.’

1665 1514 1814 1562 Idem.
2608 1553 2613 1559 ·
2705 1553 2721 1560 >-

1730 1591 1844 1639 Non
1862 1590 2070 1654 utilitas]
2102 1592 2316 1653 Sensus,
2348 1593 2632 1658 Nunquam
2665 1597 2732 1645 sit

1664 1667 1750 1716 ille
1774 1667 1908 1723 dies,
1933 1675 1989 1716 ut
2012 1676 2129 1715 vota
2156 1675 2333 1717 nostra
2355 1683 2732 1733 nuncupemus,

1665 1743 1770 1792 sola
1805 1744 1908 1792 fide
1955 1744 2173 1800 inducti,
2211 1760 2364 1809 quam
2405 1734 2730 1811 p‘rincipibns

1665 1818 1952 1882 debemus3
1995 1822 2083 1870 sed
2129 1822 2294 1885 magis
2337 1823 2570 1873 utilit-te
2613 1839 2731 1888 pro-

1664 1896 1774 1959 pria
1820 1900 1975 1960 suasi,
2015 1913 2167 1962 quam
2214 1914 2244 1947 a
2289 1908 2341 1948 te
2386 1903 2641 1963 capimus,
2675 1907 2733 1966 et

1665 1974 1783 2024 ideo
1809 1974 2102 2024 diuturnum
2137 1984 2512 2042 manuumque,
2536 1979 2579 2027 si
2613 1993 2733 2042 pos·

1662 2051 1746 2106 sit,
1768 2066 1879 2100 esse
1905 2060 1957 2100 te
1983 2052 2212 2100 velimus.
2242 2053 2378 2116 Lips.
2594 2091 2597 2092 γ
2690 2087 2695 2096 ·

1733 2127 1909 2190 Turpis
1929 2130 2079 2178 tutela
2099 2127 2355 2192 principis]
2391 2128 2436 2178 1.
2453 2143 2504 2179 e.
2525 2144 2628 2179 non
2644 2130 2732 2181 de·

1663 2217 1804 2264 cora,
1840 2217 1937 2253 nec
1972 2205 2194 2266 gloriosa
2226 2215 2309 2255 est
2345 2207 2513 2255 tutela
2537 2209 2733 2271 princi·

1661 2279 1761 2342 pis,
1785 2279 1990 2342 qnando
2011 2280 2152 2330 cives
2174 2283 2250 2330 ita
2268 2281 2556 2346 principem
2578 2297 2731 2334 sunm

1661 2361 1895 2411 tuentur,
1911 2363 1969 2405 ut
1990 2357 2036 2405 ei
2061 2359 2278 2407 tutelam
2294 2360 2467 2421 istam,
2481 2367 2739 2425 tanquam,

1661 2429 1968 2499 beneficium
1987 2435 2250 2498 collatum,
2268 2436 2595 2498 adscribere,
2610 2439 2733 2488 boc·

1661 2523 1762 2572 que
1781 2511 1986 2559 nomine
2006 2511 2225 2562 eundern
2247 2512 2347 2562 sibi
2370 2513 2630 2579 obligare,
2646 2530 2731 2565 ve-

1659 2585 1777 2635 lint.
1844 2587 2137 2650 Rationem,
2167 2603 2258 2641 eur
2292 2590 2460 2653 turpis
2486 2590 2730 2641 videatur

1662 2663 1780 2712 talis
1807 2665 1986 2724 tutela,
2009 2666 2161 2728 capio
2183 2681 2247 2714 ex
2272 2666 2495 2727 Seneca,
2514 2668 2600 2717 cui
2624 2682 2730 2718 ma·

1650 2739 1740 2804 jor
1779 2739 1974 2789 dicitur
2015 2742 2121 2800 ille,
2156 2741 2243 2806 qui
2283 2743 2536 2805 servavit,
2574 2758 2726 2807 quarn

1661 2817 1745 2880 qui
1782 2824 2018 2865 servatus
2053 2824 2151 2865 est.
2214 2816 2369 2866 Libro
2398 2819 2536 2867 enim
2561 2821 2728 2882 primo

1662 2890 1729 2940 de
1754 2892 2010 2941 Clement.
2031 2905 2077 2942 c.
2100 2897 2181 2941 19.
2213 2892 2229 2920 ⁸
2246 2893 2491 2943 Servavit
2517 2895 2727 2958 quidem

1663 2967 1852 3030 nemo,'
1881 2968 2068 3033 inquit,
2112 2968 2241 3018 ‘nisi
2277 2969 2440 3032 major
2470 2985 2556 3032 eo,
2576 2986 2726 3036 quern

1663 3044 1925 3093 servavit.’
1997 3047 2076 3095 De
2099 3045 2259 3095 verbo
2293 3047 2626 3110 ‘imputare,’
2660 3050 2730 3098 vi·

1664 3119 1728 3168 de
1749 3121 1813 3169 ad
1843 3133 1939 3170 xx.
1958 3125 2007 3170 2.
2029 3126 2084 3169 et
2104 3134 2321 3171 xxxix.
2342 3126 2392 3172 ⁸.
2424 3124 2728 3175 Gestiersm

1663 3196 1858 3260 legere,
1880 3197 2054 3260 Turpis
2081 3200 2229 3248 tutela
2244 3200 2497 3263 principie,
2521 3202 2731 3267 principi

1661 3288 1765 3337 quoe
1805 3279 1956 3336 potest
1998 3275 2228 3339 imputari
2247 3291 2268 3333 ,·
2321 3276 2416 3325 sed
2470 3277 2728 3328 destituor

1664 3349 1856 3398 indicio
1880 3357 2112 3400 veterum
2137 3351 2392 3402 codicum.
2423 3352 2728 3407 Annotante

1659 3425 1968 3489 Arum-nio,
1995 3428 2091 3477 ista
2118 3427 2270 3477 Plinii
2292 3429 2448 3479 verba
2470 3432 2729 3495 quondam

1661 3504 1736 3552 ita
1785 3505 2027 3566 exposuit
2071 3503 2405 3555 Perizoniusz
2445 3508 2731 3573 ‘Turpiter

1628 3611 1635 3617 -
1661 3586 1718 3628 et
1749 3592 1848 3627 non
1882 3593 1947 3627 ex
1979 3579 2207 3630 utilitate
2230 3581 2459 3630 omnium
2483 3585 2729 3648 princeps

1662 3658 1799 3720 regit
1832 3672 1895 3707 ac
1933 3665 2111 3707 tuetur
2134 3658 2525 3721 rempublicam.
2554 3662 2645 3717 cui
2662 3661 2729 3710 ei·

1661 3747 1755 3785 ves
1789 3732 1944 3782 fidem
1985 3747 2127 3783 suam
2170 3742 2388 3797 possunt
2431 3735 2728 3800 imputare!

1659 3807 1905 3858 Senum.
2558 3844 2561 3849 -
2682 3844 2695 3857 ,

1664 3914 1667 3917 -
1731 3884 1905 3948 Turpis
1919 3885 2092 3949 tutelo]
2117 3884 2311 3947 Turpis
2327 3894 2579 3949 respectu
2598 3889 2725 3952 prin·

1660 3961 1790 4024 cipis
1830 3963 1999 4011 tutela
2024 3961 2374 4028 subditorum,
2396 3965 2608 4026 quoties
2624 3964 2727 4027 ipsi

1659 4037 1854 4086 subditi
1878 4038 2094 4087 eandem
2132 4038 2350 4088 tutelam
2387 4039 2490 4103 ipsi
2528 4042 2728 4105 possint

1657 4112 1994 4174 exprobrare.
2029 4113 2249 4163 Patami.

1728 4189 1821 4239 Cui
1865 4190 2044 4254 potest]
2098 4188 2211 4246 Cui,
2251 4202 2440 4254 nempe
2484 4192 2726 4257 principi.
