3060 4902
734 407 805 454 c.
856 406 1092 456 ammi
1143 406 1481 457 saeuum
1534 406 1812 457 Panno.
1887 392 2079 457 1.42.

304 549 566 607 ᾶώσοῖν,
596 548 675 599 ὅτι
717 547 892 599 {amb
924 549 1025 600 vti,
1058 551 1182 600 Θευῦ
1217 549 1374 610 lurein·

305 645 405 679 cer.
471 628 525 678 Ο
567 627 797 678 scelesta
838 628 1177 678 scelestorum
1217 629 1372 678 inter-

305 706 555 773 pretatio,
595 719 714 770 quae
741 705 842 754 nisi
882 705 948 755 ab
979 706 1221 770 imperito
1246 706 1375 769 legis

306 784 504 835 divina
558 783 687 848 ipsis
741 782 925 833 fuisset
973 791 1181 847 negata.
1270 784 1376 834 Ubi

309 861 446 909 euim
479 860 566 909 lex
597 874 659 909 ea
693 860 820 922 lata,
850 859 921 909 ὅτι
943 862 1036 911 πᾶς
1057 860 1188 911 ὅστις
1210 859 1379 911 ἑαυτὸν

309 935 445 997 λέγει
481 936 584 986 νῶν
615 937 751 996 Θεοῦ,
784 936 971 1000 ὀφείλει
1002 937 1265 999 ἀποθανεῖν,
1289 946 1380 989 aut

310 1026 498 1063 amne
526 1013 799 1075 legislator
824 1015 928 1064 Dei
962 1014 1095 1065 tilius
1131 1015 1377 1065 adversus

311 1089 509 1151 seipse
534 1088 697 1137 tulit?
731 1089 885 1139 Bm.

380 1164 662 1225 Maedmetis
686 1167 890 1230 mmm]
925 1167 1056 1218 Cum
1084 1167 1296 1232 vigebat
1320 1168 1380 1218 li·

310 1239 496 1290 bertas
521 1242 572 1291 in
598 1249 781 1293 vetere
812 1242 998 1301 Roma,
1022 1244 1267 1307 majestas
1290 1243 1380 1293 tri-

314 1317 579 1368 buebatur
613 1319 806 1382 populo
831 1320 1095 1381 Romano;
1130 1327 1203 1377 at,
1242 1328 1380 1383 post·

313 1407 472 1458 quam
514 1395 734 1458 populus
778 1396 896 1459 lege
943 1398 1088 1459 regia
1131 1411 1382 1446 summam

316 1476 637 1534 potestatem
684 1472 954 1523 transtulit
997 1473 1049 1522 in
1106 1473 1385 1536 principes,

317 1545 473 1595 etiam
499 1560 686 1596 nomen
711 1548 995 1610 majestatis
1031 1549 1093 1597 iis
1118 1549 1384 1612 proprium

317 1621 479 1686 oepit
503 1622 775 1673 vindicari.
829 1623 890 1673 In
916 1624 1181 1687 republica
1203 1623 1385 1680 libera,

318 1712 484 1762 eaque
506 1699 742 1764 antiqua,
765 1714 866 1748 non
889 1700 984 1749 nisi
1010 1700 1297 1764 perduellio
1321 1701 1387 1749 de

316 1774 645 1823 atrocissimo
699 1775 989 1839 majestatis
1040 1777 1257 1826 crimine
1302 1791 1388 1825 eo·

320 1866 451 1909 rum,
494 1851 583 1916 qui
641 1851 990 1915 prodidissent
1048 1853 1290 1915 patriam,
1331 1861 1389 1903 et

317 1937 506 1978 contra
559 1928 932 1992 rempublicam
983 1928 1178 1994 aliquid
1225 1930 1390 1979 moliti

318 2013 518 2061 essent,
545 2004 949 2068 predicabatur.
1005 2006 1271 2057 Adversus
1291 2007 1388 2056 hoc

320 2082 522 2132 crimen
565 2082 763 2146 aliquot
805 2085 947 2146 leges
987 2091 1105 2132 sunt
1153 2085 1310 2144 latae;
1358 2098 1387 2132 e

316 2158 517 2223 quibus
553 2165 875 2221 postremum
914 2157 1132 2207 maxime
1176 2159 1389 2208 eminuit

323 2237 408 2285 lex
441 2234 590 2286 Julia
624 2235 928 2298 majestatis.
952 2249 1101 2299 qnam
1132 2236 1387 2286 Gundlin-
1458 2269 1466 2272 „

322 2313 457 2377 gius,
495 2314 549 2361 in
595 2313 803 2362 erudita
842 2313 1281 2362 commentatione
1325 2314 1390 2363 ad

324 2391 490 2455 legem
527 2389 836 2454 majestatis,
868 2402 907 2439 1.
939 2394 1015 2438 tu.
1038 2404 1139 2438 non
1166 2391 1391 2439 immeri-

327 2475 382 2518 to
413 2482 480 2517 ex
517 2467 783 2517 Ciceronis
818 2466 1044 2530 Philipp.
1078 2481 1115 2516 ι.
1143 2471 1193 2515 9.
1228 2466 1391 2516 viudi-

323 2545 465 2593 cavit
509 2543 655 2595 Julio
700 2542 909 2597 omui,
954 2545 1028 2591 ita
1067 2542 1294 2606 quidem,
1335 2549 1392 2591 ut

322 2634 428 2671 oon
452 2620 683 2683 negarit,
704 2619 824 2668 hnic
858 2619 958 2682 legi
997 2628 1177 2682 postea
1201 2618 1266 2666 ab
1291 2618 1393 2667 Au·

321 2704 478 2759 gusto
506 2711 606 2744 oon
624 2696 767 2744 nulla
790 2695 964 2758 capita
988 2693 1148 2743 fuisse
1172 2694 1397 2756 adjecta.

329 2775 486 2824 Utilis
511 2781 565 2823 et
597 2772 889 2821 necessaria
920 2780 996 2819 est
1030 2770 1284 2832 ejusmodi
1311 2771 1395 2819 lex

322 2854 378 2902 in
402 2852 590 2919 quavis
611 2850 893 2914 republica,
916 2862 984 2897 ne
1017 2849 1225 2910 impune
1250 2861 1397 2911 sper·

329 2938 486 2980 natur
521 2928 805 2978 auctoritas
844 2927 1195 2989 sanctitasque
1236 2925 1396 2988 impe·

329 3007 573 3067 rantium,
601 3005 847 3067 civesque
872 3011 1069 3052 temere
1093 3002 1158 3051 ad
1184 3002 1396 3051 seditio-

332 3097 425 3133 nes
455 3088 743 3140 vocentur3
778 3090 832 3129 at
869 3079 1024 3128 noxia
1058 3078 1258 3139 evadit,
1280 3093 1396 3127 cru·

330 3159 666 3223 delitatisque
706 3155 922 3206 incurrit
963 3162 1159 3217 notam,
1187 3156 1227 3202 si
1262 3157 1397 3218 prin·

326 3239 475 3303 cipes
509 3251 577 3286 ea
615 3235 932 3293 abutantur3
968 3231 1288 3296 eandemque
1330 3231 1396 3280 ad

326 3312 703 3379 opprimendos
744 3313 1069 3365 innocentes,
1111 3310 1398 3371 horumque

326 3391 469 3441 bona
490 3387 838 3452 corripienda,
865 3386 1233 3450 detorqueant.
1300 3386 1398 3434 Cu·

325 3465 557 3532 jusmodi
609 3464 797 3513 abusus
847 3463 1064 3511 maxime
1113 3460 1400 3509 invaluerat

337 3544 433 3594 sub
486 3541 747 3607 perversis
792 3539 1101 3604 quibusdam
1149 3538 1402 3586 Romano-

337 3635 448 3669 rum
473 3617 891 3683 imperatoribus.
938 3618 1096 3666 Teste
1120 3617 1254 3664 euim
1278 3616 1405 3664 Sne·

337 3705 447 3746 ton.
472 3710 521 3745 c.
541 3700 624 3743 58.
644 3693 883 3742 Tiberius
914 3692 1135 3757 ‘judic-ia
1171 3700 1224 3741 et
1259 3693 1403 3755 leges

340 3772 633 3836 majestatis
656 3770 972 3818 atrocissime
994 3767 1266 3818 exercuit!
1302 3769 1404 3818 Im·

343 3864 443 3905 mo,
467 3859 712 3897 narrante
744 3848 944 3897 Seneca
967 3847 1031 3895 «le
1057 3844 1291 3894 Benefic.
1317 3859 1405 3894 ιιι.

331 3931 422 3976 26.
441 3928 456 3953 ⁸
479 3924 589 3974 Sub
608 3922 822 3974 Tiberio
855 3921 956 3971 fnit
989 3922 1269 3972 accusandi
1305 3921 1404 3972 fre·

330 4015 500 4067 *quens
540 4010 593 4049 et
635 4014 790 4063 paene
826 3998 1035 4062 publica
1070 3999 1260 4060 rabies,
1291 4014 1407 4064 quae

328 4080 479 4128 omni
503 4078 644 4128 civili
668 4077 805 4126 bello
840 4077 1048 4140 gravius
1082 4084 1311 4140 togatam
1337 4078 1409 4126 ci-

332 4156 559 4204 -vitatem
582 4151 836 4204 confecit.
904 4153 1276 4215 Excipiebatur
1301 4168 1409 4203 ser-

2383 391 2518 458 683

1449 550 1612 606 casio,
1635 563 1733 601 nec
1745 550 1855 613 jam
1881 562 2085 600 reorum
2109 550 2519 614 exspectabatur

1452 635 1692 691 eventus,
1716 643 1830 678 cum
1867 636 2005 678 esset
2038 628 2207 677 uuus.'
2273 629 2390 680 Nec
2425 630 2520 678 mi·

1453 704 1556 753 tius
1591 704 1780 767 agebat
1816 704 1972 753 Caius
1997 703 2253 767 Caligula.
2319 705 2519 754 Adime

1456 780 1621 841 Nero,
1643 780 1732 844 qni
1763 787 2012 840 monstro,
2036 793 2184 843 quam
2217 780 2428 837 homini,
2455 780 2519 829 si·

1454 856 1640 913 milior.
1677 856 1959 906 secuudum
2001 857 2218 906 Sueton.
2244 871 2290 905 c.
2324 860 2404 906 32.
2447 857 2522 908 in-

1453 934 1629 985 stituit
1652 934 1669 964 ‘
1687 942 1747 984 ιιι
1782 937 1899 998 lege
1924 932 2212 996 majestatis
2244 931 2386 982 facta
2409 933 2521 984 dic·

1456 1017 1612 1075 taque
1655 1011 1849 1070 omnia,
1894 1009 2078 1076 quibus
2123 1010 2274 1060 modo
2319 1009 2524 1060 delator

1455 1102 1557 1139 non
1602 1088 1829 1151 deesset,
1865 1087 2221 1138 tenerentur.'
2303 1088 2525 1138 Remisit

1454 1167 1553 1217 iste
1596 1166 1738 1218 furor
1784 1166 1882 1217 sub
1923 1166 2163 1229 Claudio,
2203 1171 2259 1216 et
2300 1165 2524 1214 maxime

1456 1244 1553 1294 sub
1606 1246 1804 1300 Flavio.
1848 1259 1910 1294 ac
1955 1244 2099 1299 Tito,
2148 1242 2525 1305 Vespasianis3

1455 1319 1548 1368 sed
1575 1320 1821 1383 majorem
1857 1321 1908 1368 in
1942 1318 2146 1368 modum
2172 1318 2340 1367 denuo
2375 1331 2526 1367 exar-

1460 1403 1602 1444 serat
1626 1395 1721 1444 sub
1756 1395 2080 1455 Domitiano,
2107 1402 2285 1457 utpote
2310 1395 2526 1458 quiste-

1460 1472 1665 1523 ferente
1690 1474 1906 1522 Sueton.
1928 1488 1976 1521 c.
1999 1477 2078 1522 12.
2103 1479 2116 1500 ¹
2138 1472 2267 1522 bona
2294 1473 2523 1521 vivorum

1462 1563 1524 1598 ac
1544 1555 1863 1597 mortuorum
1887 1561 2274 1612 usquequaque,
2292 1546 2529 1610 quolibet

1461 1632 1517 1674 et
1554 1634 1879 1684 accusatore,
1913 1632 1970 1674 et
2008 1624 2242 1682 crimine,
2278 1623 2528 1685 corripie-

1463 1702 1591 1763 bat3
1625 1703 1709 1751 cui
1744 1701 1870 1751 satis
1899 1708 2035 1762 erat,
2066 1700 2225 1764 objici
2249 1700 2527 1763 qualecun-

1461 1793 1564 1843 que
1597 1777 1795 1828 factum
1818 1778 2100 1834 dictumve,
2133 1776 2383 1825 adversus
2419 1789 2527 1824 ma·

1454 1854 1706 1919 jestatem
1747 1854 2043 1918 principis.’
2109 1853 2171 1903 ln
2209 1867 2439 1902 summa:
2475 1854 2528 1902 in

1458 1933 1575 1980 dies
1597 1947 1729 1981 nova
1753 1931 2186 1996 excogitabantur
2208 1937 2532 1993 argumenta,

1463 2022 1581 2072 quae
1616 2006 1680 2056 ad
1715 2008 1999 2070 majestatis
2035 2008 2229 2057 crimen
2267 2005 2530 2056 referren-

1466 2092 1582 2145 tnr;
1611 2082 1895 2148 cujusmodi
1915 2085 2156 2147 exempla
2170 2081 2403 2146 quaedam
2416 2081 2530 2144 jam

1466 2175 1648 2225 supra,
1674 2162 1737 2209 ad
1774 2176 1826 2223 p.
1851 2163 1964 2208 480.
1986 2159 2251 2207 annotavi.
2286 2158 2529 2206 Schmun.

1536 2237 1750 2286 Crimine
1766 2235 2013 2298 vocarent]
2045 2235 2267 2284 Codices
2283 2234 2413 2281 Mss.
2430 2234 2533 2281 Pa-

1469 2313 1719 2372 risiensis,
1745 2313 1998 2368 Venetus,
2030 2319 2083 2361 et
2119 2324 2282 2372 meus,
2318 2311 2442 2357 item
2478 2318 2535 2358 et

1470 2389 1602 2438 liber
1621 2389 1916 2441 Vossianus,
1936 2401 2031 2450 pro
2049 2386 2267 2445 crimine,
2286 2384 2537 2434 exhibent

1467 2465 1677 2516 crimini.
1735 2465 1857 2514 Scio
1879 2463 2107 2527 quidem,
2130 2477 2304 2512 casnm
2329 2469 2537 2511 sextum

1470 2542 1642 2591 tertiae
1684 2540 2046 2591 declinationis
2086 2539 2367 2603 aliquando
2401 2538 2456 2587 in
2493 2554 2539 2601 e,

1469 2625 1525 2667 et
1558 2617 1598 2678 i,
1633 2616 1907 2678 desinere;
1944 2615 2063 2664 vide
2098 2618 2247 2665 Voss.
2281 2614 2436 2664 Anal.
2476 2629 2538 2665 n.

1460 2698 1552 2743 .ll.
1596 2700 1651 2741 et
1695 2698 1778 2744 12.
1824 2692 1915 2742 sed
1962 2693 2263 2742 vocabulum
2309 2692 2540 2743 criminis

1470 2787 1571 2822 nou
1596 2780 1675 2821 est
1713 2773 1814 2823 buc
1850 2771 2179 2822 referendum
2204 2787 2217 2831 ;
2254 2785 2423 2835 neque
2449 2770 2540 2819 lin-

1462 2849 1690 2912 jusmodi
1739 2850 2018 2898 insolentes
2055 2850 2314 2898 nominum
2353 2846 2541 2895 forma·

1470 2925 1659 2984 tiones,
1695 2924 1919 2987 itemque
1956 2923 2248 2982 archaismi‚
2276 2920 2540 2984 quaerendi

1471 3000 1668 3049 suntin
1697 2999 1887 3048 Plinio.
1955 2997 2288 3047 Manifestum
2326 2997 2421 3043 hoc
2459 3004 2541 3045 est

1476 3077 1736 3130 mendum,
1759 3074 1895 3139 quod
1922 3075 1987 3124 ab
2011 3074 2272 3136 imperitia
2308 3072 2540 3121 librario·

1468 3170 1586 3203 rum
1611 3151 1790 3211 fluxit;
1822 3152 1910 3215 qui
1935 3166 2049 3201 cum
2076 3149 2427 3199 meminissent
2453 3150 2543 3198 ali·

1477 3236 1525 3284 bi
1566 3233 1691 3293 dici,
1727 3232 1961 3297 quamvis
2001 3232 2101 3281 alia
2147 3230 2546 3295 significatione.

1470 3313 1491 3341 ⁴
1515 3324 1700 3358 vacare
1727 3310 1950 3372 corpori,
1969 3309 2327 3372 philosophiae,
2352 3322 2546 3358 sermo-

1477 3385 1582 3448 ni,'
1618 3390 1721 3434 ἃς.
1760 3385 1795 3435 i.
1837 3399 1884 3434 e.
1918 3399 2125 3446 operam
2167 3384 2314 3441 dare,
2347 3385 2547 3447 opinati

1478 3472 1618 3518 sunt,
1652 3463 1735 3511 hic
1758 3461 1915 3510 etiam
1953 3460 2281 3509 scribendum
2310 3475 2442 3524 esse,
2467 3476 2550 3510 eo-

1470 3556 1587 3589 care
1608 3537 1815 3589 crimini.
1881 3536 1928 3586 Ii
1963 3544 2135 3586 antem
2160 3537 2401 3585 dicuntur
2426 3539 2441 3565 ‘
2462 3551 2547 3586 va·

1480 3630 1602 3665 care
1645 3612 1893 3675 crimine,’
1930 3620 1986 3663 et
2027 3612 2266 3677 ‘culpa‚'
2299 3613 2385 3676 qui
2430 3621 2550 3662 sunt

1466 3696 1805 3751 innocentes,
1837 3699 2083 3753 expertes
2118 3690 2283 3739 omnis
2319 3689 2551 3738 criminis

1483 3780 1535 3821 et
1559 3773 1747 3833 culpan,
1770 3778 1857 3818 aut
1883 3770 2032 3817 liberi
2055 3783 2084 3817 a
2106 3769 2339 3818 crimine.
2375 3768 2529 3814 Idem.

1549 3849 1753 3897 Penitus
1769 3846 2030 3910 sustulisti]
2058 3845 2284 3893 Omnino
2302 3842 2396 3890 sub
2418 3844 2553 3891 Ner·

1483 3939 1548 3973 va
1571 3931 1626 3972 et
1649 3923 1876 3984 Trajano
1899 3937 2139 3986 repressa
2158 3930 2234 3969 est
2258 3921 2357 3968 ista
2379 3919 2551 3967 rabies

1484 4013 1549 4047 ex
1574 3998 1753 4062 quovis
1775 3997 1917 4046 dicto
1942 3995 2148 4045 factove
2173 4010 2289 4044 reos
2315 3994 2554 4057 majesta·

1485 4076 1555 4124 tis
1580 4073 1763 4136 agendi
1790 4071 2272 4136 pronuntiandique.
2336 4069 2552 4118 Tacitus

1485 4151 1619 4198 enim
1656 4150 1707 4199 in
1745 4148 2009 4212 Agricola,
2034 4161 2082 4197 c.
2117 4152 2166 4195 8.
2200 4148 2214 4172 ‘
2239 4146 2413 4195 Primo
2447 4151 2555 4194 sta-

345 4245 448 4292 mo,
472 4230 783 4293 simplicitas
799 4228 1117 4291 jocantium3
1151 4229 1412 4279 nihilerat
1489 4227 1619 4289 tim,’
1651 4228 1837 4290 iuquit.
1874 4225 2186 4274 ‘beatissimi
2222 4223 2400 4272 saeculi
2436 4231 2557 4272 ortu

330 4316 537 4367 -totom,
572 4307 739 4359 omnis
777 4304 1021 4355 saeviendi
1056 4306 1296 4370 placebat
1324 4319 1411 4358 oc·

1490 4303 1670 4354 Nerva
1705 4303 1887 4353 Cesar
1923 4314 2005 4352 res
2043 4299 2161 4349 olim
2201 4298 2558 4351 dissociabiles
