3060 4902
764 356 829 403 c.
879 353 1122 403 rainu
1169 353 1500 404 saeuum
1551 353 1823 402 panno.
1899 353 1947 402 ι.
1976 335 2084 402 83.

324 501 493 552 vertit
525 513 585 549 se
604 497 669 549 ad
703 499 971 564 populum.
1003 499 1112 564 jam
1151 504 1296 549 stans
1330 499 1384 548 in

324 577 614 643 gradibus:
671 575 763 634 Kal
781 574 997 636 τοιαύτη,
1031 577 1214 640 inquit,
1252 576 1386 638 δεῦρο

322 654 622 718 εἰσέρχομαι,
646 650 808 715 οἷάπερ
825 651 902 701 καὶ
924 653 1130 714 ὄξελθεῖν
1151 652 1208 701 ἂν
1229 652 1390 712 εὐχοί-

322 751 440 794 μην.
488 731 622 781 Talis
649 731 737 780 huc
756 730 1015 792 ingredior,
1036 730 1216 793 qualem
1237 735 1282 778 et
1303 744 1386 778 ex·

324 809 403 857 ire
424 823 497 857 me
513 806 794 871 optaverint.
863 806 1077 855 Liberos
1101 819 1199 855 non
1226 819 1385 869 pepe·

329 887 404 935 rit
424 885 619 949 optimo
644 884 773 937 viro,
795 881 887 931 sed
911 880 1103 931 fautrix
1120 881 1386 931 Hadriano

330 962 400 1011 ad
424 960 691 1026 imperium
714 958 834 1021 fuit,
850 958 1105 1022 condigno
1127 959 1250 1008 item
1273 972 1386 1007 suc-

328 1042 541 1092 cessori.
632 1040 687 1088 Is
728 1054 838 1089 eam
879 1040 1227 1100 consecravit,
1269 1044 1387 1102 post

330 1121 578 1169 maritum
606 1124 880 1173 mortuam,
902 1123 956 1166 et
977 1115 1236 1164 basilicam
1260 1116 1388 1164 miro

331 1209 518 1259 opere,
557 1194 806 1245 Nemansi
850 1194 901 1242 in
942 1193 1236 1242 memoriam
1276 1193 1388 1256 ejus

331 1273 544 1322 struxit.
564 1271 709 1336 Lips.

408 1348 568 1412 Uxor]
606 1349 837 1413 Plotina,
867 1348 934 1399 de
965 1362 1067 1414 qua
1109 1345 1227 1397 vide
1265 1345 1388 1397 Dio·

334 1438 473 1476 nem.
495 1425 717 1474 Pater-ol.

403 1505 592 1560 Nonne,
615 1503 660 1552 si
692 1502 911 1568 pontifici
943 1501 1173 1566 maximo]
1208 1502 1389 1554 Qualis

329 1582 447 1645 ipse
476 1581 758 1644 Trajanus,
789 1589 845 1629 et
880 1594 1054 1629 omues
1097 1581 1328 1630 Caesares
1361 1594 1391 1628 a

328 1658 478 1710 Julio
501 1656 721 1707 fuerunt.
790 1657 862 1706 At
885 1672 1072 1707 uxores
1093 1672 1268 1708 eorum
1293 1672 1391 1707 nec

334 1740 498 1783 castas
520 1746 745 1796 semper,
764 1746 862 1781 nec
897 1734 1033 1783 inter
1056 1734 1280 1797 probas:
1315 1741 1392 1783 at·

333 1823 438 1875 que
459 1809 588 1858 adeo
627 1809 801 1859 nescio
823 1823 887 1858 an
927 1809 1066 1873 leges
1103 1810 1291 1875 aliquae
1327 1810 1393 1860 de

333 1884 600 1953 pontificis
637 1895 767 1936 toro.
850 1886 989 1949 Scio,
1021 1887 1393 1938 Tertullianum

335 1965 446 2014 tale
462 1963 710 2026 scribere,
723 1962 801 2014 bis
819 1972 1020 2030 terque,
1040 1965 1130 2015 sed
1147 1967 1239 2015 viri
1256 1965 1394 2015 docti

336 2041 407 2090 de
430 2040 448 2068 ‘
470 2038 679 2090 flamine
699 2039 714 2062 ’
734 2049 878 2090 recte
903 2041 1238 2105 interpretati
1259 2050 1394 2099 sunt,

334 2131 489 2183 quem
514 2116 597 2165 ille
613 2123 630 2146 ⁴
649 2116 940 2180 pontificem
976 2120 1251 2168 maximum
1270 2120 1285 2142 ’
1307 2134 1395 2183 ap·

336 2194 519 2258 pellat.
584 2193 656 2243 At
691 2195 887 2244 curiose
921 2196 1031 2245 haec
1061 2210 1161 2246 nou
1183 2210 1395 2261 qnaeroz

335 2277 568 2319 mentem
593 2268 755 2317 Plinii
777 2270 1024 2332 arbitror,
1061 2271 1114 2320 Si
1146 2269 1399 2334 pontifici,

336 2360 437 2409 pro
479 2360 748 2396 sacrorum
794 2348 1100 2403 reverentia,
1145 2348 1400 2410 condigna

336 2440 473 2477 uxor
516 2426 740 2492 legenda
786 2427 874 2492 sit,
921 2428 1051 2479 hauc
1093 2429 1230 2478 illam
1267 2426 1398 2478 fore.

339 2504 482 2568 Lips.

412 2581 601 2646 Nonne,
621 2582 666 2630 si
691 2580 907 2647 pontifici
924 2582 1154 2646 maximo]
1180 2581 1252 2632 At
1272 2596 1395 2630 non·

338 2672 410 2709 ne
430 2668 485 2709 et
508 2659 767 2723 Trajanus
792 2660 947 2709 Pont.
966 2660 1113 2708 Max.
1133 2657 1267 2707 fuit?
1289 2671 1397 2708 cer-

337 2745 399 2787 te
435 2734 567 2786 fuit:
621 2736 712 2785 sed
750 2745 928 2800 postea
965 2736 1169 2786 demum
1211 2734 1399 2798 factus,

339 2827 461 2862 cum
477 2813 587 2876 jam
612 2820 752 2863 esset
778 2813 1010 2862 maritus.
1036 2812 1270 2862 Rittersh.

410 2888 638 2954 Pontifici
654 2887 883 2951 maximo]
900 2890 984 2938 De
1001 2888 1245 2951 pontifice
1258 2903 1398 2937 max-

342 2967 447 3016 imo
473 2966 585 3030 jam
610 2979 781 3029 supra,
803 2966 866 3014 ad
891 2979 1044 3015 Lxrv.
1077 2971 1126 3015 2.
1147 2980 1247 3015 nou
1274 2966 1399 3015 nihil

345 3041 610 3093 annotavi.
675 3042 779 3092 Hic
803 3043 944 3091 locus
982 3057 1082 3091 non
1118 3057 1294 3106 parum
1318 3056 1400 3091 me

341 3122 601 3172 solicitum
624 3119 800 3176 liabet,
820 3120 912 3183 ita,
935 3129 993 3169 ut
1012 3122 1271 3184 vulgatam
1295 3120 1400 3169 lec·

343 3200 542 3250 tionem
577 3199 835 3247 extricare
863 3197 1104 3247 nesciam.
1171 3198 1400 3247 Primum

344 3276 484 3325 enim
522 3274 723 3323 Plinius
761 3274 837 3324 ita
868 3275 1096 3340 loquitur
1131 3273 1196 3323 de
1232 3273 1403 3340 ponti·

343 3353 450 3403 fiee
471 3353 710 3408 maximo,
737 3361 792 3403 ut
820 3367 922 3402 non
957 3353 1209 3416 cogitasse
1233 3352 1403 3401 videa·

344 3439 454 3493 tur,
466 3431 633 3495 ipsum
645 3430 917 3494 Trajanum
935 3428 1087 3479 fuisse
1112 3428 1403 3492 pontificem

343 3508 646 3569 maximum,
676 3506 811 3572 quod
848 3513 1019 3556 tamen
1056 3514 1136 3555 est
1181 3505 1406 3555 certissi-

344 3599 524 3646 mum3
567 3592 623 3634 et
658 3585 768 3647 ipse
806 3583 1007 3632 Plinius
1039 3597 1153 3632 eum
1178 3582 1289 3645 jam
1324 3596 1407 3631 su·

348 3676 466 3727 pra,
487 3662 601 3711 loco
626 3661 806 3725 citato,
830 3669 984 3726 atque
1008 3659 1164 3722 infra,
1190 3674 1339 3710 xcxv.
1359 3664 1408 3708 5.

345 3738 561 3788 vocavit
603 3736 897 3801 pontificem
936 3738 1227 3786 maximum.
1292 3738 1407 3787 Nec

346 3812 608 3865 satisfacit
654 3815 772 3864 huic
824 3813 980 3864 dubio
1034 3812 1407 3863 Rittershusius

346 3898 546 3946 noster.
568 3891 654 3957 qui
691 3898 886 3954 monet,
905 3891 1185 3954 Trajanum
1225 3899 1408 3955 postea

346 3969 557 4018 demum
592 3968 786 4019 factum
813 3969 1129 4032 pontificem,
1156 3983 1271 4017 cum
1295 3969 1407 4032 jam

349 4052 495 4096 esset
513 4048 745 4096 maritus.
809 4045 1063 4108 Trajanus
1087 4045 1268 4108 utique
1295 4046 1406 4109 jam

349 4130 469 4172 erat
512 4130 567 4172 et
608 4124 845 4184 maritus,
877 4132 933 4173 et
970 4119 1207 4186 pontifex
1245 4123 1405 4171 maxi·

349 4213 500 4260 mus3
552 4214 669 4249 cum
715 4199 914 4260 statim,
956 4206 1158 4249 mortno
1209 4199 1406 4259 Nerva,

349 4275 666 4340 suscepisset
707 4274 1067 4340 pontificatum
1114 4276 1407 4329 maximum.

484 4357 659 4423 Delph.
679 4364 727 4410 et
753 4357 871 4410 γαν.
890 4357 1019 4407 Cius.

1294 4356 1483 4421 Paneg.
1511 4356 1622 4408 Vel.

2340 338 2512 403 1025

1461 496 1730 551 Quaeritnr
1752 496 1928 560 igitur,
1946 510 2008 545 an
2042 509 2146 546 nou
2169 500 2293 547 tune
2310 496 2511 549 Plinius

1460 576 1595 625 bunc
1618 574 1834 624 fortasse
1856 574 1907 623 iu
1923 572 2129 623 modum
2151 573 2289 638 loqui
2311 574 2515 624 debuis-

1460 659 1542 700 set
1567 667 1581 699 :
1629 650 1837 712 Nonne,
1852 650 1894 699 si
1910 648 2003 698 tibi
2021 658 2263 713 tanquam
2280 649 2516 713 pontifici

1459 726 1700 788 maximo,
1723 725 1965 791 eligenda
1986 725 2170 775 fuisset
2192 727 2401 789 conjux,
2423 728 2515 778 ali-

1461 818 1565 868 qua
1578 803 1755 853 similis
1770 803 1891 867 eligi
1909 802 2160 866 potuisset
2182 802 2200 851 ?
2224 803 2426 854 Deinde
2448 819 2517 855 ex

1459 883 1613 933 nullis
1636 882 1790 933 certis
1812 892 2044 932 veterum
2068 881 2377 932 testimoniis
2396 896 2521 933 con·

1460 967 1583 1017 stat,
1606 960 1785 1009 sivein
1808 959 2072 1023 republica
2094 958 2273 1023 libera,
2292 959 2399 1009 sive
2421 959 2518 1010 snb

1463 1041 1880 1105 imperatoribus,
1915 1039 2200 1104 peculiares
2233 1040 2374 1104 leges
2412 1056 2520 1090 ma·

1464 1119 1780 1169 trimoniales
1803 1120 1884 1167 vel
1909 1119 2005 1183 ipsi
2033 1116 2267 1181 pontifici
2284 1119 2524 1183 maximo,

1463 1197 1546 1246 vel
1571 1197 1682 1261 ejus
1702 1197 1867 1252 uxori,
1882 1196 2213 1261 praescriptas
2233 1195 2410 1246 fuisse.
2446 1197 2522 1248 Ea

1464 1274 1620 1330 enini,
1645 1289 1762 1339 qnae
1802 1289 1867 1322 ex
1890 1274 2210 1325 Tertulliano
2233 1270 2407 1324 afferri
2440 1289 2523 1323 so·

1464 1351 1595 1406 lent,
1610 1350 1747 1400 infra
1764 1351 2042 1401 excutiam.
2076 1350 2139 1400 Id
2155 1364 2276 1399 vero
2285 1351 2406 1400 satis
2416 1364 2524 1400 ma·

1464 1424 1707 1477 nifestum
1735 1435 1832 1492 est,
1854 1429 1869 1454 ‘
1888 1424 2144 1477 flaminem
2165 1426 2411 1489 Dialem,’
2431 1427 2524 1476 hu·

1457 1505 1647 1569 jusque
1673 1517 1903 1561 uxorem,
1927 1503 2084 1553 certis
2109 1502 2207 1553 tori
2223 1503 2418 1566 legibus
2441 1501 2522 1551 fu-

1466 1583 1568 1631 isse
1593 1582 1893 1633 obstrictos.
1958 1581 2109 1630 Unde
2128 1581 2355 1643 cogitare
2374 1580 2526 1644 coepi,

1466 1659 1695 1709 Plinium
1731 1659 2017 1723 scripsisse,
2049 1658 2245 1722 flamini
2285 1657 2527 1715 maximo,-

1467 1743 1523 1785 at
1540 1736 1652 1799 jam
1677 1737 1794 1785 olim
1822 1736 2060 1785 librarios
2103 1733 2406 1785 vocabulum
2428 1733 2529 1784 sibi

1466 1815 1659 1868 notius,
1678 1820 1752 1873 et,
1772 1820 1830 1860 ut
1847 1810 2069 1861 fortasse
2088 1818 2358 1873 putarunt,
2376 1824 2528 1859 vene·

1468 1888 1697 1950 robinus,
1751 1887 2096 1952 substituisse,
2163 1886 2528 1947 rescribentes,

1464 1966 1680 2032 pontifici
1719 1966 1942 2015 maximo.
2006 1965 2218 2015 Scilicet
2258 1963 2396 2029 apud
2426 1965 2529 2014 Ro·

1466 2056 1645 2091 manos
1668 2049 1817 2090 erant
1841 2042 1972 2090 certi
1988 2039 2307 2097 sacerdotes,
2329 2040 2413 2103 qui
2440 2055 2529 2104 ap-

1470 2117 1799 2182 pellabantur
1819 2117 1835 2144 ‘
1857 2114 2126 2180 flamines,'
2150 2116 2293 2179 quasi
2316 2121 2331 2145 ⁴
2351 2115 2531 2164 filami-

1471 2209 1563 2244 nes
1584 2194 1598 2216 '
1620 2194 1765 2249 dicti,
1789 2194 1945 2257 quod,
1968 2206 2084 2241 cum
2104 2192 2227 2256 ipsis
2244 2192 2414 2253 capite
2438 2207 2531 2241 nn-

1471 2275 1538 2322 do
1561 2274 1613 2322 iu
1635 2271 1897 2336 publicum
1920 2270 2127 2334 prodire
2149 2268 2226 2318 fas
2249 2284 2349 2319 non
2374 2278 2530 2327 esset.

1474 2350 1672 2414 apicem
1697 2361 1830 2413 pone
1855 2346 2186 2410 regerebant,
2215 2353 2270 2396 et
2304 2347 2320 2374 ‘
2337 2344 2420 2395 filo
2444 2361 2532 2395 ve·

1472 2426 1566 2476 lati
1586 2424 1600 2446 '
1624 2423 1953 2475 incedebant.
1999 2423 2014 2450 ⁴
2033 2423 2202 2472 Filum
2221 2422 2235 2444 '
2257 2430 2430 2474 autem
2455 2423 2532 2473 di-

1472 2505 1689 2555 cebatur
1723 2504 1740 2531 ‘
1759 2505 1988 2553 velamen
2017 2501 2390 2563 lanae‚’cindice
2414 2502 2530 2552 Liv.

1474 2598 1514 2633 1.
1537 2587 1619 2633 32.
1655 2583 1800 2631 Pone
1824 2581 1958 2631 enim
1979 2579 2289 2644 regerebant
2313 2581 2532 2644 apicem,

1473 2661 1582 2710 sive
1609 2660 1856 2723 galerum,
1880 2658 2138 2722 negravis
2162 2666 2301 2708 esset
2325 2659 2534 2707 summis

1474 2739 1670 2788 aestatis
1685 2734 1961 2787 caloribus.
2030 2735 2166 2785 Vide
2180 2736 2214 2787 J
2220 2737 2395 2801 osepli.
2411 2737 2531 2786 Sca-

1472 2815 1621 2878 liger.
1660 2813 1724 2862 ad
1765 2813 1995 2869 Festum,
2032 2811 2128 2862 sub
2157 2826 2286 2863 voce
2321 2812 2338 2839 ‘
2354 2814 2534 2877 apicu-

1475 2890 1615 2939 lum!
1679 2890 1853 2938 Taceo
1878 2904 2014 2937 nunc
2031 2888 2157 2937 alias
2178 2888 2536 2953 etymologias.

1475 2967 1637 3017 Sicuti
1683 2980 1806 3016 vero
1849 2965 2141 3029 pontifices,
2194 2965 2381 3029 aliique
2430 2980 2534 3016 nou

1475 3045 1628 3110 pauci
1653 3058 1912 3093 sacrorum
1935 3042 2166 3099 ministri,
2197 3050 2346 3092 eraut
2375 3044 2537 3092 omni-

1475 3138 1561 3173 um
1600 3123 1830 3171 Deorum
1880 3119 2190 3177 sacerdotes,
2234 3134 2404 3185 neque
2447 3121 2537 3169 uni

1476 3208 1621 3251 certo
1638 3200 1830 3249 numini
1856 3198 2046 3248 addicti
2066 3215 2082 3260 ς
2117 3199 2205 3254 ita,
2227 3204 2422 3262 praeter
2445 3197 2536 3247 ali·

1477 3293 1553 3338 os,
1571 3274 1864 3325 ‘flamines'
1889 3275 2093 3340 plurimi
2117 3290 2218 3324 non
2252 3274 2349 3324 nisi
2384 3275 2536 3325 unius

1478 3354 1613 3403 certi
1636 3354 1741 3402 Dei
1765 3367 1915 3401 sacra
1938 3359 2201 3402 curarunt.
2241 3350 2314 3400 Hi
2336 3351 2534 3401 divide-

1480 3432 1670 3481 bantur
1688 3431 1741 3479 in
1763 3431 1778 3456 ‘
1793 3420 2024 3478 flamines
2046 3427 2304 3493 majores,'
2327 3433 2383 3478 et
2413 3430 2430 3458 ⁸
2444 3429 2539 3478 mi·

1480 3506 1668 3558 nores.'
1727 3505 2060 3570 ‘Majorum,'
2095 3507 2182 3569 qui
2206 3520 2270 3555 ex
2305 3506 2537 3570 patriciis

1484 3583 1844 3648 capiebantur,
1882 3598 1983 3633 non
2043 3585 2143 3633 nisi
2198 3592 2302 3635 tres
2347 3592 2494 3634 erant
2517 3600 2534 3634 ε

1480 3660 1706 3710 ‘flamen
1741 3659 2233 3723 Dialis,²Martialis,
2270 3668 2325 3710 et
2364 3659 2540 3713 Quiri-

1479 3736 1649 3788 nalis!
1717 3737 1964 3788 ‘Flamen
1999 3736 2200 3794 Dialis,’
2237 3736 2381 3802 quasi
2416 3735 2537 3786 ‘Jo-

1481 3813 1711 3878 vialis,’a
1727 3815 1852 3877 Dio,
1871 3813 2061 3864 ἀπὸτοῦ
2072 3812 2202 3874 Διὸς,
2217 3813 2407 3875 dictus,
2424 3817 2540 3862 erat

1480 3892 1632 3944 Jovis
1655 3890 1914 3942 sacerdos.
1982 3892 2127 3940 Livio
2161 3889 2296 3939 enim
2322 3894 2475 3945 teste,
2500 3900 2539 3936 1.

1479 3974 1562 4020 21.
1633 3971 1804 4020 Numa
1840 3968 2097 4018 flaminem
2119 3967 2238 4019 Jovi
2276 3965 2539 4017 assiduum

1480 4047 1806 4097 sacerdotem
1840 4047 2055 4101 creavit.
2094 4043 2381 4107 insignique
2419 4057 2537 4093 eum

1481 4131 1644 4183 veste,
1664 4118 1996 4186 (praetexta)
2014 4126 2070 4168 et
2092 4119 2256 4169 curuli
2278 4119 2417 4182 regia
2439 4119 2539 4169 sel-

1481 4199 1551 4263 la,
1575 4197 1862 4249 adornavit.
1930 4198 1998 4246 Et
2013 4197 2097 4246 bic
2115 4201 2227 4245 erat
2245 4195 2261 4223 ‘
2281 4197 2542 4262 summus,’

1481 4278 1594 4327 sive
1615 4281 1630 4305 ‘
1648 4275 1932 4333 maximus:
1953 4274 2091 4326 iuter
2106 4285 2280 4325 omnes
2293 4272 2544 4327 flamines.

2299 4356 2412 4431 syr
