3060 4902
743 379 812 427 0.
862 376 1106 426 Pmmt
1154 374 1487 429 suevum
1539 380 1819 431 PANBG.

304 520 543 570 Nsaiser.
609 519 705 572 Ita
743 521 950 572 restitui
987 521 1040 571 in
1074 528 1284 572 semest.
1314 521 1374 572 li·

304 596 424 660 bris,
435 597 578 663 quod
593 597 725 648 dein
742 598 975 663 Lipsius,
986 605 1079 648 aut
1096 600 1374 665 alinsqnis·

303 675 459 737 piam,
481 682 542 725 ut
566 689 725 725 suuni
747 676 969 726 notavit.
994 676 1168 727 Faber.

360 751 459 802 Sed
474 753 741 816 templu]
765 752 919 804 Quod
941 752 1106 802 illud?
1140 753 1335 803 euriam
1358 754 1378 802 ἒ

302 840 366 881 aa
386 827 674 877 erarium?
708 829 795 877 De
828 828 931 878 isto
951 828 1112 892 magis
1150 828 1377 892 placeat.

303 902 434 965 quod
458 903 516 954 in
541 905 661 955 nde
684 905 921 966 Saturni,
953 913 1009 955 et
1042 906 1183 955 circa
1219 920 1376 970 pecu·

301 979 452 1036 niam.
485 980 708 1044 grandis
750 982 833 1031 vel
857 982 1125 1046 precipua
1162 981 1377 1032 materia

300 1059 701 1109 calumniarum.
719 1060 860 1124 Lips.

360 1135 457 1186 Sed
500 1137 754 1201 implum]
794 1137 1027 1202 Ambigit
1062 1138 1287 1201 Lipsius,
1322 1152 1378 1186 u·

304 1220 431 1265 trum
481 1216 706 1277 curiam,
741 1229 805 1264 an
839 1218 1101 1278 erarium,
1137 1215 1379 1277 designet

300 1289 529 1342 Plinius.
578 1292 668 1340 De
703 1292 892 1342 aerario
917 1293 1083 1355 magis
1118 1292 1381 1356 placebat,

303 1369 433 1431 quod
462 1370 522 1417 in
545 1369 661 1419 ede
682 1369 912 1430 Saturni,
928 1377 983 1419 et
998 1371 1144 1420 circa
1168 1371 1379 1434 pecuni-

304 1458 398 1500 ιιι.
436 1446 681 1511 grandis,
721 1448 803 1496 vel
837 1448 1123 1509 precipua,
1160 1447 1380 1496 materia

301 1522 700 1572 calumniarum.
764 1520 870 1571 Sed
891 1523 1055 1585 magis
1080 1530 1209 1587 puto
1233 1522 1379 1572 iutel-

302 1597 383 1657 ligi
404 1597 636 1652 curiam,
660 1611 777 1661 qua
802 1603 857 1646 et
888 1597 999 1662 ipsa
1027 1598 1280 1660 templum
1303 1597 1377 1646 di·

303 1675 550 1737 cebatur,
572 1673 801 1724 docente
830 1675 1003 1724 Gellio
1031 1689 1095 1723 ex
1119 1675 1378 1736 Varrone,

303 1749 467 1800 Noct.
489 1749 662 1800 Attie.
684 1762 801 1799 xiv.
820 1755 871 1800 7.
919 1751 992 1800 Et
1015 1750 1127 1800 Cic.
1145 1764 1239 1813 pro
1262 1750 1377 1799 Mil.

301 1829 479 1878 2⁸8st
498 1829 700 1877 curiam
716 1827 731 1849 '
756 1833 909 1877 vocat
929 1828 945 1855 ⁴
964 1827 1215 1889 templum
1231 1841 1376 1876 sanc·

303 1903 496 1959 tit-tis.
518 1903 897 1966 amplitudinis,
934 1904 1141 1960 mentis,
1172 1903 1376 1953 consilii

302 1978 527 2041 publici,
546 1985 708 2041 capnt
730 1977 893 2035 urbis,
930 1992 1070 2028 aram
1098 1979 1379 2038 sociorum,

305 2062 517 2117 portum
562 2056 790 2104 omnium
837 2053 1110 2118 gentium?
1176 2055 1244 2102 Et
1292 2054 1378 2101 vix

304 2132 441 2188 sliis,
465 2145 623 2195 quant
656 2132 906 2180 senatorii
945 2130 1143 2181 ordinis
1176 2135 1378 2193 speeta-

305 2216 480 2272 taeque
496 2207 770 2271 dignitatis
790 2206 1101 2268 bominibus,
1117 2206 1379 2269 graviores

303 2292 460 2334 erant
499 2284 781 2333 delatores.
849 2281 1003 2332 Unda
1037 2282 1177 2331 Plin.
1208 2282 1378 2346 Epist.

305 2373 435 2408 vm.
457 2362 542 2409 1⁴.
560 2358 627 2408 de
654 2358 943 2408 istiusmodi
965 2359 1111 2408 malis
1136 2358 1375 2421 tempori·

303 2434 400 2488 bns
425 2435 651 2498 loeutus,
673 2435 690 2463 ⁶
709 2433 904 2485 curiam
921 2434 937 2458 ⁹
960 2435 1167 2485 vocavit
1188 2435 1204 2463 ⁸
1224 2434 1381 2498 trepi-

304 2511 424 2561 dam
467 2522 524 2561 et
560 2512 843 2574 elinguem,
869 2525 986 2561 curn
1028 2511 1207 2561 dicere
1242 2511 1377 2576 quod

306 2590 468 2638 velles
489 2589 856 2651 periculosum,
881 2588 1018 2654 quod
1045 2590 1206 2638 nolles
1231 2589 1380 2638 mise-

310 2680 422 2714 rum
448 2665 628 2715 esset-⁹
695 2664 883 2726 Immo,
899 2671 1092 2729 prater
1115 2664 1307 2714 curiam
1325 2671 1382 2714 et

310 2741 503 2803 farum,
527 2742 564 2791 ii
599 2741 760 2791 etiam
783 2742 884 2791 alia
907 2743 1024 2792 loca
1060 2741 1380 2799 insederant,

311 2824 562 2883 tauquam
584 2818 763 2868 hostes
784 2818 836 2867 iu
861 2817 1080 2867 insidiis.
1133 2818 1377 2869 Juvenal.

312 2893 423 2943 Sat.
458 2907 540 2943 xv.
574 2898 662 2945 ⁴6.
685 2909 834 2959 seqq.
857 2901 1006 2944 notat
1042 2900 1098 2944 et
1134 2894 1381 2944 ‘litoraz’

311 2976 326 2997 ¹
346 2970 477 3022 Quis
500 2970 640 3019 enim
663 2985 959 3034 proponere
998 2972 1155 3021 talem
1190 2970 1379 3036 (rario-

312 3062 421 3097 rem
467 3048 694 3112 piscem)
731 3048 840 3098 Aut
895 3064 1067 3099 emere
1125 3049 1378 3109 auderet;

309 3139 423 3174 eum
463 3125 623 3188 plena
655 3131 712 3173 at
746 3125 897 3174 litora
930 3127 1094 3174 multo
1128 3125 1380 3175 Delatore

310 3199 500 3249 forent.
525 3233 542 3247 .
556 3230 572 3247 .
594 3235 608 3249 .
635 3199 899 3264 Quidquid
917 3201 1252 3264 conspicuum
1269 3202 1379 3264 pul·

311 3275 597 3338 ebra-que
619 3283 700 3324 est
727 3290 936 3339 equore
970 3283 1105 3338 toto,
1129 3278 1233 3326 Res
1269 3276 1380 3327 fisci

310 3359 407 3407 est.
429 3351 729 3416 ubicunque
752 3351 934 3401 natat.’
956 3353 1199 3403 Schmun-z.

375 3428 683 3477 Testamenta
698 3428 890 3491 securo]
914 3428 1010 3476 Tb.
1038 3428 1252 3478 Hearne
1276 3443 1380 3477 mo·

311 3512 419 3565 net,
442 3504 573 3554 alios
610 3504 784 3567 legera
808 3505 1092 3554 testimonia.
1160 3503 1379 3553 Arntze·

312 3583 424 3631 nius
446 3582 545 3644 ait,
569 3594 628 3629 se
650 3595 776 3631 sane
809 3595 1060 3646 nusquam
1095 3581 1229 3629 banc
1251 3580 1382 3629 vari·

313 3664 504 3709 sutem
546 3657 822 3708 invenisne.
889 3656 1163 3707 Invenitur
1206 3666 1381 3706 autern

312 3735 519 3783 omnino
546 3733 596 3781 in
621 3733 855 3784 editione
888 3734 1216 3784 Elzeviriana
1234 3738 1381 3783 1640.

313 3810 415 3860 Sed
432 3810 616 3860 melior
630 3818 715 3859 est
732 3810 888 3860 lectio
904 3811 1133 3872 vulgata,
1149 3825 1266 3860 cum
1282 3826 1382 3875 qua

311 3888 555 3936 convenit
600 3884 816 3936 inferior
853 3886 998 3937 locus
1024 3887 1183 3937 Plinii
1221 3901 1382 3937 xun.

315 3966 393 4010 1.ι
416 3964 481 4013 ln
505 3962 692 4012 eodem
728 3977 922 4024 genera
957 3962 1251 4027 ponendum
1282 3969 1381 4024 est,

312 4041 444 4102 quod
471 4047 796 4090 testamenta
818 4047 995 4088 nostra
1019 4053 1202 4089 secura
1225 4038 1382 4088 sunt.'

311 4117 408 4166 Vix
446 4118 586 4168 enisu
622 4117 741 4165 alin
780 4115 1069 4165 delatorum
1106 4116 1379 4167 calumnia

312 4202 457 4244 erant
491 4192 900 4255 frequentiores,
927 4207 1079 4255 quam
1110 4194 1176 4242 de
1209 4193 1380 4241 crimi-

311 4270 451 4322 nibus
470 4268 789 4333 majestatis,
810 4276 865 4318 et
881 4267 1221 4319 testamentis.
1255 4268 1379 4317 Tes-

1902 383 1949 431 ι.
1977 365 2086 432 34.
2391 368 2522 435 627

1449 529 1594 574 tatur
1615 523 1668 573 id
1690 524 1910 576 Sueton-
1935 525 2132 577 Domit.
2157 539 2208 577 e.
2236 529 2316 578 12.
2338 532 2354 557 ¹
2374 527 2520 578 Nihil

1450 603 1602 666 pensi
1624 603 1823 661 babuit,
1861 605 1983 668 quin
2024 604 2353 668 predaretur
2381 607 2523 656 omni

1449 678 1622 728 modo.
1671 679 1822 729 Bona
1845 680 2076 730 vivorum
2101 695 2163 731 ac
2185 690 2520 747 mortuorum,

1451 755 1686 820 quolibet
1727 764 1783 804 et
1839 765 2142 806 accusatore
2185 765 2240 807 et
2285 758 2521 815 erimine.

1451 831 1893 894 corripiebantur.
2002 833 2146 883 Satis
2204 842 2319 884 erat
2362 836 2523 900 objici

1450 909 1812 974 qualecunque
1835 907 2053 973 factum,
2075 909 2399 976 dictumque,
2428 912 2520 961 ad-

1451 997 1630 1033 versus
1674 985 2004 1048 majestatem
2051 986 2321 1050 principis.
2387 990 2521 1038 Con·

1451 1057 1771 1109 fiscabautur
1813 1062 2139 1111 alienissima!
2178 1063 2517 1120 hereditates.

1455 1136 1539 1184 vei
1563 1136 1827 1186 existente
1851 1152 1971 1193 uno,
1997 1138 2081 1202 qul
2108 1138 2330 1203 diceret,
2348 1140 2521 1191 audis-

1453 1225 1508 1259 se
1527 1226 1583 1260 se
1607 1226 1670 1260 ex
1695 1211 1969 1276 defuncto,
1993 1229 2109 1263 eum
2136 1216 2523 1279 viveret,bere·

1452 1287 1573 1337 dem
1591 1288 1688 1337 sibi
1709 1287 1969 1337 Cas-rem
1995 1289 2145 1338 esse!
2163 1292 2315 1340 Idem.

1520 1363 1786 1425 Nullay'um
1807 1364 2115 1427 testamenta]
2135 1366 2328 1415 Dixine
2345 1366 2411 1416 de
2431 1382 2521 1430 pe·

1453 1440 1653 1490 cuniis?
1685 1455 1749 1488 en
1783 1442 2050 1504 exempla!
2089 1443 2396 1493 Delationes
2430 1454 2523 1494 aut

1453 1516 1728 1565 calumnie
1757 1516 1897 1566 eirea
1920 1523 2235 1567 testamenta
2268 1520 2519 1583 primurn:

1452 1600 1506 1642 et
1534 1590 1653 1641 audi
1676 1592 1891 1642 Sueton.
1915 1593 1967 1642 in
1994 1592 2188 1643 Domit.
2221 1596 2237 1623 ⁸
2261 1594 2523 1645 Confisca·

1450 1667 1678 1725 bantur‚’
1700 1672 1801 1717 διο.
1833 1667 1972 1732 Lips.

1517 1748 1697 1797 Nullus
1733 1753 1888 1797 status
1925 1748 2107 1811 certas]
2157 1748 2520 1813 cuspinianus,

1453 1823 1680 1887 Lipsius,
1710 1830 1765 1873 et
1793 1826 1951 1880 Ceva.
1973 1826 2097 1875 item
2136 1835 2187 1875 et
2225 1825 2360 1876 liber
2382 1827 2523 1890 prior

1452 1899 1634 1955 Gudii,
1693 1913 1785 1962 pro
1845 1902 2019 1964 nullus,
2073 1901 2275 1952 habent
2327 1904 2522 1953 nullius.

1452 1976 1585 2027 Qua·
1611 1977 1769 2026 lectio
1795 1977 1914 2026 mibi
1943 1992 2043 2027 non
2080 1979 2345 2042 displicet,
2375 1980 2520 2044 quid·

1451 2053 1573 2116 quid
1600 2061 1781 2103 contra
1806 2061 2011 2104 moveat
2033 2054 2362 2105 Arntzenius.
2415 2056 2522 2105 An·

1453 2142 1555 2177 non
1594 2129 1731 2178 enim
1770 2136 1824 2178 et
1849 2131 2032 2179 Cicero
2070 2130 2170 2179 ista
2205 2132 2395 2185 variat,
2422 2146 2517 2193 pro

1453 2206 1621 2256 Marc.
1643 2220 1691 2255 c.
1706 2207 1794 2254 2?
1829 2208 1844 2235 ‘
1863 2207 2076 2255 Nullius
2100 2211 2299 2256 tantum
2324 2212 2403 2256 est
2421 2206 2518 2256 flu·

1455 2295 1570 2330 rnen
1595 2281 1816 2343 ingenii3
1849 2282 1994 2330 nulla
2015 2280 2241 2339 dicendi,
2269 2288 2361 2331 aut
2393 2284 2519 2331 scri-

1454 2357 1634 2419 bendi,
1657 2364 1806 2407 tanta
1841 2357 2103 2420 vis,tanta
2139 2356 2326 2421 copia.'
2395 2358 2519 2421 Ipse

1454 2436 1672 2501 quisque
1696 2442 1879 2494 status,
1905 2435 2106 2486 ratione
2129 2432 2327 2491 forme,
2348 2436 2520 2486 salvus

1454 2514 1699 2562 manebat
1743 2514 1793 2562 in
1830 2513 2128 2577 republica;
2177 2512 2286 2569 sed,
2319 2514 2521 2563 ratione

1457 2603 1813 2652 personarum,
1851 2588 2175 2654 quorundam
2204 2595 2401 2639 tantum
2440 2591 2514 2641 ci·

1456 2666 1592 2715 vium
1616 2673 1803 2729 status,
1826 2673 1996 2723 autea.
2019 2666 2114 2716 sub
2148 2666 2293 2716 malis
2333 2667 2526 2729 princi·

1455 2740 1627 2805 pibus,
1650 2757 1682 2792 a
1704 2742 2020 2792 delatoribus
2045 2744 2095 2792 iu
2133 2741 2344 2792 dubium
2376 2755 2526 2791 voca-

1453 2817 1631 2881 batur,
1668 2826 1757 2868 aut
1789 2818 2096 2881 negabatur.
2164 2818 2370 2868 Dicitur
2402 2832 2525 2867 vero

1453 2901 1609 2945 statu
1629 2896 1896 2959 speciatim
1925 2908 2254 2959 personarum
2279 2892 2529 2955 conditio,

1454 2972 1732 3022 secundum
1778 2986 1954 3035 quam,
1997 2970 2084 3018 alii
2130 2970 2341 3033 ingenui
2386 2978 2524 3025 sunt.

1456 3048 1542 3097 alii
1575 3047 1823 3108 libertini,
1854 3047 1940 3095 alii
1979 3046 2136 3095 servi.
2204 3045 2344 3096 Hinc
2369 3052 2525 3095 eraut

1454 3128 1469 3155 ‘
1489 3122 1963 3188 liberaliajudicia,'
1975 3122 2039 3171 ad
2060 3136 2175 3186 quas
2192 3121 2527 3186 pertinebant

1453 3215 1648 3250 caussae
1673 3208 1861 3262 status,
1899 3199 2086 3265 quibus
2110 3200 2224 3264 quis
2250 3204 2525 3262 peteretur

1455 3292 1521 3327 ex
1545 3277 1793 3326 libertate
1819 3277 1871 3325 in
1895 3277 2225 3338 servitutem,
2247 3276 2329 3324 vel
2353 3290 2419 3325 ex
2444 3276 2525 3324 iu-

1453 3353 1724 3417 genuitate
1749 3353 1800 3401 in
1828 3353 2244 3402 libertinitatem.
2301 3353 2442 3405 Quin
2468 3359 2522 3402 et

1456 3442 1634 3479 omnes
1672 3428 1821 3477 liberi
1857 3429 1872 3456 ‘
1891 3434 2086 3477 statum
2108 3434 2313 3476 mutare
2332 3428 2346 3450 '
2383 3428 2526 3477 dice·

1455 3504 1669 3568 bantur,
1689 3505 1775 3570 qui
1803 3506 1879 3554 vel
1904 3505 2192 3565 civitatem,
2210 3504 2290 3552 vel
2315 3503 2526 3554 liberta·

1458 3590 1586 3644 tem,
1605 3583 1685 3632 vel
1698 3584 1785 3647 jus
1809 3580 2351 3647 familioe,amiserant.
2387 3583 2528 3634 Quia

1456 3674 1579 3709 vero
1614 3667 1783 3709 status
1820 3667 2050 3709 mutatus
2087 3660 2242 3709 etiarn
2280 3658 2523 3708 mutabat

1455 3735 1830 3795 hereditatem3
1868 3735 1990 3786 inde
2013 3736 2296 3798 delatores,
2333 3742 2389 3785 et
2411 3750 2522 3797 sus,

1455 3818 1509 3861 et
1532 3810 1662 3869 fisci,
1684 3811 1953 3863 commoda
1977 3811 2266 3876 quaesituri,
2294 3824 2393 3859 nou
2411 3824 2527 3860 raro

1452 3888 1738 3952 captabant
1792 3887 2137 3938 calumniandi
2185 3885 2527 3938 occasionem.

1454 3962 1629 4016 Quid?
1665 3962 1803 4028 quod
1845 3969 1901 4011 et
1935 3960 2201 4011 defunctis
2246 3961 2527 4026 aliquando

1452 4039 1858 4090 controversiam
1877 4044 2045 4088 status
2061 4038 2213 4087 iidem
2230 4038 2528 4092 movebant,

1454 4119 1631 4170 Quare
1664 4117 1817 4167 Titus
1855 4115 2225 4179 Vespasianus,
2262 4112 2531 4163 referente

1454 4193 1670 4243 Sueton.
1693 4208 1740 4243 c.
1766 4196 1813 4242 8.
1835 4194 1850 4221 ‘
1868 4193 2038 4243 vetuit
2067 4191 2232 4254 quaeri
2255 4190 2321 4238 de
2357 4191 2531 4254 cujus-

1452 4283 1607 4333 quam
1632 4267 1999 4319 defunctorum
2026 4274 2171 4316 statu
2195 4268 2332 4317 ultra
2349 4275 2527 4318 certos
