3060 4902
541 355 676 424 664

541 530 594 566 ss
617 514 899 565 intui-boesas.
934 511 1232 575 Istat-biritu,
1253 514 1289 563 i.
1314 528 1362 565 e.
1398 515 1610 564 minime

547 590 806 649 turbatus,
829 589 1475 653 tranquillusfintrepidus.
1492 590 1610 639 Vox

547 668 661 716 ltaec
693 681 794 716 nou
818 664 975 716 sscile
1005 666 1127 715 slibi
1154 667 1342 726 obvim
1380 682 1473 729 pro
1508 681 1612 731 qus

545 743 728 794 Tacito
753 752 1036 807 usurpatur
1057 745 1071 769 ‘
1099 743 1396 792 inturbidus
1417 742 1451 803 ς’
1488 758 1537 793 v.
1564 760 1614 806 g.

549 821 737 871 Annei.
762 834 879 871 xtv.
918 825 1002 871 22.
1021 825 1036 850 ⁸
1058 822 1184 870 Esse
1208 821 1280 870 illi
1309 836 1401 884 per
1431 820 1610 871 Asiam

546 899 712 947 avitos
735 913 910 961 egros,
948 899 996 947 in
1020 897 1207 963 quibus
1232 907 1346 946 tuts
1371 906 1424 947 et
1450 899 1613 947 intur-

551 973 906 1036 bidejuveuta
930 971 1226 1022 frueretur.'
1249 973 1495 1022 Schmrz.

620 1050 751 1104 Quin
774 1049 918 1098 eliam
931 1050 1097 1098 sedens
1109 1050 1259 1098 stanti
1269 1046 1484 1112 preivit]
1505 1049 1612 1099 Pu·

550 1125 810 1179 nolanus,
835 1124 1145 1187 Beroaldus,
1176 1124 1524 1178 Pliilomusus,
1546 1131 1616 1174 -et

551 1198 854 1262 Rhenanus,
878 1215 970 1263 pro
992 1202 1126 1263 quin,
1159 1201 1467 1261 evulgarunt
1489 1201 1572 1263 qui
1594 1217 1615 1258 ,-

551 1277 643 1327 sed
690 1278 854 1326 minus
891 1276 1071 1339 probe.
1137 1276 1200 1325 In
1244 1278 1397 1326 unico
1436 1277 1615 1326 codice

554 1353 807 1402 Vaticano
838 1356 987 1401 84⁰1.
1026 1352 1213 1401 omisso
1238 1353 1513 1416 participio
1542 1366 1615 1403 se·

550 1431 685 1488 dens,
713 1432 847 1494 lego,
885 1430 1017 1485 Quin
1051 1430 1196 1479 etium
1226 1430 1433 1492 prebuit
1458 1429 1611 1489 ,ἰκρία-

548 1509 770 1555 randum.
839 1504 994 1556 Quod
1017 1505 1081 1553 nd
1110 1505 1440 1569 participium
1463 1505 1618 1556 stanti

554 1583 745 1634 attinet
767 1596 782 1641 ς
807 1580 980 1631 fateor
994 1581 1219 1646 quidem,
1235 1590 1423 1630 memet
1448 1582 1614 1643 ipsum

550 1657 602 1707 id
633 1659 682 1707 in
707 1658 844 1706 nullo
860 1655 1042 1706 codice
1063 1657 1161 1705 Ms.
1176 1657 1580 1718 deprehendisse
1600 1673 1617 1718 ;

553 1735 604 1784 in
629 1749 692 1783 eo
716 1741 890 1783 tamen
912 1733 1234 1782 admittendo
1251 1735 1388 1782 uolui
1417 1748 1495 1783 me
1519 1732 1617 1783 dif-

553 1811 745 1860 ficilem
791 1811 1048 1873 praebere,
1093 1826 1194 1860 non
1230 1811 1348 1859 ideo
1385 1811 1619 1875 quidem,

552 1889 688 1952 quod
714 1887 847 1936 lianc
875 1901 1052 1936 vocem
1076 1888 1140 1936 ad
1166 1887 1477 1950 explendam
1502 1903 1619 1938 sen·

555 1964 770 2012 tentiam
799 1977 1006 2025 prorsus
1032 1964 1374 2011 necessariam
1405 1973 1620 2026 putave-

556 2038 671 2102 rim,
697 2045 881 2102 utpote
899 2053 1013 2088 cum
1034 2038 1354 2102 Pliniusjam
1385 2041 1619 2103 proxime

554 2114 767 2170 dixerit,
799 2115 1080 2177 Trajanum
1103 2116 1118 2141 ‘
1137 2116 1343 2165 stetisse
1369 2125 1489 2166 sute
1506 2131 1620 2179 gre·

554 2192 710 2244 miiun
735 2193 984 2249 consulis,
1007 2192 1311 2258 sedisseque
1336 2193 1622 2248 consulem.

555 2267 791 2332 principe
817 2278 936 2317 ante
952 2270 1087 2318 hunc
1100 2275 1274 2318 stante
1293 2268 1329 2331 ς’
1365 2270 1457 2319 sed
1483 2268 1619 2334 quod

555 2345 608 2396 J.
655 2346 713 2394 F.
761 2346 1052 2396 Gronovius
1091 2353 1314 2397 testatus
1357 2355 1458 2402 est,
1502 2346 1625 2410 (cur

555 2435 680 2471 vero
703 2422 834 2472 tanti
861 2422 955 2472 viri
980 2423 1276 2473 testimonio
1297 2421 1451 2472 fidem
1473 2422 1625 2475 dero-

555 2511 670 2561 gem
688 2498 734 2561 ?)
773 2512 828 2547 se
860 2499 958 2548 lioc
996 2499 1160 2562 ipsum
1198 2501 1533 2563 participium
1570 2500 1622 2548 in

554 2586 733 2629 vetere
749 2577 931 2628 codice
957 2581 1231 2642 reperisse.
1297 2580 1443 2629 Idem
1462 2581 1623 2630 etiam

553 2655 609 2704 in
631 2654 861 2716 margine
881 2654 1122 2704 editionis
1144 2669 1250 2704 suae
1268 2671 1351 2705 uu.
1372 2661 1516 2706 1631.
1535 2672 1621 2706 sn·

554 2736 847 2790 notuerst,
879 2737 1034 2793 etque
1054 2729 1244 2780 deinde
1265 2746 1346 2782 un.
1383 2735 1528 2782 1542.
1570 2734 1620 2781 in

556 2804 724 2868 ipsum
747 2809 1047 2855 contextum
1086 2807 1291 2870 recepit
1328 2809 1450 2859 Seb.
1480 2809 1621 2873 Gry·

555 2881 726 2945 phius.
794 2882 982 2946 Neque
1005 2890 1107 2945 est,
1130 2898 1223 2933 cur
1245 2900 1361 2935 cnm
1400 2886 1620 2936 Arutze·

555 2959 641 3008 nio
677 2958 1052 3023 existimemus,
1074 2963 1436 3024 repetitionem
1469 2963 1621 3026 hujus

557 3037 820 3102 participii
854 3038 939 3087 hic
975 3039 1183 3089 nimisnt
1223 3041 1411 3104 videri,
1450 3043 1492 3090 si
1523 3043 1619 3091 ite·

557 3127 669 3163 rum
689 3116 764 3176 τᾷ·
783 3115 968 3164 sedenti
985 3120 1190 3165 stantem
1204 3125 1494 3181 opponeret
1517 3118 1618 3167 Pli-

556 3191 690 3251 nius,
716 3190 854 3255 quod
881 3190 992 3254 jam
1015 3192 1139 3241 sstis
1174 3190 1367 3241 sectum
1397 3193 1448 3242 in
1470 3207 1621 3257 supe·

559 3267 799 3317 rioribus.
870 3268 1005 3317 Haec
1030 3269 1167 3317 enim
1187 3268 1321 3318 ratio
1343 3269 1386 3317 si
1406 3269 1622 3332 valeret,

557 3341 718 3392 etiam
750 3344 1077 3408 perticipium
1108 3346 1275 3394 sedens
1309 3360 1411 3394 non
1450 3347 1622 3409 repeti

554 3417 840 3475 debuisset.
852 3419 937 3482 cuj
946 3433 997 3468 us
1011 3420 1222 3469 verbum
1237 3423 1360 3470 sedit
1379 3421 1454 3470 bis
1473 3435 1624 3485 prox·

559 3495 663 3545 ime
689 3503 1046 3558 praecesserat.
1111 3494 1341 3546 Omnino
1363 3498 1499 3547 enim
1525 3496 1626 3547 istu

557 3569 804 3633 repetitio
821 3570 1128 3632 singularem
1160 3569 1368 3634 ἔμφασιν
1389 3570 1542 3622 effert
1571 3587 1624 3621 ο·

558 3645 769 3705 rationi,
791 3645 911 3694 dum
928 3659 1030 3694 non
1045 3648 1207 3697 solum
1232 3649 1482 3710 majorem
1505 3662 1624 3711 per·

558 3723 896 3787 spicuitutem
935 3722 1053 3773 huic
1089 3725 1203 3773 loco
1226 3726 1493 3782 conciliet,
1530 3725 1624 3774 sed

558 3810 630 3859 et,
645 3801 824 3864 judice
852 3800 1139 3866 Gronovlo‚
1174 3804 1318 3867 qussi
1353 3810 1508 3866 stiget
1535 3803 1625 3853 sd-

557 3878 884 3929 ntirstionem
923 3877 1160 3941 Trsjsni‚
1198 3880 1446 3943 principis
1502 3888 1625 3930 unte

558 3955 821 4006 consulem
847 3953 1115 4003 sedentem
1150 3956 1355 4011 stantis,
1369 3956 1624 4019 jurantis·

559 4045 682 4097 que,
699 4037 860 4095 etque
893 4030 1024 4081 sdeo
1060 4030 1263 4094 legibus
1296 4033 1625 4097 moribusque

559 4107 790 4172 antiquis
814 4107 1159 4157 Romsnorum
1175 4109 1330 4158 etism
1355 4110 1408 4158 in
1435 4109 1625 4172 princi-

560 4191 687 4246 pstu
713 4185 851 4234 ultro
883 4185 1232 4251 obsequentis.
1303 4185 1495 4250 Majori
1535 4199 1624 4252 su·

560 4265 669 4310 tem
721 4256 1022 4311 difficultati
1076 4262 1369 4325 expositum
1417 4260 1625 4313 videtur

1248 370 1461 419 ⁸0⁰1·AE
1511 367 1918 420 VARtoRtm

1973 371 2052 419 nt

1687 514 1899 564 verbum
1912 514 2124 578 preivit,
2135 514 2169 563 i.
2180 527 2229 563 e.
2238 514 2416 563 consul
2434 514 2675 578 prelegit
2690 517 2750 566 el:

1688 592 1906 641 dictavit
1920 591 2301 656 jusjurandum,
2323 598 2378 639 ut
2398 593 2449 640 id
2468 592 2747 656 subseque-

1689 677 1828 717 retur
1851 684 1911 718 sc
1946 668 2302 731 pronuntiaret
2332 669 2447 731 ipse
2489 669 2749 732 princeps.

1691 745 1803 793 Etsi
1824 745 1960 792 enim
1984 746 2079 793 hoc
2100 746 2313 793 verbum
2338 745 2459 794 ltuic
2482 746 2556 794 rei
2580 745 2751 808 expri-

1690 819 1889 869 mendae
1933 821 2003 869 sit
2047 820 2655 877 accommodatissimum,
2691 827 2748 870 et

1688 896 1834 960 qussi
1874 897 2172 959 proprium;
2207 896 2259 944 in
2295 897 2438 945 nullo
2465 905 2639 946 tumen
2663 911 2747 947 co·

1690 972 1808 1021 dice
1837 974 1938 1022 Ms.
1963 974 2014 1022 id
2042 973 2250 1033 inveni3
2284 973 2333 1022 in
2362 974 2506 1022 nullo
2528 974 2672 1022 edito
2693 980 2751 1023 et

1692 1055 1813 1097 ente
1835 1049 1932 1098 hoc
1957 1048 2356 1111 quadriennium
2393 1051 2541 1113 typis
2559 1063 2750 1100 excuso

1693 1124 1840 1184 libro,
1862 1125 1914 1173 id
1935 1124 2206 1174 contextui
2231 1124 2503 1181 insertum,
2520 1123 2616 1173 sed
2642 1133 2751 1174 tsn-

1695 1207 1803 1249 tnm
1828 1200 1879 1249 iu
1904 1202 2136 1263 margine
2158 1199 2482 1264 quorundum
2507 1200 2752 1250 librorum

1694 1283 2013 1334 euocatum,
2057 1277 2170 1340 ipse
2208 1274 2353 1337 vidi3
2399 1289 2575 1340 neque
2620 1290 2752 1340 pru-

1696 1359 1842 1403 terea
1861 1353 1909 1402 in
1935 1367 2241 1417 quemqnam
2272 1362 2755 1414 commentatorem,

1695 1438 1785 1479 snt
1823 1430 2162 1494 interpretem
2208 1428 2390 1489 lncidi,
2429 1429 2518 1493 qni
2561 1427 2753 1479 diserte

1694 1515 1997 1568 testaretur,
2042 1520 2097 1555 se
2135 1506 2230 1556 hoc
2275 1505 2510 1560 verbum,
2562 1505 2617 1554 in
2657 1505 2754 1556 boc

1693 1584 1851 1633 Plinii
1875 1584 2011 1644 loco,
2038 1584 2089 1632 in
2110 1581 2329 1647 quodem
2362 1582 2552 1632 codice
2585 1587 2756 1631 vetus·

1697 1666 1751 1709 to
1794 1658 2238 1722 deprehendisse:
2312 1659 2411 1707 nisi
2455 1658 2753 1721 credemus,

1696 1747 1784 1783 eos
1819 1734 2068 1797 editores,
2089 1735 2180 1797 qui
2216 1732 2269 1783 id
2301 1734 2352 1782 iu
2380 1732 2615 1796 margine
2649 1733 2757 1783 edi·

1696 1813 1894 1861 tionum
1941 1825 2148 1860 suerum
2193 1816 2536 1865 annotarunt.
2570 1809 2623 1858 in
2667 1822 2756 1859 sn·

1698 1888 1845 1951 tiqno
1877 1887 2060 1937 codice
2093 1887 2367 1952 reperisse.
2433 1886 2521 1936 Ne
2548 1887 2754 1950 Lipsius

1697 1961 1904 2025 quidem
1928 1963 2025 2012 hoc
2061 1963 2276 2011 verbum
2301 1963 2525 2024 recepit,
2561 1962 2649 2011 cui
2680 1968 2757 2012 ts·

1696 2053 1811 2087 men
1837 2052 1952 2087 cum
1984 2038 2208 2087 maxime
2245 2038 2462 2101 plscuit,
2503 2038 2642 2087 baud
2677 2053 2756 2088 se·

1696 2129 1809 2176 cus,
1834 2128 1895 2163 sc
1916 2115 2267 2163 Rittershusio
2289 2122 2482 2162 nostro.
2520 2113 2756 2164 Tandem

1700 2205 1821 2240 vero
1843 2191 1900 2241 J.
1924 2192 1985 2239 F.
2010 2191 2280 2241 Gronovio
2306 2190 2464 2238 olm.
2485 2203 2570 2238 tv.
2604 2194 2682 2239 to.
2705 2204 2757 2254 p.

1696 2271 1812 2316 264.
1835 2269 1949 2316 sine
1973 2266 2128 2316 dnbio
2153 2267 2316 2316 visum
2339 2275 2440 2327 est,
2472 2266 2640 2316 vicem
2673 2267 2761 2316 τοῦ

1694 2343 1922 2406 prebuit,
1945 2343 2272 2393 scribendum
2296 2357 2410 2392 esse
2427 2343 2643 2406 preivit.
2675 2342 2762 2393 In·

1701 2421 1849 2470 terim
1885 2420 2074 2485 ubique
2114 2434 2177 2469 eo
2212 2434 2374 2485 usque
2412 2434 2510 2484 pro
2545 2420 2761 2485 preivit,

1698 2495 1915 2559 legimus
1935 2495 2159 2559 prebuit,
2180 2494 2357 2544 eedem
2381 2495 2596 2560 quidem
2630 2498 2762 2547 noti·

1699 2587 1816 2634 one,
1854 2587 2009 2635 quem
2044 2574 2140 2623 lisc
2177 2573 2228 2622 in
2269 2587 2324 2622 re
2362 2573 2516 2623 hebet
2546 2573 2762 2625 verbum

1694 2650 1905 2713 preivit.
1972 2649 2203 2715 Operum
2226 2644 2553 2713 igitur'dedi,
2577 2658 2640 2701 ut
2661 2652 2764 2701 lee-

1698 2729 1889 2778 tionem
1920 2733 2025 2778 tsm
2061 2737 2364 2779 constenter
2397 2736 2762 2793 propagetur.

1698 2811 1880 2870 totque
1924 2806 2162 2855 codicum
2200 2802 2456 2868 suffragiis
2489 2804 2765 2856 conflrma-

1696 2886 1822 2937 tum,
1847 2895 1942 2945 pro
1966 2881 2100 2931 virili
2134 2888 2282 2945 psrte
2320 2881 2547 2930 antehac
2581 2879 2766 2932 defen·

1696 2957 1875 3006 derem
1910 2959 1960 3007 in
1998 2959 2216 3008 Excurs.
2239 2971 2288 3007 1..
2320 2972 2497 3021 quem,
2524 2958 2570 3007 si
2597 2958 2764 3021 lubet,

1696 3033 1873 3100 sdess,
1898 3043 1951 3085 et
1973 3034 2247 3097 dijudices.
2279 3034 2565 3097 Postquam
2590 3044 2767 3087 untes-

1694 3112 1825 3161 meis
1849 3112 2131 3161 rationibus
2162 3126 2263 3161 nou
2285 3111 2457 3160 induci
2482 3119 2769 3175 potuerunt

1697 3189 1796 3238 viri
1819 3189 2128 3252 doctissimi,
2151 3188 2464 3239 Arntzenins
2485 3196 2540 3237 et
2565 3188 2768 3239 Gesne-

1699 3281 1807 3328 rus‚
1828 3274 1885 3315 ut
1907 3273 1962 3316 et
1985 3266 2081 3330 ipsi
2103 3272 2449 3329 sequerentur
2482 3265 2766 3316 tectionem

1699 3345 1993 3406 vnlgstsm3
2055 3356 2175 3406 ego,
2219 3342 2548 3406 quantumvis
2594 3343 2766 3392 enimn

1701 3419 2019 3484 aliquantum
2065 3420 2344 3478 renitente,
2364 3419 2478 3481 ipse
2515 3418 2584 3468 iis
2617 3418 2768 3469 obse·

1699 3502 1871 3557 cutus,
1893 3508 1987 3558 pro
2009 3493 2167 3543 verbo
2195 3493 2423 3557 prolenis,
2448 3508 2592 3544 nnnc
2620 3509 2770 3559 repo·

1700 3573 1775 3621 sui
1813 3571 2044 3635 pretam
2078 3569 2195 3621 ideo
2242 3571 2593 3635 potissimum,
2629 3570 2767 3637 quod

1701 3648 1927 3713 Plinius,
1979 3648 2033 3698 in
2092 3648 2286 3698 ultimis
2346 3647 2501 3711 hnjm
2572 3649 2765 3713 cupitis

1701 3725 1894 3784 verbis,
1933 3739 2035 3774 non
2083 3725 2296 3788 scripsit
2336 3724 2583 3788 prebente
2623 3727 2768 3790 nulle,

1702 3802 1793 3851 sed
1838 3806 2078 3865 praeunte
2130 3802 2276 3859 nuno,
2318 3803 2403 3863 &c-
2479 3802 2764 3868 Utcunque

1702 3887 1802 3935 est,
1834 3878 1887 3927 id
1922 3877 2106 3927 saltent
2144 3885 2345 3926 certum
2384 3877 2577 3941 lisbeo,
2609 3880 2654 3929 si
2689 3879 2767 3930 vel

1699 3955 1926 4005 maxime
1956 3952 2166 4004 verbum
2187 3953 2388 4016 praehs‘t
2413 3952 2484 4002 ab
2507 3955 2628 4019 ipso
2655 3969 2771 4019 pro·

1701 4031 1906 4079 venerit
1945 4029 2139 4090 Plinio,
2172 4031 2430 4079 neminem
2471 4039 2648 4082 temen
2687 4032 2769 4082 vel

1701 4113 1884 4156 contra
1930 4120 2159 4169 sensum,
2213 4108 2298 4156 vel
2354 4115 2539 4158 contre
2594 4110 2767 4159 stilum

1702 4184 1859 4235 Plinii
1892 4191 2251 4249 peccsturum,
2290 4185 2521 4250 quisquis
2555 4189 2767 4239 verbum

1697 4262 1910 4326 pmii-it,
1934 4270 2180 4330 tanusm
2218 4263 2432 4313 verbum
2464 4264 2519 4314 in
2558 4266 2660 4317 hoc
2693 4280 2767 4315 sr-
