3060 4902
772 355 841 401 o.
893 353 1136 402 Pmmt
1185 353 1514 406 saeuum
1569 358 1845 407 Panno.
1923 362 1969 407 1.
2012 345 2121 411 38.

329 512 392 548 ex
420 511 525 562 qna
551 498 721 560 magis
738 498 962 563 justum,
981 507 1125 549 certe
1147 499 1401 561 votivum,

328 575 481 625 filiam
507 576 652 639 patri
678 576 989 640 succedere,
1020 591 1172 641 quam
1194 584 1398 628 contra.

328 655 536 719 ltaque,
561 654 685 717 quia
706 653 809 702 hoc
831 661 888 703 et
908 655 1090 716 rarius,
1112 668 1209 703 nec
1233 655 1310 704 ita
1331 670 1397 704 ex

328 738 533 780 natura
557 732 765 793 ordine,
781 730 835 781 id
859 731 1129 793 neglexit!
1160 732 1316 783 Ideni.

392 808 752 872 Qus-isset]
786 807 1037 870 Trajauns
1060 816 1261 858 naturae
1289 809 1398 859 vin·

328 885 501 934 culum
545 885 786 943 intuitos,
831 886 967 950 qnod
1013 887 1219 949 potavit
1255 887 1395 937 civili

326 961 710 1011 constitutione
745 976 851 1012 non
877 962 1023 1013 solvi.
1085 963 1276 1027 Itaque
1298 963 1396 1012 etsi

328 1037 555 1087 civiliter
590 1037 869 1089 desinebat
905 1044 1056 1102 pater
1085 1053 1223 1102 esse,
1259 1046 1393 1089 atta·

326 1128 446 1162 men
495 1114 623 1176 qnia
663 1122 787 1164 ante
828 1116 1055 1164 civiliter
1099 1112 1294 1180 fuerat,
1337 1123 1393 1165 et

327 1203 464 1239 nunc
489 1205 699 1253 quoqne
722 1192 1030 1241 naturaliter
1052 1200 1188 1254 erat,
1211 1192 1394 1242 babuit

323 1265 627 1315 iun-nem.
661 1266 798 1329 Lips.

386 1342 658 1406 Larymna
679 1342 953 1406 pmataas]
988 1343 1209 1405 Plinius,
1242 1361 1391 1402 μετω-

321 1424 521 1482 niudis
544 1422 768 1478 locutus,
796 1421 1074 1486 significat.
1106 1424 1388 1487 Trajanum

321 1512 423 1547 nou
448 1513 656 1562 passum
675 1513 808 1559 esse,
828 1507 887 1549 ut
911 1500 1077 1550 luctus
1097 1509 1391 1564 parentum,

322 1588 387 1624 ex
412 1574 645 1624 orbitate
667 1574 763 1626 filii
785 1584 951 1632 ortus,
975 1577 1223 1627 obnoxius
1247 1586 1388 1627 esset

323 1652 592 1716 vectigali,
640 1653 677 1701 i.
725 1668 773 1702 e.
816 1655 1228 1718 conjungeretur
1269 1671 1386 1705 cum

320 1742 480 1777 onere
506 1731 781 1792 vectigalis
801 1731 1082 1790 vicesima»,
1111 1746 1176 1778 ex
1201 1732 1389 1781 relicta

317 1803 410 1855 filii
433 1805 730 1856 hereditate
752 1806 1034 1858 solvendo.
1068 1807 1312 1859 Schworz.

389 1883 687 1946 Vedigdoe]
721 1883 993 1947 subjectas
1015 1885 1276 1949 vectigali,
1295 1886 1385 1935 ob-

315 1959 501 2008 noxias
523 1960 806 2022 vigesimae.
838 1959 979 2022 upa.

380 2035 903 2100 &edules-ditatis]
937 2037 1166 2094 Scilicet,
1199 2036 1384 2088 fiscum

318 2118 427 2172 ant,
468 2112 679 2160 nomino
720 2111 856 2172 fisci,
904 2111 1251 2176 publicanum,
1297 2114 1382 2179 qni

318 2186 493 2248 paullo
518 2185 807 2252 inferius,§
831 2193 882 2237 5.
915 2203 1013 2251 per
1036 2203 1223 2239 nornen
1257 2190 1274 2218 ‘
1297 2204 1383 2239 co·

316 2262 521 2312 heredia
539 2262 556 2283 ⁹
576 2264 897 2326 designatur.
930 2265 1170 2316 Schmun.

382 2338 483 2395 Ωιι·
514 2354 612 2388 non
644 2340 787 2390 labet
814 2341 992 2407 laetas]
1026 2343 1262 2400 Scilicet,
1300 2359 1382 2395 so·

315 2415 472 2468 cium.
537 2417 749 2481 Lipsius
783 2421 987 2482 quierit.
1011 2435 1075 2470 an
1106 2422 1379 2481 legendum

314 2509 453 2556 quen
474 2509 572 2544 m
592 2494 752 2545 habet.
818 2497 835 2524 ‘
856 2496 902 2545 N
909 2510 988 2544 am
1025 2504 1199 2558 potest
1221 2498 1381 2556 sane,'

311 2569 496 2633 inquit,
510 2573 584 2620 ‘in
602 2570 694 2621 filii
715 2579 885 2621 morte
901 2582 1168 2623 consortes
1186 2576 1380 2626 liabere

313 2646 506 2703 laetas,
549 2649 655 2697 etsi
692 2663 796 2698 non
830 2648 1049 2699 fiscum!
1105 2650 1188 2699 Ita
1224 2667 1379 2713 quem,

314 2737 407 2785 pro
438 2724 544 2786 qai,
580 2725 753 2788 legere
782 2724 965 2774 maluit
1006 2726 1383 2776 Rittcrsbusius

311 2802 509 2862 noster,
546 2802 730 2850 maluit
772 2803 1102 2863 Bongarsins,
1144 2811 1200 2854 et
1240 2803 1378 2852 Gru·

315 2886 478 2927 tetus.
550 2876 706 2927 Hanc
729 2878 1078 2940 conjecturam
1097 2879 1208 2943 jam
1236 2894 1377 2928 rece-

313 2966 439 3015 pere
460 2954 705 3014 Bebrins,
732 2955 962 3017 Hearne,
983 2955 1255 3018 cellarius,
1275 2957 1379 3005 Pa-

313 3031 466 3080 tarol.
536 3032 608 3081 Et
640 3029 832 3089 fateor,
869 3045 983 3081 earn
1019 3047 1266 3096 perquam
1292 3049 1378 3082 ac·

308 3108 691 3158 commodatam
737 3121 848 3157 esse
896 3109 1167 3158 sententia
1214 3109 1378 3159 Plini·-

309 3196 443 3233 ana.
530 3184 672 3235 Quia
714 3197 845 3234 vero
892 3185 1010 3234 huic
1057 3186 1376 3249 conjectura

304 3262 478 3311 nullus
502 3259 673 3310 codex
709 3261 813 3311 Ms.
852 3262 1094 3325 nullaque
1117 3263 1379 3326 antiquior

306 3336 474 3387 editio
496 3339 758 3387 succurrit
777 3354 794 3398 ς
820 3351 927 3388 nec
948 3341 1243 3390 necessaria
1261 3355 1376 3391 esse

308 3414 555 3475 videtum
588 3428 730 3476 cnm,
753 3414 1042 3465 Arntzeuio
1068 3423 1216 3465 recte
1231 3417 1376 3480 jndi-

306 3499 484 3554 cante,
528 3492 728 3541 Plinius
749 3506 851 3557 non
880 3494 1170 3555 generatim
1195 3495 1375 3559 loqua-

308 3574 394 3616 tur
428 3569 498 3616 de
540 3567 652 3617 aliis
688 3569 856 3618 luctas
890 3570 1063 3625 sociis,
1106 3570 1198 3619 sed
1235 3572 1373 3633 sigil-

304 3644 449 3693 latim
475 3644 544 3692 de
578 3642 723 3701 fisco.
755 3643 1012 3709 facileque
1034 3645 1144 3694 bec
1165 3654 1373 3697 senteu-

307 3722 380 3769 tia
414 3722 494 3770 sic
531 3722 763 3784 suppleri
804 3723 983 3785 possit,
1020 3738 1107 3772 nee
1143 3723 1374 3787 [fiscum]

302 3799 481 3848 mina
514 3798 799 3848 humil-eis
833 3799 1053 3863 accipiat,
1083 3801 1165 3863 qai
1202 3801 1371 3865 [eum]

305 3889 394 3922 m
416 3874 561 3924 uber
582 3873 829 3939 [socium]
852 3876 1040 3935 lactan
1064 3878 1222 3941 igitur
1247 3891 1372 3926 non-

304 3952 421 4001 duin
441 3951 570 4001 duxi
591 3950 940 4002 recedendum
959 3967 1074 4003 esse
1094 3969 1124 4003 a
1144 3954 1371 4004 lectione

306 4027 535 4091 vulgata.
563 4027 717 4078 Iden.

364 4106 642 4156 Attonitos·
677 4106 955 4172 orbitatem]
991 4107 1037 4158 1.
1072 4122 1122 4158 e.
1164 4117 1367 4173 patrem

305 4180 541 4232 orbatum
600 4181 732 4249 filio,
789 4183 1013 4250 ideoque
1070 4187 1371 4239 attonitum.

305 4256 523 4312 Petu-01.

2418 351 2552 418 663

1541 499 1828 552 Liberalitas
1840 503 2159 559 existimanda
2171 504 2269 570 est]
2285 507 2415 557 Cod.
2437 506 2550 560 Va-

1477 574 1634 626 tican.
1681 577 1904 642 Gnelpli.
1972 589 2028 630 et
2082 583 2213 632 liber
2256 584 2545 638 Vossianus

1473 652 1667 705 babent
1686 655 1966 706 ostiamnda
1994 663 2064 706 est
2081 674 2101 717 ‚·
2135 666 2191 708 at
2226 658 2544 714 Arntzenius

1463 728 1573 791 jam
1623 731 1687 778 ad
1728 731 1858 781 Aur.
1911 734 2050 784 Vict.
2092 735 2230 786 cm.
2278 749 2542 789 xxxvnr.

1472 810 1522 853 5.
1556 812 1611 855 et
1648 807 1715 855 ad
1760 808 1812 856 b.
1855 808 1888 856 Ι.
1926 810 2247 873 observavit,
2291 814 2393 862 ista
2437 815 2542 867 duo

1473 884 1630 931 verba
1654 897 1794 948 saepe
1820 901 1850 934 a
1873 885 2094 937 librariis
2123 888 2173 936 in
2210 889 2430 955 antiquis
2453 906 2542 942 co-

1472 958 1671 1007 dicibus
1715 958 1854 1009 inter
1898 975 1955 1010 se
1999 965 2301 1013 commutari
2350 967 2540 1017 solere.

1467 1034 1712 1088 δάψαι-2.

1537 1112 1684 1160 Ratio
1705 1128 1796 1164 uon
1818 1116 2029 1180 constat]
2067 1114 2081 1142 ‘
2109 1115 2185 1164 Ea
2201 1115 2432 1167 conditio
2456 1126 2541 1170 est

1469 1186 1777 1249 imperandi,
1815 1199 1874 1240 ut
1908 1206 2009 1240 non
2049 1192 2207 1241 aliter
2238 1193 2372 1243 ratio
2408 1209 2534 1244 con-

1467 1273 1593 1326 stet,
1632 1281 1784 1329 qnam
1822 1268 1864 1315 si
1908 1269 1993 1316 uni
2038 1268 2328 1331 reddatur,'
2361 1271 2536 1322 Tacit.

1467 1337 1608 1388 Anu.
1647 1354 1688 1390 1.
1727 1347 1777 1390 6.
1845 1343 2037 1394 Mirum
2071 1351 2172 1405 est,
2205 1346 2396 1409 ‘quam
2433 1347 2536 1396 siu·

1468 1416 1601 1478 gulis
1640 1416 1822 1467 diebus
1860 1420 1909 1466 in
1949 1420 2074 1469 urbe
2116 1422 2245 1470 ratio
2282 1430 2371 1472 ant
2410 1438 2536 1473 con·-

1464 1498 1592 1546 stet‚
1633 1502 1724 1541 ant
1757 1502 1996 1544 constare
2023 1496 2281 1559 videatur,
2307 1499 2536 1548 cunctis·

1462 1582 1564 1630 que
1600 1583 1698 1617 non
1741 1571 1987 1629 constet‚’
2036 1573 2174 1622 Plin.
2198 1575 2297 1637 Ep.
2332 1588 2369 1624 1.
2403 1579 2453 1624 2.
2483 1581 2535 1627 ⁴.

1461 1641 1617 1692 Adde
1642 1644 1905 1708 Spartian.
1928 1649 1981 1696 in
2007 1648 2217 1699 Valent.
2286 1652 2413 1701 Cum
2440 1667 2530 1701 an-

1463 1726 1569 1767 tem
1610 1735 1761 1783 pares
1805 1731 1925 1773 sunt
1971 1726 2217 1781 rationes,
2264 1735 2527 1779 constant.

1460 1784 1573 1845 Die
1602 1787 1967 1867 metbnauflm
1994 1793 2181 1853 tteffm
2211 1806 2309 1867 3¹1·
2337 1808 2491 1858 Rern.

1530 1877 1627 1926 Cui
1646 1879 1771 1928 ratio
1794 1896 1883 1930 non
1914 1882 2121 1945 constat]
2159 1884 2230 1932 H.
2252 1900 2299 1933 e.
2334 1884 2523 1933 libera-

1459 1949 1602 2013 litas,
1644 1969 1761 2018 quo
1810 1963 2007 2006 temere
2052 1958 2130 2014 fit,
2182 1960 2292 2008 sine
2336 1975 2525 2012 caussa

1449 2027 1596 2090 justa
1619 2039 1673 2080 et
1697 2033 1934 2096 honesta,
1955 2034 2064 2083 sine
2090 2035 2292 2096 judicio
2316 2044 2370 2086 et
2393 2038 2523 2087 deli·

1462 2103 1749 2156 beratione.
1815 2110 2201 2175 Etenim,quod
2226 2115 2336 2163 Cic.
2366 2114 2522 2166 Offic.

1460 2193 1499 2227 ι.
1528 2185 1606 2231 14.
1632 2183 1727 2241 ait,
1759 2184 2129 2237 ‘beneficentia
2153 2203 2213 2237 ac
2235 2189 2520 2241 liberalitas

1457 2255 1615 2305 habet
1654 2261 1841 2309 multas
1869 2262 2175 2312 cautiones.'
2210 2266 2276 2313 Et
2301 2280 2415 2327 cap.
2441 2272 2524 2316 15.

1454 2331 1470 2359 ⁸
1508 2333 1671 2383 Multi
1716 2339 1853 2386 euim
1900 2337 2101 2387 faciunt
2150 2341 2313 2389 multa
2355 2349 2518 2391 teme·

1456 2409 1613 2460 ritate
1632 2412 1871 2477 quadarn,
1895 2417 2004 2464 sinc
2021 2416 2224 2479 judicio
2250 2419 2330 2467 vel
2350 2419 2522 2482 modo,

1455 2485 1508 2533 in
1528 2501 1722 2547 omnes,
1747 2492 1826 2539 vel
1848 2494 2121 2555 repentino
2139 2497 2357 2557 quodam
2373 2500 2524 2562 quasi

1457 2572 1634 2626 vento,
1676 2566 1874 2631 impetu
1923 2570 2078 2619 animi
2123 2571 2363 2622 incitati:
2401 2590 2524 2638 qun

1454 2637 1709 2690 beneficia
1748 2658 1896 2708 aeqne
1928 2659 2114 2709 inagna
2149 2662 2250 2696 non
2288 2656 2407 2698 sunit
2428 2651 2521 2700 ba·

1451 2715 1646 2774 benda,
1682 2727 1840 2783 atque
1877 2736 1937 2771 ea
1974 2723 2322 2787 quaejudicio‚
2349 2728 2520 2776 consi·

1452 2791 1659 2854 derate,
1691 2805 2095 2865 constanterque
2136 2801 2313 2851 delata
2353 2804 2517 2855 sunt.'

1453 2869 1571 2917 Val.
1617 2870 1761 2919 Max.
1810 2887 1885 2921 lv.
1927 2877 1977 2921 8.
2023 2879 2071 2925 1.
2105 2876 2121 2903 ‘
2159 2876 2517 2928 Liberalitatis

1454 2943 1558 2994 duo
1593 2954 1714 2995 sunt
1749 2949 1971 2998 maxime
1995 2950 2287 3012 probabiles
2310 2951 2515 3016 fontes3

1456 3035 1632 3070 verum
1647 3022 1924 3085 judicium,
1960 3034 2013 3074 et
2049 3026 2269 3076 honesta
2293 3028 2516 3078 benevo-

1453 3097 1635 3147 lentia.
1703 3099 1833 3148 Nam
1855 3113 1970 3149 cum
1994 3101 2057 3151 ab
2093 3102 2168 3150 liis
2191 3104 2371 3164 oritur,
2394 3104 2520 3156 dnm

1453 3173 1658 3225 demum
1679 3177 1727 3225 ei
1747 3178 2144 3235 ratioconstatss
2180 3181 2320 3229 Plin.
2344 3182 2522 3244 Epist.

1453 3263 1517 3300 ιι.
1539 3256 1589 3299 4.
1611 3255 1660 3298 4.
1697 3254 1713 3280 ‘
1739 3253 2050 3303 Liberalitas
2076 3256 2149 3305 ita
2175 3258 2520 3320 temperanda

1454 3334 1550 3383 est,
1590 3342 1658 3376 ne
1700 3329 1857 3377 nimia
1893 3329 2187 3393 profusione
2229 3334 2521 3400 inarescat3

1451 3402 1543 3451 sed
1582 3404 1923 3466 temperanda
1959 3408 2011 3455 in
2052 3408 2199 3467 aliis;
2233 3409 2364 3460 inte
2393 3426 2518 3462 vero

1450 3477 1604 3529 facile
1622 3481 1751 3530 ratio
1770 3482 2048 3543 constabit,
2071 3484 2226 3532 etiam
2247 3486 2287 3534 si
2308 3486 2516 3538 modum

1451 3556 1776 3607 excesserit.'
1855 3558 2062 3610 Usitata
2100 3561 2268 3611 Plinio
2308 3555 2518 3616 dicendi

1449 3630 1687 3694 formula,
1721 3647 1753 3682 a
1791 3635 2075 3686 rationibus
2111 3637 2360 3703 deducta,
2394 3657 2516 3706 qun

1451 3716 1560 3759 tum
1585 3712 1601 3738 ‘
1627 3718 1872 3761 constare
1894 3710 1908 3731 ’
1938 3712 2202 3777 dicuntur,
2225 3718 2266 3766 si
2293 3730 2518 3783 accepta

1448 3794 1505 3837 et
1537 3802 1771 3851 expensa
1797 3789 1927 3839 bene
1951 3794 2286 3857 conveniunt,
2319 3805 2410 3845 aut
2442 3797 2515 3846 le·

1446 3864 1628 3928 gitima
1657 3880 1854 3915 summa
1886 3871 2259 3931 computationi
2299 3886 2514 3935 respon-

1445 3942 1558 3991 det.
1626 3943 1838 3993 Cottius
1858 3945 1924 3993 ad
1947 3947 2077 3996 hanc
2101 3948 2388 4010 epistolam·
2422 3950 2509 4002 cf.

1447 4020 1588 4069 Plin.
1615 4020 1787 4083 Epist.
1814 4034 1851 4069 ι.
1888 4027 1939 4072 6.
1976 4025 2054 4071 16.
2092 4037 2132 4071 ι.
2167 4028 2218 4072 9.
2239 4029 2286 4072 1.
2311 4040 2399 4075 ιιι.
2426 4030 2507 4078 18.

1447 4100 1529 4145 10.
1574 4109 1678 4145 vn.
1719 4100 1770 4146 6.
1817 4102 1868 4147 4.
1912 4111 1994 4146 tx.
2038 4103 2088 4148 8.
2132 4106 2181 4151 5.
2226 4114 2284 4149 x.
2324 4106 2408 4152 20.
2458 4108 2509 4153 8.

1443 4172 1694 4223 Schworz.

1514 4250 1757 4300 orbitatis
1779 4247 2004 4312 ὺύκνίιυ]
2025 4248 2072 4299 1.
2095 4264 2146 4304 e.
2169 4250 2375 4311 damna.
2394 4254 2509 4308 sive
