3060 4902
758 355 824 403 c.
872 353 1111 403 emim
1162 354 1497 405 sacuam
1548 355 1827 406 emec.
1903 340 2094 407 1.82.

2356 342 2532 411 1011

318 495 455 546 sicut
493 500 509 524 '
533 495 757 560 gelidoe’
785 503 841 547 et
884 498 900 524 ‘
939 498 1167 560 rigentes
1204 499 1390 564 aqua-3
1448 500 1575 563 flas,
1601 499 1709 549 sive
1745 500 2012 563 superfusa,
2046 513 2201 562 posse
2236 499 2406 550 locum
2444 503 2536 552 ba-

317 588 412 636 pro
451 573 673 637 frigidis,
711 575 836 637 poni
874 575 1077 624 solent:
1117 583 1273 638 prout
1307 577 1389 624 Li·

315 653 431 701 vius
454 650 615 714 dixit,
637 660 652 682 ‘
679 653 899 702 militum
921 667 1143 716 corpora
1169 656 1391 718 rigentia

316 730 437 790 gelu
479 728 774 791 torpuisse.’
839 730 929 779 Sic
972 730 1059 779 nbi
1097 731 1230 779 idem
1271 744 1393 779 xxt-

314 808 399 853 32.
423 805 518 866 ait,
551 805 567 831 ‘
595 819 786 866 pecora
809 806 1152 871 jumentaque
1196 807 1393 856 torrida

315 879 535 942 frigore,
577 880 811 928 homiues
856 881 1046 930 intonsi
1091 891 1147 930 et
1187 883 1390 945 inculti,

317 957 558 1006 suimslis
595 958 924 1020 inanimaque
961 958 1134 1007 omnia
1168 959 1392 1021 rigentia

316 1035 437 1097 gelu
458 1033 505 1095 ς’
541 1048 641 1081 non
667 1033 731 1082 de
752 1034 916 1094 glacie
939 1034 1143 1084 duratis
1167 1036 1392 1085 necatis-

314 1124 437 1173 que,
481 1109 572 1159 sed
613 1109 807 1172 frigore
836 1117 1036 1160 tantum
1080 1112 1391 1174 rigentibus,

316 1185 583 1249 loquitur;
616 1186 752 1234 sicut
789 1195 842 1234 et
884 1194 1136 1249 sequente
1161 1202 1276 1248 cap.
1310 1193 1392 1237 58.

318 1268 517 1311 tantam
542 1263 640 1310 vim
665 1261 874 1325 frigoris
910 1271 1298 1323 commemorat,
1332 1271 1391 1312 ut

314 1339 331 1364 ⁸
345 1339 679 1400 torpentibus
694 1339 868 1400 rigore
888 1340 1058 1388 nervis
1077 1341 1157 1388 vix
1177 1338 1390 1390 flectere

314 1422 460 1464 artus
478 1414 493 1436 '
519 1415 787 1477 potuerint
810 1415 1061 1464 homines.
1093 1416 1181 1465 Sic
1210 1417 1391 1466 Pbaed.

315 1504 396 1540 tv.
421 1494 500 1539 18.
522 1493 537 1517 ⁸
564 1493 681 1553 gelu
706 1493 961 1553 rigentem
982 1492 1246 1541 colubram
1267 1493 1281 1515 '
1305 1508 1386 1544 vo·

314 1573 422 1627 cat,
440 1581 539 1615 non
562 1575 707 1616 certe
726 1568 834 1630 jam
859 1569 1025 1631 glacie
1045 1568 1283 1618 duratam
1300 1584 1389 1618 ne·

313 1651 610 1707 cetumque,
626 1642 715 1691 sed
738 1651 933 1693 tantum
957 1643 1152 1704 frigore
1178 1654 1388 1708 torpen-

317 1730 445 1783 tem,
468 1734 620 1784 quarn
640 1720 847 1784 quidam
866 1722 1389 1785 sustulerit‚sinuqne

318 1794 535 1846 foverit.
600 1796 801 1845 Seneca
839 1797 889 1845 in
929 1795 1139 1857 Medea,
1175 1812 1250 1847 vs.
1276 1803 1392 1847 926.

320 1874 387 1923 de
409 1871 603 1922 Medea
625 1870 897 1922 affectibus
921 1882 1179 1922 aestuante
1196 1891 1211 1922 ε
1248 1877 1262 1902 ⁸
1284 1875 1388 1925 Cor

315 1949 519 2013 pepulit
553 1949 768 2009 horror;
803 1949 1036 1997 membra
1076 1957 1383 2012 torpescunt

314 2026 472 2090 gelu3
529 2026 828 2087 Pectusque
877 2024 1123 2073 tremuit.’
1193 2027 1383 2089 Neque

315 2107 419 2164 est,
444 2114 539 2149 cur
555 2115 646 2149 nos
663 2106 931 2148 morentur
939 2099 1153 2161 flumina
1168 2101 1350 2163 liquida
1365 2118 1382 2150 .·

314 2176 426 2226 bec
451 2177 586 2225 enim
612 2190 712 2224 non
748 2176 846 2225 boc
889 2177 939 2224 in
977 2177 1088 2225 loco
1113 2190 1382 2240 opponun-

314 2259 401 2300 tur
423 2248 721 2300 fluminibus
743 2252 1002 2300 concretis
1018 2259 1070 2301 et
1091 2254 1383 2315 conglacia-

319 2327 425 2388 tis;
473 2324 567 2375 sed
610 2325 805 2388 frigore
847 2327 1043 2388 rigidis,
1081 2328 1291 2384 limosis,
1328 2337 1382 2378 et

313 2403 495 2455 nivosa
527 2402 780 2467 grandine
807 2403 1062 2465 turl›i‹lis;
1097 2404 1229 2454 sicut
1252 2404 1383 2464 defe-

310 2482 491 2544 meio,
525 2495 713 2543 campo
745 2479 1051 2543 superfusis.
1119 2481 1207 2529 Sic
1241 2483 1385 2530 salva

313 2559 414 2607 erit
465 2560 679 2621 vulgata
736 2557 911 2617 lectio,
964 2557 1382 2620 sententiamque

315 2632 487 2684 Plinio
512 2639 882 2694 congruentem
908 2633 1209 2680 constituet.
1247 2633 1383 2681 Noto

312 2716 487 2759 tamen
508 2709 778 2772 praeterire
796 2705 1203 2756 Arntaeuianam
1223 2722 1378 2755 anno·

315 2786 600 2834 tationem:
631 2788 645 2811 ⁴
665 2784 725 2832 In
745 2783 993 2846 vulgata,’
1012 2784 1194 2847 inquit,
1209 2787 1224 2811 ⁸
1245 2783 1381 2846 apud

316 2861 547 2912 Plinium
591 2861 852 2922 scriptura
896 2859 1110 2908 verbum
1156 2860 1383 2922 requiro,

316 2936 451 3000 quod
480 2936 543 2984 ad
578 2936 792 2997 rigentia
823 2937 938 2996 gelu
954 2934 1168 2996 flumina
1194 2934 1382 2984 referri

314 3020 526 3077 potest:
577 3013 711 3062 unde
746 3014 856 3061 sola
891 3019 1089 3062 mutata
1125 3012 1383 3063 distincti·

312 3105 436 3154 one,
460 3089 597 3154 quod
630 3089 982 3137 mollissimum
1018 3089 1258 3137 medendi
1294 3105 1382 3152 ge-

310 3184 430 3225 nus,
453 3167 702 3230 legerem,
727 3167 953 3226 lustrare,
966 3165 1183 3226 navigiis
1202 3168 1382 3215 nando·

309 3260 400 3310 qne
435 3242 697 3308 superare-⁹
764 3244 930 3293 Quam
968 3243 1220 3291 medelam
1256 3245 1380 3294 alio·

313 3334 425 3370 rnm
463 3319 665 3383 judicio
704 3319 954 3382 relinquo.
1019 3318 1251 3367 Tandem
1276 3334 1382 3369 mo·

313 3411 435 3453 neo,
474 3396 823 3446 Puteolanum
855 3394 1084 3442 omisisse
1117 3396 1380 3457 nandoque,

312 3476 525 3538 ejusque
554 3474 668 3521 loco
697 3470 923 3519 edidisse
962 3472 1236 3533 quandoque
1249 3488 1270 3530 ,·
1305 3481 1382 3521 at·

313 3566 413 3616 que
439 3553 515 3600 ita
539 3551 695 3599 etiam
722 3551 772 3598 iu
798 3549 977 3598 codice
998 3549 1381 3613 Salisburgensi

222 3649 230 3657 ·
313 3644 408 3691 per
431 3626 799 3690 compendium
839 3634 894 3675 et
932 3639 1089 3688 super
1128 3626 1290 3675 ducta
1322 3628 1382 3675 li·

310 3704 484 3760 neola.
506 3703 756 3764 scriptum
780 3715 913 3762 esse,
933 3716 1059 3764 qnq3
1093 3702 1167 3750 ita
1193 3710 1381 3758 tamen,

312 3789 367 3828 ut
396 3781 449 3828 in
473 3778 705 3841 margine
730 3778 798 3827 ab
833 3778 937 3827 alia
971 3791 1127 3826 manu
1159 3778 1381 3841 rescrip-

313 3866 419 3907 tum
448 3857 519 3905 sit
542 3859 719 3906 nudo.
752 3858 1014 3906 Schwarz.

379 3932 576 3995 Campis
596 3933 865 3993 superfuso]
902 3932 1036 3980 Hoec
1057 3931 1215 3980 lectio
1238 3931 1380 3980 iuve-

309 4010 453 4060 nitur
469 4010 522 4058 in
538 4008 800 4058 codicibus
823 4009 951 4057 Mss.
972 4007 1218 4056 vatican.
1232 4007 1379 4055 Pari·

310 4085 485 4141 aiensi,
508 4084 714 4132 Veneto
731 4088 780 4131 2.
799 4081 1200 4144 salisburgensi,
1223 4080 1378 4129 Guel-

312 4163 657 4227 pberbytano,
697 4166 753 4209 et
797 4174 951 4220 meo;
1003 4166 1059 4208 at
1110 4158 1163 4222 in
1201 4158 1378 4221 paucis

308 4239 446 4303 aliis,
469 4237 706 4303 plurimis
745 4250 870 4287 vero
908 4236 1175 4301 impressis
1213 4249 1378 4298 saper·

1461 575 1607 624 bere.
1648 583 1662 605 ·
1679 575 2055 638 Superfluens.’
2071 584 2125 625 et
2148 584 2161 606 ⁶
2180 576 2538 643 superfluum,’

1460 653 1668 700 omnino
1690 653 1900 715 proprie
1927 653 2117 702 dicitur
2137 652 2203 702 de
2218 651 2429 704 flumine
2453 669 2536 705 re·

1460 727 1762 777 dundante=
1821 728 1959 777 unde
2001 729 2129 785 liaec,
2164 733 2399 794 quamvis
2438 746 2535 794 per

1463 804 1882 860 translationem,
1905 805 2177 868 conjungit
2196 806 2308 855 Cic.
2331 805 2396 855 de
2417 808 2535 856 Cla·

1464 879 1529 928 ris
1556 880 1770 929 Orator.
1791 895 1838 927 e.
1859 884 1942 928 91.
1999 880 2015 906 ‘
2042 879 2097 929 1s
2133 880 2282 930 dedit
2304 896 2534 944 operam,

1461 962 1519 1005 nt
1554 956 1706 1006 nimis
1743 957 2093 1022 redundantes
2133 972 2225 1008 nos
2263 966 2319 1007 et
2355 973 2534 1022 super-

1461 1031 1924 1097 fluentes-iuvenili
1949 1034 2169 1098 quadam
2209 1033 2413 1084 dicendi
2441 1037 2534 1085 im.

1462 1108 1699 1172 punitate
1748 1117 1803 1158 et
1851 1110 2060 1159 licentia
2106 1111 2430 1173 reprimeret,
2476 1116 2534 1161 et

1461 1187 1611 1250 quasi
1648 1193 1798 1237 extra
1839 1188 1976 1249 ripas
2014 1184 2307 1237 diffluentes
2327 1185 2533 1237 coerce·

1461 1261 1581 1311 ret.'
1629 1262 1835 1311 Lubens
1864 1272 2061 1324 tamen,
2083 1277 2197 1312 cum
2222 1262 2533 1319 Arntzenio,

1463 1336 1688 1400 praefero
1711 1337 1956 1400 superfusa
1968 1354 1989 1396 ,·
2025 1354 2141 1402 quae
2169 1353 2266 1386 vox
2287 1336 2531 1402 frequen-

1461 1415 1564 1462 tius
1609 1416 1856 1470 occurrit,
1907 1421 1964 1462 et
2012 1415 2233 1476 plurium
2286 1414 2530 1465 codicum

1461 1491 1591 1539 Mss.
1609 1487 1856 1553 suffragio
1880 1489 2237 1539 confirmatur.
2281 1490 2398 1539 Liv.
2423 1505 2531 1540 vn.

1461 1567 1510 1614 3.
1569 1569 1584 1592 ‘
1612 1567 1741 1615 Cum
1780 1566 1978 1614 medios
2014 1565 2151 1615 forte
2177 1565 2324 1617 ludos
2357 1568 2531 1617 circus

1458 1641 1641 1689 Tiberi
1690 1640 1964 1704 superfuso
2005 1644 2246 1705 irrigatus
2289 1644 2532 1706 impedis-

1459 1715 1581 1763 set.’
1639 1716 1840 1765 Plinius
1877 1724 2080 1779 noster,
2109 1719 2279 1782 Epist.
2302 1732 2427 1768 vrit.
2453 1723 2534 1770 17.

1458 1795 1472 1820 ⁸
1498 1792 1708 1841 Tiberis
1742 1794 1944 1842 alveum
1983 1796 2235 1857 excessit,
2257 1805 2313 1844 et
2340 1795 2530 1846 demis·

1458 1870 1680 1919 sioribus
1695 1869 1821 1932 ripis
1836 1872 1942 1920 alte
1957 1869 2385 1933 superfunditur.'
2420 1871 2530 1920 Pli-

1459 1946 1574 1994 nius
1598 1946 1793 2007 Major,
1831 1960 1938 1995 ιιι.
1970 1952 2015 1997 1.
2043 1948 2323 1997 translate:
2360 1947 2375 1974 ‘
2399 1948 2532 1998 Pro-

1460 2022 1608 2075 dunt.
1633 2023 1828 2071 Gallias
1865 2027 1998 2073 lianc
2033 2024 2254 2086 primum
2288 2024 2529 2074 babuisse

1459 2113 1690 2148 emissam
1708 2101 2117 2162 superfundendi
2135 2117 2190 2150 se
2207 2101 2413 2164 ltalia-J
2425 2105 2528 2152 Arc.

1461 2175 1629 2223 Idem..

1527 2252 1724 2313 Campis
1758 2251 2030 2314 superfusa]
2067 2251 2320 2315 superflua
2358 2252 2528 2303 Lirin.

1458 2326 1510 2375 in
1538 2335 1687 2375 textu
1711 2342 1726 2386 ς
1761 2327 1848 2374 sed
1870 2328 1917 2375 in
1940 2328 2183 2389 margine,
2201 2329 2447 2391 saper-suso
2466 2329 2529 2378 C.

1526 2403 1672 2451 Nunc
1706 2403 1884 2465 liquida
1919 2418 1975 2451 uc
2010 2402 2295 2466 deserentia]
2351 2405 2528 2456 Editio

1457 2478 1683 2541 Veneta,
1734 2482 1874 2531 Nunc
1913 2481 2112 2544 limpida
2152 2496 2209 2530 uc
2243 2483 2528 2532 deserentia.

1454 2555 1631 2606 Jnret.
2374 2548 2386 2560 “

1522 2633 1732 2697 Liquido
1746 2650 1803 2682 ac
1820 2633 2109 2697 deserentia]
2126 2635 2406 2685 Catanaeus
2425 2637 2530 2699 pri·

1458 2725 1594 2758 mum
1622 2712 1837 2772 legerat,
1868 2712 2211 2775 edideratque
2247 2712 2464 2774 limpida,
2490 2712 2525 2763 i.

1457 2800 1504 2834 e.
1526 2785 1816 2848 defaecata3
1852 2788 1939 2835 sed
1959 2794 2140 2850 postea
2159 2788 2208 2836 ei
2233 2791 2396 2850 magis
2414 2790 2524 2852 pla·

1458 2863 1569 2911 cuit
1611 2865 1811 2926 liquida.
1881 2864 2102 2929 Liquida
2147 2879 2272 2914 vero
2310 2863 2526 2915 flumina

1460 2951 1605 2989 recte
1629 2942 1833 3004 quidem
1860 2942 2015 2989 etiarn
2040 2939 2333 2989 fluminibus
2358 2942 2527 3001 glacie

1457 3014 1656 3064 duratis
1692 3017 1886 3078 opponi
1934 3022 2177 3076 possuut;
2221 3015 2358 3077 quod
2396 3017 2523 3066 satis

1456 3090 1653 3139 indicat
1677 3091 1902 3139 Rutilius
1928 3090 2055 3140 ltin.
2081 3103 2118 3138 1.
2139 3094 2256 3138 489.
2289 3092 2304 3116 ⁸
2324 3090 2524 3140 Juucta

1457 3166 1654 3217 fluenta
1694 3169 1811 3225 gelu
1855 3175 2138 3229 conspecto
2178 3168 2286 3215 sole
2331 3167 2525 3229 liques·

1458 3253 1617 3301 cuut;
1655 3245 1719 3292 Et
1754 3258 1928 3292 rursus
1964 3242 2168 3307 liquida·
2206 3243 2311 3291 sole
2346 3243 2523 3306 gelan-

1458 3328 1546 3369 tur
1568 3319 1754 3383 aquae.’
1819 3320 2033 3381 Verum,
2057 3318 2193 3383 qnod
2220 3318 2370 3368 modo
2393 3319 2538 3383 dixi,

1457 3412 1561 3446 non
1581 3398 1747 3447 minus
1767 3397 2002 3460 impuris,
2018 3396 2224 3456 crassis,
2243 3395 2437 3460 frigore
2457 3398 2521 3447 ri-

1457 3474 1716 3537 gentibus,
1754 3488 1815 3522 ac
1861 3474 2038 3522 nivosa
2074 3472 2319 3535 grandine
2359 3472 2524 3523 turbi-

1457 3551 1557 3613 dis,
1579 3549 1890 3611 flumiuibus,
1912 3558 2125 3611 possunt
2156 3549 2368 3612 opponi.
2434 3549 2524 3600 Sic

1457 3626 1616 3676 Ovid.
1656 3628 1874 3676 Metam.
1901 3639 1987 3675 tn.
2005 3630 2121 3676 486.
2143 3634 2158 3656 ·
2181 3625 2532 3691 ΙίᾳιιιεΐκιηιιιιἼ

1456 3703 1673 3751 undatn'
1709 3704 1928 3767 opponit
1978 3702 2293 3753 ‘turbidaez'
2347 3710 2361 3731 ‘
2386 3703 2520 3754 Qum

1454 3779 1606 3827 simul
1650 3778 1892 3841 adspexit
1927 3778 2212 3844 liquefacta
2252 3791 2426 3828 rursus
2467 3778 2520 3826 in

1456 3857 1592 3904 unda
1639 3856 1758 3906 Nou
1802 3857 1922 3904 tulit
1965 3850 2221 3903 ulterius-⁹
2285 3852 2537 3900 Martini.-

1456 3944 1562 3980 ιιι.
1597 3935 1678 3979 61.
1712 3935 1726 3959 ⁴
1750 3932 1823 3979 Ut
1862 3930 2107 3993 liquidum
2144 3937 2289 3991 potet
2315 3925 2522 3976 Alauda

1454 4021 1672 4066 merum,
1695 4005 1926 4053 Turbida
1952 4005 2173 4053 sollicito
2209 4001 2523 4051 transmittit

1456 4082 1679 4132 Caecuba
1721 4080 1913 4130 sacco.'
1981 4080 2119 4129 Plin.
2166 4079 2336 4141 Epist.
2380 4091 2432 4126 v.
2467 4081 2519 4130 6.

1453 4156 1795 4206 ‘salubritati
1836 4156 2060 4219 regionis
2106 4155 2281 4217 purius
2312 4154 2540 4215 coelurn,.

1454 4233 1543 4281 aer
1576 4230 1834 4295 liquidior,
1865 4231 2102 4280 accedit.'
2171 4229 2407 4279 Flumina
2427 4244 2520 4280 au·
