3060 4902
748 365 815 412 C.
866 362 1106 412 P121N11
1155 361 1489 414 Ssscuhlm
1543 365 1821 414 PANEG.

310 504 452 556 tem!
485 504 625 568 Lips.

305 610 316 618 ·
373 584 548 632 Tutum
558 582 690 646 suit]
726 581 827 631 Hae
848 580 964 631 due
984 598 1153 640 voces.
1171 584 1246 633 uti
1260 585 1372 648 jam

308 659 438 720 dixi,
470 659 660 707 absunt
701 660 767 707 sb
806 662 1054 717 omnibus,
1094 677 1217 723 quos
1252 676 1372 711 con-

306 736 462 789 sului.
497 735 762 784 codicibus
793 736 920 783 Mas.
950 738 1133 786 absunt
1162 739 1317 787 etiam
1344 753 1374 786 a

309 813 610 866 Puteolani,
646 813 907 876 Beroaldi,
931 823 982 862 et
1011 815 1261 876 Rhenani,
1285 829 1373 864 ex-

308 889 626 949 emplaribus
651 889 934 948 impressis.
1001 891 1103 939 Eas
1130 906 1226 939 uec
1252 899 1374 942 tunc

309 964 703 1019 desideraveris,
727 967 768 1013 si
806 968 1064 1027 vulgatam
1090 968 1242 1030 liujus
1277 968 1373 1016 loci

307 1040 586 1091 lectionem
625 1042 698 1090 its
737 1044 980 1106 corrigas,
1017 1053 1175 1106 atque
1211 1046 1372 1107 expli·

309 1124 424 1172 ces,'
444 1126 596 1181 prout
620 1118 773 1166 modo
792 1119 1017 1168 ostendi.
1086 1120 1270 1183 Neque
1298 1136 1375 1169 ra·

312 1194 503 1243 tionem
527 1194 654 1241 satis
675 1194 910 1242 idoneam
935 1181 1236 1257 'excogitare
1262 1212 1374 1260 pos-

312 1285 447 1331 sum,
468 1286 582 1335 quae
601 1271 676 1320 bis
692 1273 904 1321 vocibus
919 1274 1220 1322 omittendis
1242 1290 1374 1338 pra»-

314 1346 490 1398 buerit
537 1348 882 1397 occasionem.
965 1350 1057 1399 Sin
1099 1352 1376 1400 retinueris

313 1423 589 1475 lectionem
631 1425 910 1486 vulgatam,
946 1426 1374 1487 quemadmodum

312 1499 529 1562 nosjam
551 1500 870 1564 retinuimus,
894 1516 969 1550 eae
995 1517 1148 1552 voces
1172 1505 1377 1554 omuino

312 1578 621 1625 neeessariae
646 1587 766 1627 sunt
793 1580 857 1627 sd
882 1581 1190 1641 explendam
1223 1581 1375 1644 liujus

310 1651 411 1703 loci
429 1655 758 1701 seutentiam.
796 1655 1036 1703 Formula
1054 1657 1240 1720 alioqui
1257 1672 1376 1720 per-

314 1744 466 1792 quam
491 1727 758 1778 familiaris
780 1738 861 1778 est
895 1731 1094 1790 Plinio;
1131 1747 1179 1779 v.
1202 1747 1251 1794 g.
1278 1735 1374 1782 Pa-

312 1817 432 1866 neg.
470 1817 637 1853 xvin.
669 1810 722 1854 2.
758 1814 772 1835 ·
793 1806 982 1854 Tutum
1012 1815 1112 1866 est,
1139 1823 1376 1857 reveren·

316 1881 477 1940 tiam3
514 1889 681 1929 tutum
702 1883 1231 1943 caritatem,mereri.'
1256 1898 1375 1933 mn.

315 1959 364 2004 3.
399 1958 413 1983 ‘
440 1957 698 2006 Insectari
726 1959 880 2006 malos
905 1959 1184 2021 principes,
1208 1967 1373 2010 tutum

315 2031 435 2081 est.'
484 2046 596 2082 ινι.
636 2037 685 2081 7.
729 2037 744 2062 ⁸
771 2034 1047 2082 Imminere
1088 2038 1375 2086 minacibus

315 2111 461 2172 ripis,
486 2111 1135 2175 tutumquietumque,'&c.
1153 2113 1376 2164 Schwar-

315 2202 436 2235 zius.

382 2263 719 2328 Dinumerati]
767 2263 898 2312 Utra
936 2278 1057 2326 pars
1103 2266 1376 2327 praepolle·

315 2345 418 2387 ret.
477 2339 665 2402 Neque
690 2340 825 2387 enim
861 2341 955 2388 lioc
993 2340 1056 2387 ad
1089 2339 1377 2404 infrequen-

317 2414 442 2464 tiam
483 2422 690 2463 senatus
733 2415 1021 2474 retulerim,
1046 2429 1162 2464 cum
1189 2415 1252 2464 ad
1288 2417 1378 2465 im·

319 2490 630 2553 pediendum
652 2490 922 2538 decretum
941 2491 1379 2551 dicebatur,‘Nu-

317 2579 460 2614 mera
485 2565 760 2614 senatum.'

316 2641 430 2691 bus.
466 2641 603 2704 Lips-

384 2716 720 2780 Dinumeroti]
778 2717 1131 2766 Dinumeratis
1169 2726 1380 2768 senten·

319 2795 427 2855 tiis,
450 2795 626 2843 consul
652 2809 779 2849 eam.
801 2795 849 2842 in
870 2809 1019 2858 quam
1040 2796 1210 2857 plures
1237 2796 1381 2857 pedi·

319 2870 415 2918 bus
439 2871 623 2927 ierant,
649 2870 1048 2931 pronunciabat,
1068 2877 1082 2898 ¹
1102 2872 1234 2919 Haec
1262 2886 1381 2933 pars

319 2946 489 3008 major
535 2944 779 2994 videtur.⁸
850 2946 972 2994 Seu.
1021 2946 1088 2994 de
1131 2947 1381 2995 Benevol.

318 3036 437 3085 cap.
464 3023 557 3070 ult.
612 3023 697 3070 Sic
719 3023 969 3084 διαριθμεῖν
995 3020 1082 3071 τὰς
1103 3021 1294 3082 γνώμας
1317 3023 1382 3071 ab

828 2567 1034 2629 Festus,
1064 2567 1112 2614 in
1151 2567 1210 2616 iis
1244 2568 1378 2616 voci-

319 3098 495 3162 Appio
529 3097 824 3147 decemviro
867 3098 1146 3160 postulavit
1192 3100 1409 3148 Lucius·

320 3173 593 3223 Cornelius
630 3175 764 3236 apud
806 3174 1153 3223 Halicarnass.
1188 3175 1275 3223 lib.
1301 3188 1382 3225 ιι.

317 3248 463 3297 Alias
481 3252 496 3275 ⁸
522 3249 797 3297 sententiae
822 3263 883 3297 eo
912 3251 1211 3312 plerumque
1236 3250 1382 3298 incli-

318 3335 467 3389 tiant,
491 3340 590 3388 quo
613 3326 823 3374 inclinat
846 3324 971 3372 rex.¹
1006 3324 1230 3373 Consule
1248 3324 1383 3374 Gru-

322 3411 422 3452 ter.
465 3405 698 3453 Discurs.
742 3420 858 3470 cap.
894 3409 974 3453 37.
1002 3404 1170 3452 Tacit.
1197 3401 1384 3453 Annal.

324 3493 362 3528 ι.
392 3483 475 3530 74.
511 3481 666 3530 Beris.

387 3557 697 3607 Dinumerati
713 3555 899 3618 sumus]
935 3557 1135 3608 Quibus
1155 3556 1220 3605 de
1237 3571 1385 3606 caus-

318 3633 390 3683 sis
426 3635 684 3682 numerari
721 3633 901 3682 solitus
935 3633 1004 3681 sit
1039 3639 1266 3687 senatus,
1298 3631 1386 3681 do-

322 3717 410 3760 cet
435 3711 622 3759 Festus
646 3710 712 3760 de
744 3708 1036 3758 Verborum
1069 3709 1383 3771 Significati-

321 3800 458 3836 onez
507 3788 522 3812 ⁴
550 3787 783 3835 Numera
822 3793 1076 3839 senatum,
1113 3786 1185 3833 ait
1220 3785 1385 3848 quivis

240 3905 247 3912 .
323 3870 535 3911 senator
577 3862 796 3918 consuli,
844 3876 959 3910 cum
1016 3861 1386 3923 impedimento

323 3937 435 3987 vult
469 3950 606 3999 esse,
639 3951 739 4001 quo
774 3938 939 3985 minus
975 3934 1133 3985 facist
1155 3944 1387 3985 senatus-

323 4014 636 4074 consultum,
676 4013 1029 4076 postulatque,
1064 4019 1121 4060 ut
1160 4021 1249 4062 aut
1287 4027 1386 4070 res,

325 4105 439 4154 qnae
466 4087 786 4147 referuntur,
819 4087 1136 4147 dividantur,
1173 4096 1262 4136 aut
1286 4090 1388 4137 sin·

324 4166 427 4227 guli
455 4165 828 4224 consulantur3
864 4172 951 4212 aut
990 4165 1031 4212 si
1065 4172 1140 4214 tot
1165 4179 1265 4214 uon
1289 4166 1391 4216 sint

323 4250 607 4300 senatores,
627 4255 730 4306 quo
752 4254 966 4290 numero
984 4240 1135 4290 liceat
1155 4241 1390 4305 praescri-

1901 368 1949 416 1.
1981 354 2086 418 76.
2379 354 2510 419 957

1454 506 1506 556 bi
1532 509 2072 560 senatusconsultum!
2105 510 2347 560 Schts-ort.

1519 584 1632 630 Non
1664 587 1849 649 prima]
1886 587 2243 649 Imperatoris,
2279 589 2358 636 vel
2384 589 2513 651 ejus,

1450 658 1534 705 cui
1559 673 1622 706 ex
1640 660 1868 721 ejusdem
1884 663 2033 723 Jussu
2054 664 2248 724 primus
2267 665 2514 727 loquendi

1451 733 1592 782 locus
1613 738 1937 799 contigisset.
1973 740 2191 788 Patarol.

1517 811 1627 857 Non
1648 812 1827 873 prima]
1864 814 1996 861 Vide
2035 823 2305 878 tyrannos,
2329 815 2512 878 quibus

1449 896 1663 934 senatus
1690 903 1781 950 pro
1807 890 2027 952 imagine
2054 899 2140 939 aut
2163 891 2344 939 umbra
2369 901 2515 940 erat:

1450 976 1605 1009 unum
1632 963 1804 1012 dicere
1839 979 1899 1012 ex
1930 967 2213 1028 composito
2235 966 2514 1027 jubebant,

1449 1046 1504 1087 et
1554 1040 1688 1100 quod
1738 1041 1836 1103 ipsi
1875 1043 2102 1103 vellent3
2157 1052 2315 1106 atque
2356 1056 2513 1091 nuum

1451 1122 1672 1163 tautum.
1692 1115 1823 1178 Lips.

1514 1195 1612 1242 Sed
1635 1196 1821 1258 melior]
1864 1197 2103 1245 Fortasse
2127 1212 2222 1261 per
2243 1198 2513 1259 oct-iden„

1450 1283 1567 1317 nam
1593 1278 1648 1319 et
1672 1280 1795 1320 tunc
1819 1274 1869 1320 in
1905 1287 1964 1321 ea
2002 1275 2111 1337 ipsa
2150 1275 2304 1324 Marii
2344 1274 2514 1323 Prisci

1447 1358 1646 1407 caussa,
1668 1347 1733 1393 de
1766 1362 1864 1410 qua
1900 1348 2125 1413 loquitur
2162 1351 2383 1411 Plinius,
2407 1363 2515 1400 rec-

1452 1428 1562 1469 tum
1596 1422 1943 1472 existimatum
1984 1425 2032 1472 id
2074 1433 2173 1485 est,
2212 1426 2346 1489 quod
2394 1439 2513 1489 pars

1451 1498 1617 1560 major
1637 1510 1927 1549 censuerat.
1962 1500 2079 1550 Jam
2106 1516 2245 1559 vero,
2265 1502 2396 1565 quod
2422 1504 2515 1551 Se·

1451 1587 1584 1622 neca
1607 1574 1672 1621 de
1707 1574 1835 1623 Vita
1857 1576 2040 1631 Beata,
2065 1592 2112 1627 c.
2138 1581 2188 1626 2.
2214 1579 2314 1626 ait:
2351 1580 2366 1604 ‘
2395 1580 2514 1627 Non

1451 1657 1551 1711 est,
1587 1650 1723 1714 quod
1770 1652 1890 1699 mihi
1946 1653 2094 1711 illud,
2139 1653 2513 1702 discessionum

1451 1740 1612 1781 more,
1651 1726 1989 1789 respondeas,
2025 1730 2155 1778 Haec
2190 1745 2309 1791 pars
2349 1730 2517 1793 major

1452 1816 1569 1851 esse
1603 1803 1843 1863 videtur3
1888 1804 2006 1854 ideo
2044 1806 2178 1855 enim
2213 1807 2358 1869 pejor
2397 1815 2515 1856 est:

1453 1892 1554 1926 ηοη
1604 1886 1706 1927 tam
1756 1880 1885 1928 bene
1922 1895 2037 1929 cum
2086 1881 2239 1930 rebus
2285 1882 2517 1931 immanis

1453 1955 1645 2015 agitur,
1669 1965 1724 2005 ut
1749 1957 1958 2005 meliora
1983 1958 2215 2020 plurimis
2239 1959 2521 2021 placeant!

1453 2033 1681 2082 Questus
1723 2041 1801 2081 est
1836 2033 1948 2095 ipse
1985 2034 2203 2094 Plinius,
2226 2039 2518 2083 numeratas

1454 2117 1580 2159 tunc
1614 2126 1819 2176 quoque
1854 2114 2155 2165 sententias,
2181 2128 2278 2161 non
2323 2115 2518 2175 ponde-

1456 2194 1594 2234 ratas
1626 2201 1756 2236 esse.
1825 2188 1936 2235 Lib.
1977 2190 2110 2235 enim
2153 2202 2215 2236 ιι.
2243 2189 2411 2251 Epist.
2441 2194 2520 2238 12.

1449 2263 1465 2289 ‘
1492 2261 1594 2309 Sed
1624 2262 1717 2310 hoc
1745 2262 1973 2322 pluribus
2000 2263 2158 2310 visum
2184 2271 2281 2311 est.
2324 2264 2517 2312 Nume-

1458 2344 1638 2386 rantur
1674 2338 1809 2385 enim
1849 2340 2144 2397 sententiae,
2179 2353 2277 2387 ηοη
2323 2339 2518 2401 ponde-

1457 2422 1663 2463 rantur:
1702 2428 1797 2463 nec
1823 2414 1959 2462 alind
1986 2414 2035 2462 in
2063 2414 2270 2476 publico
2303 2416 2519 2466 consilio

1458 2497 1631 2552 potest
1655 2489 1783 2538 fieri.
1821 2491 1957 2538 Nam
1982 2505 2094 2538 cum
2122 2492 2189 2538 sit
2211 2492 2375 2553 impar
2401 2506 2519 2554 prn-

1456 2565 1655 2621 dentia,
1707 2580 1799 2628 par
1847 2567 2072 2614 omnium
2119 2567 2207 2628 jus
2254 2566 2367 2614 est.⁸
2433 2568 2520 2615 Sic

1456 2641 1611 2697 idem,
1652 2643 1816 2701 Epist.
1858 2655 1907 2689 v.
1950 2646 2026 2690 13.
2062 2641 2078 2667 ‘
2102 2642 2364 2704 Singulos,
2388 2642 2520 2691 inte-

1458 2731 1552 2779 gra
1592 2732 1664 2772 re,
1698 2716 1977 2766 dissentire
2013 2716 2093 2764 fas
2132 2726 2241 2777 σείς
2286 2725 2519 2780 peracta.

1459 2793 1594 2856 quod
1620 2793 1846 2855 pluribus
1887 2793 2185 2855 placuisset,
2212 2796 2412 2843 cunctis
2439 2801 2521 2842 tu-

1457 2869 1685 2918 endum.’
1751 2871 1879 2918 Cum
1921 2870 2099 2932 itaque
2137 2871 2336 2918 Plinius
2365 2871 2522 2920 nihilo

1457 2945 1624 2991 minus
1659 2945 1821 3006 dicat,
1860 2951 1981 2993 tunc
2023 2945 2207 2992 vicisse
2234 2951 2248 2972 ‘
2271 2946 2523 2993 senteuti-

1460 3037 1539 3069 am
1584 3020 1905 3079 meliorem;'
1952 3021 2124 3068 nescio
2173 3036 2235 3068 sn
2282 3036 2384 3069 non
2424 3022 2521 3070 ltoc

1461 3097 1575 3146 loco
1622 3098 1862 3159 loquatur
1904 3095 2153 3158 oratorie,
2197 3098 2289 3153 ita,
2330 3106 2385 3147 ut
2424 3098 2526 3147 huc

1460 3172 1840 3235 quodammodo
1883 3170 2077 3220 referre
2126 3172 2332 3233 possim,
2385 3173 2523 3235 quod

1461 3250 1646 3298 Cicero
1672 3247 1735 3296 de
1763 3247 2052 3296 rhetoribus
2085 3247 2235 3303 dixit.
2260 3250 2310 3296 in
2339 3249 2525 3306 Bruto,

1461 3339 1579 3386 cap.
1605 3327 1684 3372 11.
1733 3325 1750 3350 ‘
1775 3323 2083 3372 Concessum
2108 3331 2189 3371 est
2216 3323 2526 3385 rhetoribus,

1460 3398 1700 3447 ementiri
1721 3398 1996 3461 aliquando
2017 3398 2068 3446 in
2090 3399 2337 3462 historiis,
2355 3407 2412 3448 ut
2432 3400 2526 3449 sli-

1459 3461 1587 3540 quid
1600 3475 1770 3522 dicere
1788 3474 1989 3536 possint
2006 3474 2269 3535 argutius!
2283 3474 2526 3524 Schmun.

1525 3553 1594 3600 At
1628 3553 1735 3614 qais
1769 3557 1907 3599 anteo
1931 3551 2115 3613 loqui..
2136 3551 2388 3613 madebat]
2424 3553 2531 3601 Pti-

1462 3628 1576 3677 nius
1601 3630 1665 3675 de
1688 3627 2007 3690 temporibus
2032 3628 2336 3688 Domitiani,
2357 3628 2527 3690 Epist.

1465 3718 1588 3753 vm.
1639 3708 1718 3753 14.
1774 3707 1788 3732 ‘
1818 3703 1985 3752 Iidem
2030 3717 2123 3751 nos
2166 3706 2525 3765 prospeximus

1463 3781 1678 3836 curiam.
1704 3779 1794 3829 sed
1817 3780 2011 3828 curiam
2047 3779 2298 3841 trepidam
2324 3785 2378 3826 et
2401 3778 2529 3825 elin·

1464 3872 1648 3921 guem;
1681 3871 1799 3906 cum
1837 3857 2034 3916 dicere,
2065 3854 2198 3918 quod
2236 3855 2411 3906 velles,
2438 3868 2527 3916 pe·

1465 3936 1759 3991 riculosum,
1794 3932 1929 3997 quod
1969 3933 2152 3989 nolles,
2183 3931 2422 3978 miserum
2447 3944 2528 3980 es-

1464 4009 1703 4065 set,’&c.
1771 4009 1833 4057 ln
1870 4007 2050 4056 codice
2090 4006 2366 4061 Patavino,
2389 4011 2444 4054 et
2467 4005 2528 4053 li-

1464 4087 1558 4137 bro
1581 4086 1858 4139 Vossiano.
1884 4096 1975 4143 pro
1999 4082 2069 4129 At
2102 4080 2225 4142 quis,
2252 4078 2436 4140 legitur
2460 4080 2527 4128 Et

1464 4164 1603 4227 qui-53
1637 4163 1688 4211 in
1728 4159 2034 4215 parisiensi,
2072 4164 2128 4205 et
2167 4164 2387 4215 utroque
2422 4157 2528 4204 Ve-

1468 4248 1593 4290 neto
1629 4238 1732 4287 Ant
1769 4236 1913 4300 quis.-
1947 4233 2040 4284 sed
2081 4232 2204 4282 nibil
2241 4232 2405 4290 vides,
2429 4231 2528 4281 nisi
