3060 4902
785 367 849 414 c.
895 367 1143 416 ΡιιΝιι
1191 368 1524 419 saeuum
1579 373 1853 421 nnnc.
1931 375 1979 423 ι.
2021 361 2131 425 75.

2424 363 2554 430 951

345 507 706 559 timationibus
761 524 822 559 ae
862 509 1096 573 judiciis,
1142 510 1228 574 qui
1277 526 1414 560 nnnc
1491 515 1592 563 etsi
1630 530 1726 564 nec
1756 517 1911 567 aliter
1939 517 2204 567 sententia
2230 518 2377 569 valde
2400 519 2554 571 dissi·

346 595 486 646 snut,
531 587 829 646 bominum;
875 587 966 635 sed
1008 587 1070 636 iis
1111 588 1284 643 etiam,
1325 590 1412 652 qui
1491 590 1669 650 dente,
1692 594 1782 640 sed
1805 594 1880 643 sic
1903 596 2142 644 clariore.
2177 595 2312 658 Lips-

342 662 504 711 futuri
541 670 693 711 sunt:
729 676 1018 726 quanquam
1064 662 1270 712 illorum
1311 665 1413 714 erit

343 740 517 787 verius
534 737 813 801 judicium,
829 738 1210 788 obtrectatione
1233 747 1286 790 et
1306 755 1413 789 ma·

343 816 624 865 levolentia
645 815 957 865 liberatum.’
978 815 1129 865 Idem.

411 892 532 941 Post
555 891 704 955 ipsos]
742 893 871 942 Cum
885 891 993 952 jam
1029 893 1254 953 mortui3
1291 895 1409 952 etsi.

344 983 378 1017 o
412 968 546 1018 bone
571 969 729 1024 Plini,
748 967 962 1016 libertas
986 981 1047 1016 ea
1073 975 1274 1018 tantum
1312 972 1408 1021 sub

344 1044 510 1100 bonis,
547 1051 601 1092 ct
623 1043 688 1092 de
710 1043 892 1092 bonis:
930 1043 980 1091 in
1006 1044 1173 1100 malis,
1202 1046 1407 1107 judicia

342 1119 571 1183 quidem,
593 1117 683 1167 sed
710 1133 808 1167 non
832 1119 993 1168 libera
1017 1128 1106 1170 aut
1126 1122 1407 1183 publicata.

341 1196 483 1258 Lips.

407 1274 478 1321 Ee
499 1278 609 1323 ante
631 1286 714 1321 nos
725 1270 917 1334 gratos]
934 1271 1079 1329 Ante,
1105 1275 1140 1322 i.
1163 1289 1210 1324 e.
1236 1283 1407 1334 antea.

341 1350 581 1407 antehac,
604 1364 653 1398 v.
676 1364 728 1413 g.
753 1349 849 1398 sub
874 1350 1200 1413 Domitiano,
1228 1354 1406 1403 aliisve

338 1424 600 1474 illaudatis
627 1425 970 1489 principibus.
1008 1428 1216 1491 Lipsius
1242 1444 1407 1478 econ-

327 1498 541 1560 jsctura
563 1510 924 1566 annotaverat,
948 1504 1173 1565 placere,
1200 1519 1294 1568 pro
1320 1520 1404 1554 vo·

338 1576 508 1639 cibus,
523 1592 609 1627 nos
626 1585 817 1643 gratos,
840 1582 881 1629 si
907 1590 1192 1643 reponatur
1214 1597 1305 1629 non
1329 1583 1405 1631 in-

332 1660 519 1715 meos.
588 1657 756 1707 Quam
794 1659 1149 1721 conjecturam
1191 1658 1244 1707 in
1284 1673 1404 1709 con·

339 1736 542 1779 textum
568 1729 774 1780 admisit
785 1734 947 1782 editio
968 1734 1405 1796 Berneggeriana‚

335 1805 463 1856 item
488 1814 544 1856 et
569 1808 866 1857 Hackiana.
931 1810 1090 1858 Totus
1129 1809 1210 1857 bic
1246 1811 1404 1874 locus,

335 1885 622 1934 secundnm
659 1893 972 1934 structuram
996 1888 1405 1948 grammaticam.

334 1960 411 2009 ita
454 1970 537 2010 cst
578 1961 891 2010 ordinandus
935 1969 1095 2026 atque
1138 1965 1405 2027 explican-

335 2037 433 2086 dus
461 2053 476 2087 ε
508 2040 524 2066 ⁸
555 2038 626 2087 Ut
668 2038 1030 2100 experimento
1065 2053 1403 2104 cognoscere·

335 2120 440 2175 tur,
487 2121 543 2163 et
584 2122 707 2164 ante
742 2116 807 2178 (i.
847 2129 894 2162 e.
937 2115 1097 2165 etiam
1155 2118 1403 2180 antehac)

336 2203 427 2238 nos
472 2189 741 2255 (quidem)
787 2202 980 2254 gratos,
1021 2192 1112 2241 sed
1170 2194 1401 2249 miseros,

333 2265 531 2329 fuisse;
556 2269 740 2333 quibus
761 2268 899 2333 (scil.
926 2270 1103 2332 uobis)
1132 2278 1284 2319 antea
1301 2286 1400 2319 non

335 2344 503 2407 licuit,
529 2346 669 2409 (sive
694 2361 792 2396 non
827 2348 1005 2396 datum
1046 2347 1144 2397 fuit
1172 2363 1265 2410 per
1296 2363 1398 2397 ma-

332 2420 621 2486 lignitatem
685 2425 1002 2487 quorundam
1076 2425 1399 2488 superiorum

333 2498 672 2564 principum,)
708 2500 950 2563 probare,
985 2501 1120 2565 (sive
1161 2501 1400 2551 demons-

333 2585 523 2651 trare,)
544 2602 633 2636 nos
652 2602 765 2637 esse
791 2587 1004 2651 gratos!
1049 2588 1186 2637 lllud
1214 2604 1396 2652 prono·

335 2677 454 2713 men
477 2664 646 2728 quibus
673 2666 756 2714 hic
789 2664 1055 2714 commode
1085 2667 1271 2715 resolvi
1308 2682 1397 2731 po-

333 2747 440 2791 test
493 2743 545 2791 in
595 2751 609 2772 ⁶
630 2743 748 2791 dum
798 2743 945 2792 nobis
971 2742 984 2763 ’
1028 2743 1136 2792 sive
1171 2745 1397 2809 ‘quippe

332 2817 481 2866 nobis
500 2817 532 2877 ς’
567 2818 600 2867 i.
626 2833 674 2867 e.
699 2819 818 2868 dum
845 2820 991 2869 nobis
1026 2822 1167 2868 nulla
1191 2824 1398 2872 occasio

328 2891 428 2942 fnit
452 2901 617 2957 gratas
642 2894 831 2943 mentis
849 2903 1036 2945 nostrae
1053 2896 1400 2946 declarandae.

330 2967 417 3020 Sic
442 2984 545 3020 non
577 2972 740 3021 solnm
777 2971 861 3020 alii
901 2972 1021 3021 boni
1063 2983 1300 3023 auctores
1323 2976 1395 3023 lo·

328 3056 592 3110 quantum
628 3047 718 3097 sed
754 3056 809 3098 et
845 3048 956 3111 ipse
993 3057 1170 3098 noster
1196 3052 1395 3100 Plinius

329 3123 518 3185 passim
540 3138 556 3183 ;
591 3139 638 3172 v.
660 3140 710 3186 g.
738 3126 788 3173 in
815 3126 1047 3186 proximo
1066 3140 1110 3174 c.
1134 3138 1326 3175 mxxiv.
1347 3133 1395 3179 4.

328 3199 509 3250 ‘Quid
555 3199 752 3250 felicius
794 3201 971 3262 nobis;
1026 3201 1213 3266 quibus
1248 3202 1309 3267 (i.
1345 3218 1393 3252 e.

328 3275 450 3325 dum
488 3278 661 3339 nobis)
696 3278 922 3340 nonjam
961 3277 1086 3326 illud
1112 3279 1392 3342 optandum

330 3361 432 3415 est,
457 3361 513 3404 ut
537 3369 628 3402 nos
651 3353 836 3417 diligat
858 3356 1133 3417 princeps3
1169 3355 1259 3403 sed
1285 3356 1395 3419 Dii,

329 3433 759 3497 quemadmodum
778 3432 1068 3495 princeps?
1095 3431 1242 3481 Idem
1260 3447 1396 3483 xcn.

327 3512 375 3558 4.
396 3510 410 3535 ‘
433 3510 586 3565 Nam,
613 3509 751 3574 quod
779 3524 895 3558 eum
914 3509 1231 3571 potissimum
1250 3523 1392 3558 men-

325 3599 431 3634 sem
457 3586 761 3644 attribuisti,
785 3600 937 3651 quem
957 3594 1074 3634 tuus
1090 3585 1279 3633 natalis
1303 3600 1390 3635 ex·

326 3670 497 3726 ornat,
522 3677 671 3727 quam
701 3664 967 3724 pulchrum
993 3662 1170 3710 nobis!
1209 3661 1390 3724 quibus

324 3739 387 3799 (i.
407 3753 457 3788 e.
480 3737 602 3787 dnm
625 3739 795 3802 nobis)
828 3740 1019 3799 edicto,
1042 3738 1232 3802 quibus
1257 3738 1318 3801 (i.
1343 3753 1391 3787 e.

324 3814 445 3864 dum
466 3815 640 3881 uobis)
656 3815 973 3880 spectaculo,
992 3815 1254 3865 celebrare
1270 3829 1390 3862 con-

325 3893 492 3953 tinget
515 3893 651 3942 diem
676 3894 817 3942 illum
857 3893 1049 3956 triplici
1092 3892 1281 3955 gaudio
1306 3892 1390 3940 lae·

324 3967 468 4021 tum.’
535 3969 671 4019 Haec
695 3968 828 4018 adeo
858 3968 1114 4018 sententia
1139 3968 1202 4016 ad
1229 3968 1389 4017 Plini·

319 4059 424 4100 nin,
463 4044 694 4111 aliosque
732 4046 867 4095 illius
903 4046 1150 4108 temporis
1175 4053 1390 4095 senato·

321 4136 424 4185 res,
468 4129 526 4172 et
566 4124 704 4172 viros
762 4122 941 4187 bonos,
984 4121 1257 4172 reserenda
1290 4127 1389 4172 est.

321 4197 563 4247 Schwart-

385 4276 494 4326 Nos
525 4277 719 4340 gratos]
753 4276 989 4338 Placeat,
1020 4291 1110 4325 uon
1134 4277 1382 4338 ingratos,-

1555 668 1737 730 Antea]
1772 669 2074 733 Principum
2103 673 2367 737 plerisque
2392 675 2557 735 pessi·

1488 743 1620 803 mis3
1652 744 1746 792 nisi
1780 744 1918 809 quod
1953 748 2072 796 Tito
2104 748 2224 796 vivo
2260 751 2436 799 multae
2463 764 2553 799 ex-

1484 820 1821 870 clamationes
1846 820 2020 879 dictoe,
2040 830 2096 871 et
2120 829 2321 872 mortuo
2344 831 2503 873 tantoe
2521 838 2552 872 a

1485 904 1668 944 senatu
1695 897 1874 959 gratiae
1898 897 2182 961 laudesque
2204 908 2356 961 actae,
2389 915 2551 963 quan·

1486 980 1557 1021 tae
1597 986 1695 1022 nec
1734 975 1851 1022 vivo
1888 987 2110 1037 unquam
2148 987 2245 1023 nec
2286 975 2551 1036 praesenti.

1484 1048 1640 1097 Bm.

1553 1127 1658 1182 Quo
1678 1128 1811 1192 nisu]
1852 1129 1958 1184 Quo
1988 1128 2110 1176 nia-u
2141 1127 2309 1176 Livin.
2344 1128 2396 1177 in
2436 1137 2549 1180 tex·

1487 1211 1574 1263 tu;
1609 1204 1698 1253 sed
1724 1207 1772 1252 in
1798 1206 2050 1268 margine,
2074 1220 2163 1267 qao
2184 1207 2291 1253 uisu
2313 1205 2380 1256 G.

1555 1283 1664 1338 Quo
1688 1281 1820 1344 nisu]
1858 1283 1920 1331 ln
1948 1282 2215 1331 codicibus
2240 1283 2370 1331 Mas.
2403 1282 2550 1332 Vati-

1483 1376 1617 1410 cano
1640 1365 1786 1411 3461.
1857 1362 2159 1422 parisiensi,
2185 1362 2550 1425 salisburgen-

1483 1440 1550 1499 si,
1581 1438 2059 1501 Guelpberbytauo,
2093 1445 2146 1487 et
2186 1446 2409 1504 utroque
2443 1440 2551 1489 Vc·

1482 1520 1626 1578 neto,
1651 1515 1775 1563 item
1796 1525 1849 1562 et
1871 1516 1921 1564 in
1943 1516 2323 1577 antiquioribus
2341 1516 2550 1580 quibus·

1481 1588 1599 1638 dam
1647 1591 1981 1652 editionibus,
2027 1592 2243 1654 legimus
2288 1592 2443 1651 nia-m
2493 1593 2546 1642 in

1483 1666 1674 1714 ceteris
1719 1665 2001 1722 codicibus,
2047 1681 2107 1716 ac
2141 1668 2252 1729 jam
2303 1669 2352 1716 in
2391 1683 2550 1717 excu-

1482 1741 1550 1789 sis
1582 1741 1845 1799 Beroaldi.
1878 1743 2130 1805 Catanaei‚
2155 1750 2210 1792 et
2241 1742 2360 1792 Aldi
2386 1744 2552 1805 libris,

1480 1819 1606 1867 nisu.
1675 1819 1954 1881 Nimirum,
1984 1820 2106 1883 qnia
2131 1819 2226 1868 boc
2251 1833 2434 1869 nomen
2456 1819 2546 1869 de·

1481 1894 1687 1945 scendit
1724 1910 1754 1943 a
1790 1894 1954 1944 verbo
1986 1898 2000 1923 ‘
2021 1895 2197 1955 nitor,'
2229 1896 2263 1943 i.
2286 1910 2332 1943 e.
2357 1911 2545 1961 magno

1480 1971 1656 2020 studio
1679 1978 1732 2021 et
1759 1971 1935 2020 labore
1966 1985 2146 2031 conor,
2180 1970 2317 2036 quod
2350 1973 2401 2021 in
2429 1987 2547 2036 per-

1478 2045 1622 2095 fecto
1668 2048 1823 2097 habet
1857 2047 2031 2095 ‘nisus
2078 2046 2229 2108 sum,'
2264 2055 2319 2097 et
2357 2049 2546 2099 ‘nixus

1477 2139 1587 2172 sum
1605 2122 1639 2185 ς’
1673 2125 1791 2175 hinc
1818 2123 1942 2173 illud
1980 2124 2145 2187 ipsum
2171 2139 2357 2174 nomen
2384 2128 2543 2177 etiam

1478 2209 1700 2265 utroque
1740 2201 1890 2250 modo
1931 2200 2200 2249 scribitur.
2267 2201 2545 2251 Gramma-

1482 2276 1572 2325 tici
1596 2276 1802 2339 quidem
1830 2276 2108 2324 discrimen
2138 2283 2343 2328 notant.
2416 2278 2545 2328 Dio.

1478 2352 1617 2401 medi
1653 2352 1834 2400 melius
1869 2352 2077 2400 videtur
2120 2359 2136 2383 ⁴
2158 2351 2331 2400 nisus’
2363 2353 2487 2416 dici,
2513 2369 2544 2403 a

1478 2429 1729 2489 nitendo;
1767 2436 1825 2478 ut
1857 2435 1873 2456 ‘
1896 2426 2071 2487 nisus,'
2115 2433 2130 2455 ⁸
2157 2427 2370 2484 enisus,’
2403 2428 2545 2479 dica·

1478 2514 1563 2555 tur
1587 2506 1650 2557 de
1680 2506 1862 2570 quovis
1886 2504 1973 2569 qui
2014 2503 2323 2553 allaboravit
2352 2514 2441 2555 aut
2468 2506 2544 2555 vi-

1477 2586 1618 2634 ribus
1664 2592 1877 2635 conatus
1922 2592 2036 2643 est3
2091 2581 2322 2638 ‘nixus,'
2353 2591 2408 2633 et
2453 2591 2542 2633 ‘e-

1476 2660 1637 2722 nixa,’
1671 2660 1734 2709 ad
1760 2668 1966 2725 partum
1992 2658 2267 2709 referatur.
2321 2659 2425 2710 Alii
2455 2677 2541 2710 vo-

1472 2739 1604 2793 lunt,
1630 2748 1685 2788 nt
1710 2745 1725 2766 ⁸
1745 2739 1892 2787 nixus
1913 2737 1926 2760 ’
1950 2737 2014 2786 ad
2036 2751 2223 2799 corpus
2243 2735 2541 2799 terentum

1473 2816 1687 2863 ‘nisus'
1737 2817 1801 2864 ad
1849 2816 2094 2878 animum,
2141 2815 2176 2864 ἰ.
2217 2830 2265 2864 e.
2306 2824 2541 2866 conatus.

1473 2891 1578 2941 Sed
1611 2893 1720 2954 jam
1746 2894 1959 2941 Vossius
1997 2893 2064 2941 de
2100 2891 2233 2942 Arte
2275 2893 2456 2942 Gran).
2483 2908 2537 2942 ν.

1472 2972 1554 3017 31.
1591 2969 1784 3022 docuit,
1806 2968 1905 3016 hoc
1929 2968 2205 3018 discrimen
2234 2972 2537 3033 neutiquam

1473 3059 1586 3093 esse
1611 3051 1954 3106 perpetuum3
1990 3053 2045 3091 et
2069 3043 2202 3092 bene
2226 3043 2537 3093 Arntzenins

1474 3121 1560 3168 vix
1599 3104 1879 3184 quidquam
1917 3119 2166 3168 interesse
2206 3128 2399 3180 putat3
2437 3120 2536 3168 nisi

1471 3195 1612 3261 quod
1635 3197 1686 3245 in
1706 3195 1975 3244 blandiore
2000 3194 2310 3257 Latinitate,
2334 3203 2349 3223 ‘
2369 3197 2510 3245 nisus
2526 3196 2541 3217 '

1471 3273 1617 3321 malit
1644 3271 1910 3334 praeserre.
1980 3272 2224 3320 Ceterum
2262 3273 2314 3320 in
2340 3273 2437 3321 hoc
2462 3275 2536 3322 lo·

1471 3362 1533 3397 co
1544 3346 1871 3396 Pliniicodex
1894 3348 2196 3410 patavinus,
2210 3364 2304 3412 pro
2318 3350 2444 3415 nisa,
2462 3352 2537 3400 vi·

1471 3427 1604 3476 tiose
1644 3426 1898 3490 scriptum
1930 3426 2084 3475 habet
2101 3427 2259 3487 jussu.
2298 3430 2535 3479 Schwar-

1471 3520 1600 3553 zius.

1536 3581 1905 3642 lia-postulatum
1927 3579 2023 3643 est]
2063 3579 2166 3629 Pro
2195 3581 2293 3630 boc
2327 3582 2376 3630 in
2402 3583 2532 3633 libro

1470 3658 1637 3722 primo
1661 3656 1820 3706 Gudii
1844 3665 2149 3706 annotatum
2173 3659 2293 3721 lego
2312 3675 2535 3724 conques-

1468 3744 1571 3787 tum
1614 3741 1702 3786 est·
1771 3736 1940 3784 Etiam
1980 3738 2255 3786 Catanaens
2299 3741 2347 3786 in
2393 3739 2533 3787 notia

1468 3814 1649 3867 refert,
1697 3812 1825 3860 alios
1867 3812 2058 3860 babere
2092 3818 2395 3874 conquestum
2427 3820 2530 3870 ese,-

1468 3899 1628 3955 atque
1666 3890 1801 3938 idem
1835 3889 1885 3935 in
1924 3890 2156 3951 margine
2187 3897 2531 3940 annotaverat

1468 3966 1875 4017 Schoonhovius.
1943 3964 2142 4011 Verum
2201 3973 2347 4027 puto,
2401 3965 2526 4013 illud

1464 4047 1767 4105 conquestum
1798 4046 1870 4088 est
1904 4053 2004 4087 non
2042 4039 2135 4088 nisi
2168 4053 2198 4088 e
2230 4041 2409 4102 glossis
2434 4042 2525 4089 im-

1467 4120 1752 4182 peritorum
1776 4114 2033 4164 hominum
2060 4123 2365 4178 prognatum
2383 4130 2527 4177 esse;

1466 4200 1618 4257 prout
1652 4192 1787 4240 idem
1824 4189 2056 4249 verbnm,
2081 4190 2215 4239 inter
2238 4189 2366 4239 alias
2389 4193 2525 4253 glos·

1464 4285 1546 4322 sas
1569 4270 1790 4333 scriptas
1815 4266 1981 4315 adhuc
2006 4266 2057 4316 in
2091 4268 2375 4333 exemplari
2403 4271 2523 4321 Pbi-
