3060 4902
492 340 626 408 652

497 501 619 564 mis]
643 500 818 561 libris3
853 504 907 549 et
938 499 1115 548 abesse
1141 505 1331 560 potest,
1356 506 1412 547 ut
1434 514 1560 547 sum·

496 594 620 626 mam
654 576 742 625 fiat
777 575 1185 634 substantivnm3
1224 577 1312 623 sed
1339 578 1559 636 gratiam

498 654 676 702 miram
710 652 826 701 huic
863 652 975 699 loco
1008 652 1284 700 conciliare
1312 651 1559 714 judicat)

496 731 624 779 Tam
666 730 868 778 diversa
908 737 1030 778 sunt
1068 731 1293 777 virorum
1329 731 1560 778 erudito·

500 822 609 855 rum
628 807 856 870 judicia!
912 806 1019 868 Ego
1047 821 1186 867 vero,
1211 807 1306 855 etsi
1332 821 1429 854 non
1455 807 1561 855 dis-

497 884 700 947 simulo,
759 891 1109 932 assumentum
1166 884 1279 944 boc,
1335 899 1564 932 summam

495 962 725 1024 gratiam,
745 962 868 1009 meis
889 976 1093 1025 quoque
1119 963 1323 1010 auribus
1351 977 1561 1025 pergra-

500 1045 608 1086 tum
652 1039 913 1098 accidere,
954 1038 1180 1086 nondum
1228 1047 1398 1086 tanuen
1443 1039 1560 1086 ideo

499 1129 655 1164 ausus
679 1130 787 1163 sum
813 1115 865 1163 id
889 1115 1142 1176 recipere.
1178 1114 1329 1165 Quod
1358 1115 1398 1161 si
1426 1116 1560 1163 enim

498 1207 563 1241 ea
588 1194 777 1249 omnia,
803 1207 917 1254 qna·
951 1206 1097 1255 aeque
1135 1191 1263 1240 bene
1302 1191 1404 1238 dici
1445 1207 1562 1253 pos·

498 1278 637 1324 stunt,
683 1277 772 1317 aut
819 1284 933 1332 quae
987 1283 1120 1317 nunc
1163 1268 1372 1332 quidem
1418 1270 1563 1317 nobis

501 1346 716 1394 meliora
767 1353 821 1393 et
870 1346 1100 1407 gratiora
1147 1346 1406 1401 videntur,
1452 1351 1563 1396 sine

500 1422 777 1470 sententiae
814 1425 1147 1484 necessitate,
1174 1437 1233 1471 ac
1257 1423 1364 1472 sine
1391 1433 1563 1472 vetus-

499 1506 668 1549 torum
696 1499 929 1548 codicum
957 1499 1166 1558 indicio,
1192 1500 1300 1562 jam
1338 1516 1561 1548 commu·

501 1586 615 1626 tare
660 1577 903 1636 velimus;
956 1576 1076 1638 quid
1121 1577 1324 1623 tandem
1367 1575 1455 1624 fiet
1496 1578 1562 1626 de

499 1654 846 1714 scriptoribus
871 1653 1126 1716 antiquis?
1175 1653 1416 1702 Schwarz.

569 1731 681 1778 Non
701 1730 799 1791 uti]
831 1730 982 1780 Quod
1015 1729 1146 1776 hand
1176 1730 1249 1776 ita
1269 1731 1362 1776 sub
1391 1740 1563 1793 tyran·

501 1821 599 1866 no;
649 1807 736 1869 qui
782 1806 999 1853 ‘munus
1042 1821 1186 1853 suum
1230 1804 1468 1854 fastidire
1511 1816 1562 1855 te

497 1883 595 1946 (ait
615 1882 840 1947 Seneca)
856 1881 1430 1946 injuriamjudicaturus
1448 1882 1565 1932 est.'

501 1959 638 2021 Lips.

568 2037 705 2085 CAP.
741 2047 970 2084 xxxvrr.
1021 2035 1184 2082 Onera
1204 2033 1416 2097 imperii]
1447 2035 1492 2083 1.
1516 2051 1562 2083 e.

501 2122 700 2161 sumtus
736 2111 952 2174 publici,
979 2112 1063 2174 qni
1102 2111 1152 2159 in
1189 2111 1396 2167 milites,
1432 2112 1563 2159 clas·

501 2206 603 2255 ses,
667 2205 938 2248 annonam,
1008 2189 1309 2250 legationes,
1373 2190 1563 2238 salaria

499 2267 893 2327 magistratuum
937 2272 992 2314 et
1037 2266 1452 2325 ministrantium,
1489 2265 1562 2314 fa·

501 2344 675 2393 ciendi
710 2350 879 2392 erant.
956 2342 1258 2405 Hujusmodi
1292 2357 1449 2391 onera
1477 2358 1564 2391 vo·

503 2428 689 2471 cantur
716 2421 897 2470 Tacito
930 2419 1117 2468 Annal.
1146 2420 1232 2469 lit».
1270 2434 1306 2469 ι.
1343 2435 1458 2485 cap.
1486 2425 1564 2471 11.

496 2501 512 2526 ‘
536 2497 928 2559 necessitates,'
966 2499 1014 2546 12.
1040 2514 1085 2546 e.
1124 2501 1430 2547 necessariae
1473 2502 1563 2548 im-

502 2592 712 2640 pensae3
745 2586 796 2625 et
834 2589 961 2624 xm.
998 2581 1078 2624 50.
1113 2579 1423 2626 ‘necessitas
1455 2593 1566 2626 ero·

502 2653 800 2715 gationum.'
866 2653 1064 2700 Eodem
1083 2654 1217 2700 enim
1242 2654 1424 2702 Tacito
1448 2670 1565 2703 auc·

500 2740 640 2794 tore,
678 2730 818 2779 Hist.
855 2744 930 2779 rv.
966 2734 1046 2778 74.
1081 2738 1094 2758 ‘
1121 2730 1231 2778 Nec
1269 2731 1414 2794 quies
1439 2747 1563 2794 gen·

504 2810 632 2859 tium
671 2808 783 2857 sine
816 2808 990 2869 armis,
1025 2822 1118 2856 nec
1154 2821 1294 2855 arma
1325 2809 1436 2856 sine
1473 2809 1563 2858 sti·

503 2890 729 2953 pendiis‚
762 2903 859 2937 nec
894 2887 1154 2951 stipendia
1190 2888 1298 2937 sine
1336 2890 1565 2954 tributis,

502 2967 681 3016 haberi
711 2963 964 3030 possunt.'
1011 2965 1286 3013 Structura
1312 2980 1563 3026 granima-

501 3045 606 3093 tica
630 3044 808 3093 horum
837 3042 1108 3090 verborum
1146 3042 1255 3089 haec
1278 3051 1384 3091 est:
1423 3042 1565 3091 One·

504 3138 560 3170 ra
586 3122 787 3185 imperii
823 3121 1124 3183 coegerunt,
1153 3122 1430 3182 vectigalia
1456 3123 1564 3184 ple-

502 3212 664 3261 raque
704 3197 922 3255 institui,
957 3203 1015 3243 ut
1038 3208 1132 3257 pro
1164 3195 1391 3243 utilitate
1428 3210 1569 3244 com-

502 3274 666 3334 muni,
705 3274 777 3320 ita
819 3286 936 3320 cum
982 3271 1297 3333 singulorum
1344 3272 1565 3335 injuriis.

500 3348 947 3402 Quemadmodum
971 3361 1096 3396 vero
1123 3348 1324 3397 Plinius
1346 3350 1567 3399 maxime

498 3436 786 3492 occupatus
809 3429 958 3477 estin
977 3429 1302 3490 praedicanda
1330 3428 1565 3492 benigni·

499 3515 614 3557 tate
639 3517 692 3556 et
728 3508 1046 3556 liberalitate
1085 3508 1313 3570 Trajaui,
1348 3521 1565 3569 eamque

490 3586 603 3649 jam
642 3600 797 3649 supra
820 3601 883 3634 ex
908 3587 1155 3634 donativo
1186 3593 1240 3634 et
1280 3585 1564 3647 congiario,

502 3664 739 3726 proxime
763 3678 887 3712 vero
910 3678 973 3712 ex
998 3664 1317 3712 delatoribus
1345 3663 1567 3723 abactis,

501 3740 876 3789 demonstravit
897 3756 912 3800 ς
936 3741 1009 3790 ita
1033 3756 1168 3790 nunc
1189 3741 1403 3789 eandem
1424 3756 1565 3790 com-

503 3817 825 3880 probandam
863 3818 1021 3867 sumit
1056 3833 1121 3866 ex
1159 3818 1498 3880 vectigalibus
1535 3834 1565 3868 a

498 3895 729 3959 Trojano
754 3897 1078 3959 temperatis,
1113 3905 1167 3946 et
1201 3899 1460 3961 sigillatim
1497 3915 1563 3948 ex

503 3971 747 4021 vicesima
786 3973 1046 4023 restricta.
1116 3974 1320 4038 Ubique
1356 3990 1481 4025 vero
1512 3977 1563 4025 id

503 4049 613 4112 agit
638 4054 829 4108 orator,
852 4057 908 4098 ut
935 4050 1196 4107 ostendat,
1231 4053 1280 4099 iu
1303 4053 1376 4100 liis
1399 4053 1564 4102 omni·

504 4123 598 4172 bus
627 4126 904 4187 Trajanum
937 4139 1041 4173 non
1074 4128 1237 4176 solum
1271 4129 1565 4191 superiores

501 4201 866 4265 imperatores,
902 4201 994 4251 sed
1030 4209 1086 4252 et
1117 4204 1286 4267 ipsum
1308 4205 1563 4271 Nervam,

503 4284 772 4343 parentem
863 4280 1188 4347 adoptivum,
1274 4297 1563 4349 superasse.

1186 356 1400 403 No'rAE
1456 354 1861 403 VARIORUM
1910 356 1992 404 ΙΝ

1632 498 1873 548 Schwarz.
2245 531 2248 532 ν

1708 578 1974 637 Vectigalia
2009 574 2223 637 institui]
2274 574 2541 635 Vectigalia
2584 588 2703 635 pro·

1635 654 1745 715 prie
1793 654 2001 716 quidem
2048 652 2362 699 dicebantur
2399 650 2703 711 ‘portoris,’

1637 745 1750 792 quae
1795 745 1858 778 ex
1902 739 2115 778 vectura
2166 728 2368 782 aerario,
2417 731 2496 775 vel
2552 726 2701 784 fisco,

1639 810 2027 872 pendebantur:
2055 806 2189 856 unde
2214 809 2229 834 ‘
2249 806 2474 868 vectigal
2492 804 2505 825 ’
2528 820 2558 854 a
2579 805 2594 831 ‘
2619 820 2703 854 ve-

1635 888 1806 935 hendo
1824 886 1836 906 '
1863 888 2057 935 dictum
2084 883 2325 945 traditur,
2351 898 2467 933 cum
2490 898 2555 932 ex
2581 880 2704 931 fun·

1638 965 1716 1013 dis
1738 963 1913 1027 fruges
1939 965 1988 1012 in
2015 963 2191 1012 urbem
2214 962 2546 1010 veherentur.
2591 961 2703 1009 De·

1637 1041 1758 1090 inde
1814 1056 1932 1090 vero
1991 1041 2282 1105 generatim
2331 1052 2483 1087 omne
2539 1052 2702 1101 genus

1639 1120 1957 1181 publicorum
2015 1118 2277 1165 redituum
2333 1117 2408 1163 sic
2469 1115 2704 1176 appella-

1642 1206 1781 1254 tum;
1820 1210 1935 1257 qua*
1968 1195 2113 1242 nobis
2139 1194 2411 1243 Germanis
2442 1191 2703 1251 «licuntur,

1637 1274 1856 1331 anlagen,
1892 1271 1971 1319 vel
2002 1272 2254 1335 aufflagen.
2320 1269 2561 1330 Cujacius
2591 1268 2703 1329 opi-

1640 1359 1792 1396 natus
1820 1354 1919 1405 est,
1946 1360 2127 1394 nomeu
2164 1350 2177 1372 ⁸
2200 1344 2526 1407 vectigalium
2549 1342 2563 1362 '
2590 1354 2705 1392 tan·

1642 1422 1901 1472 tunimodo
1928 1423 1974 1470 in
1998 1422 2459 1485 quadragesimam,
2478 1427 2568 1469 ant
2586 1435 2707 1468 cen-

1638 1502 1890 1558 tesimam,
1908 1501 1989 1548 vel
2004 1500 2497 1563 quinquagesimam,
2515 1512 2706 1547 conve-

1641 1578 1774 1634 nire;
1804 1578 1892 1624 sed
1916 1577 2194 1639 Spanhem.
2221 1576 2284 1623 de
2307 1576 2414 1624 Usu
2440 1582 2495 1623 et
2516 1574 2707 1624 Praest.

1643 1653 1897 1702 Numism.
1935 1661 2060 1702 tom.
2092 1665 2155 1701 ιι.
2196 1667 2313 1713 pagg.
2338 1657 2453 1700 551.
2492 1653 2705 1700 demon-

1639 1730 1847 1791 stravit,
1870 1728 1920 1777 id
1949 1730 2103 1778 etiam
2130 1728 2194 1776 ad
2223 1729 2513 1777 vicesimam
2542 1730 2705 1791 perti-

1641 1821 1782 1855 nere.
1852 1807 1935 1853 De
1961 1806 2298 1868 vectigalibus
2323 1811 2497 1854 autem
2524 1804 2704 1867 populi

1643 1885 1863 1932 Romani
1912 1884 2342 1945 elegantissimam
2389 1890 2706 1932 commenta·

1641 1962 1833 2010 tionem
1878 1960 2043 2008 edidit
2081 1961 2425 2014 Burmannus,
2462 1959 2514 2007 in
2557 1960 2705 2022 cujus

1641 2047 1806 2087 morte
1842 2052 2007 2100 nuper
2040 2050 2248 2098 gravem
2276 2036 2538 2099 jacturam
2572 2034 2706 2084 fecit

1645 2131 1725 2163 res
1751 2114 1994 2162 literaria.
2031 2113 2182 2160 Idem.

1709 2191 2018 2252 Singulorum
2061 2188 2282 2251 injuriis]
2333 2186 2610 2249 ‘Singuli‚'
2650 2187 2702 2238 id

1642 2278 1742 2332 est,
1770 2269 1977 2332 privati,
2002 2268 2085 2331 qui
2115 2267 2365 2313 universoe
2398 2264 2704 2327 reipublic-a

1641 2353 1989 2410 opponuntur.
2058 2343 2256 2392 Gellius
2294 2355 2349 2390 x.
2382 2346 2463 2390 20.
2510 2343 2704 2391 ‘Vete-

1645 2425 1762 2486 res,'
1807 2425 1991 2488 inquit,
2040 2423 2229 2485 ‘priva
2273 2422 2540 2481 dixerunt,
2585 2435 2702 2484 qum

1642 2519 1733 2552 nos
1767 2503 1967 2564 singula
2002 2498 2249 2549 dicimus!
2316 2497 2392 2546 Ac
2417 2512 2481 2546 ne
2512 2498 2707 2561 privati

1642 2580 1848 2645 quidem
1874 2593 2052 2628 omnes
2073 2577 2447 2635 intelliguntur,
2464 2575 2553 2623 sed
2575 2574 2706 2624 dun·

1642 2668 1785 2710 taxat
1831 2655 2081 2707 nonnulli.
2146 2655 2235 2703 Sic
2280 2656 2295 2681 ‘
2324 2652 2588 2714 singulos’
2626 2652 2706 2701 di·

1641 2737 1859 2798 stinguit
1887 2736 1998 2797 ipse
2024 2733 2163 2783 Ptin.
2185 2731 2350 2794 Epist.
2372 2730 2404 2776 l.
2428 2743 2487 2777 tr.
2507 2735 2617 2778 c.5.
2638 2730 2706 2778 ab

1639 2818 1652 2843 ‘
1679 2813 1964 2866 omnibus?
1997 2814 2012 2841 ‘
2036 2812 2169 2861 Nam
2196 2818 2250 2859 et
2280 2809 2330 2858 in
2359 2809 2559 2858 ratione
2581 2822 2707 2856 con·

1641 2894 1913 2947 viviorum,
1949 2888 2182 2953 quamvis
2216 2902 2244 2933 a
2277 2885 2540 2950 plerisque
2567 2885 2705 2933 'cibis

1637 2970 1823 3031 singuli
1881 2977 2258 3029 temperemus3
2316 2970 2478 3012 totam
2526 2970 2704 3012 tamen

1641 3063 1835 3098 coenarn
1862 3044 2071 3094 laudare
2099 3058 2274 3092 omnes
2300 3040 2559 3091 solemus!
2593 3042 2709 3092 Cic.

1643 3126 1765 3174 Nat.
1802 3125 1964 3172 Deor.
2000 3136 2037 3170 r.
2070 3125 2152 3170 28.
2184 3118 2439 3168 ‘Athenis
2474 3133 2589 3167 cum
2624 3133 2704 3167 es-

1639 3217 1766 3258 sem,
1791 3216 1818 3250 e
1845 3201 2084 3263 gregibus
2120 3195 2438 3259 epheborum
2476 3195 2564 3243 vix
2598 3196 2705 3244 sin-

1641 3281 1745 3340 guli
1765 3277 2157 3342 reperiebantur
2172 3272 2414 3337 pulchri)
2444 3274 2559 3322 Hoc
2575 3288 2704 3323 vero

1640 3358 1753 3406 loco
1788 3355 2021 3417 ‘injuriae
2042 3353 2055 3374 ’
2087 3352 2330 3399 dicuntur
2358 3352 2705 3412 incommoda,

1641 3434 1973 3485 detrimenta,
2011 3443 2186 3482 onera,
2220 3426 2358 3476 forte
2396 3429 2555 3477 etiam
2593 3430 2707 3477 sine

1642 3519 1880 3575 respectu
1907 3509 1968 3558 ad
1987 3509 2101 3571 jus;
2126 3511 2274 3569 prout
2296 3518 2431 3558 mox.
2449 3517 2707 3557 xxxvnt.

1640 3595 1689 3637 5.
1745 3587 1942 3636 Plinius
1967 3589 2118 3632 vocat
2155 3581 2429 3629 ‘orbitatis
2453 3581 2709 3643 iujurias!

1643 3666 1722 3714 De
1745 3679 1846 3728 qua
1879 3661 2086 3711 notione
2109 3658 2250 3707 vocis
2283 3656 2301 3684 ‘
2326 3657 2564 3721 injuriae:
2590 3659 2704 3721 jam

1642 3757 1811 3805 supra,
1834 3740 1896 3789 ad
1935 3754 1985 3801 p.
2008 3741 2122 3787 692.
2150 3749 2252 3784 non
2276 3735 2404 3783 nituit
2437 3738 2706 3784 annotavi.

1643 3817 1978 3869 Incommoda
2021 3823 2194 3863 amem
2237 3819 2294 3861 et
2335 3826 2492 3860 onera
2540 3811 2708 3862 tribn-

1642 3907 1809 3947 torum
1858 3910 1920 3945 eo
1975 3891 2246 3942 acerbiora
2295 3895 2349 3937 et
2404 3889 2708 3939 molestiora

1641 3983 1777 4033 sunt,
1816 3975 1855 4023 si
1899 3988 1951 4022 re
1991 3972 2101 4035 ipsa
2136 3965 2455 4017 accesserint
2497 3964 2703 4029 injuriae

1640 4049 2297 4110 exactorum,aliorumque
2321 4042 2706 4103 ministrornm3

1639 4138 1693 4180 et
1737 4144 1801 4179 eo
1845 4123 2219 4182 tolerabiliora,
2267 4121 2311 4170 si
2349 4120 2463 4169 istae
2510 4118 2705 4170 absint.

1640 4207 1780 4256 Hinc
1813 4203 2023 4254 Tacitus
2061 4199 2246 4264 Agric.
2281 4210 2395 4259 cap.
2430 4199 2513 4244 1³.
2553 4202 2567 4225 ⁸
2588 4195 2703 4258 Ipsi

1638 4280 1913 4346 Britanni,'
1946 4277 2134 4344 inquit,
2163 4274 2480 4330 ‘delectum
2513 4285 2575 4322 ac
2613 4274 2705 4323 tri·
