3060 4902
761 381 826 428 c.
875 379 1113 429 emm!
1164 379 1499 430 securim
1550 382 1827 433 mnne.
1906 367 2093 433 ι.70.

2396 364 2524 434 917

332 525 643 577 edvocstum
665 522 946 587 provinciae
976 524 1188 575 Baetteae
1212 531 1395 575 contra
1466 526 1741 577 lectionem
1777 505 1959 578 asserit
1982 528 2189 591 Plinio;
2224 528 2376 580 sicuti
2402 529 2530 580 alte·

333 602 571 652 Baebinm
597 600 857 664 Massam,’
888 604 987 651 Δια.
1056 602 1301 651 Ceterum
1326 602 1393 652 si·

333 680 441 728 mili
472 678 714 743 loquendi
750 677 968 729 formula
1004 679 1203 728 Plinius
1233 682 1389 729 etiam

333 757 390 806 in
412 756 657 819 Epistolis
682 756 881 818 utitur;
906 771 956 804 v.
979 772 1029 820 g.
1064 757 1233 821 Epist.
1253 771 1293 806 ι.
1312 763 1391 808 16.

333 837 350 861 ⁸
367 832 489 884 Jam
514 848 609 896 pro
633 847 690 882 se
714 833 804 882 tibi
834 835 1195 885 necessitatem
1233 835 1391 885 ambi-

335 910 458 960 endi
482 908 740 959 remittit.'
808 909 975 973 Epist.
1002 924 1058 960 x.
1082 915 1165 960 67.
1192 918 1207 940 ‘
1225 912 1394 961 Remi·

336 986 406 1035 sit
459 986 576 1034 mihi
623 987 985 1036 necessitatem
1031 990 1389 1052 perpendendi

335 1062 508 1127 qualia
531 1062 744 1113 essent.’
766 1063 1005 1114 Selium.

404 1139 466 1189 Sa·
502 1138 808 1205 prefuerint]
851 1142 896 1191 1.
936 1156 983 1190 e.
1031 1144 1086 1192 Si
1124 1149 1227 1192 tam
1271 1143 1391 1193 boni

327 1216 566 1280 justique
607 1218 866 1280 praesides‚
902 1220 1089 1284 aliique
1124 1221 1393 1284 magistra.

339 1303 445 1358 tus,
468 1293 778 1357 praefuerint
803 1296 1094 1360 provinciis,
1116 1298 1298 1361 quibus
1315 1298 1392 1361 ip-

338 1386 413 1422 soe
461 1372 762 1435 provincioe,
800 1373 906 1422 sive
939 1375 1295 1436 provinciales,
1327 1375 1393 1423 de

336 1464 396 1499 re
417 1449 548 1498 bene
572 1450 928 1500 administrata
955 1452 1148 1516 gratias
1172 1455 1393 1514 egerint,

335 1542 441 1577 non
476 1541 686 1577 necesse
723 1527 1004 1589 habebunt,
1027 1529 1236 1579 eosdem
1262 1545 1393 1593 prae·

337 1603 498 1667 sides,
521 1603 748 1668 aliosque
764 1605 1117 1668 magistratus,
1131 1620 1393 1658 accusare.

339 1679 531 1744 Neque
558 1695 681 1729 vero
716 1682 1060 1744 provinciales
1088 1688 1285 1733 tantum
1317 1686 1391 1747 ip·

336 1759 406 1808 sis
429 1758 730 1822 presidibus
754 1759 819 1808 de
839 1774 893 1807 re
917 1759 1049 1808 bene
1068 1769 1235 1824 gesta,
1256 1763 1391 1826 quod

338 1854 404 1888 ex
442 1841 627 1889 Tacito
676 1840 861 1888 Annsl.
902 1855 1000 1891 xv.
1042 1845 1120 1891 20.
1155 1841 1396 1907 intelligi·

337 1931 482 1978 mus;
506 1917 597 1965 sed
622 1917 779 1965 etism
797 1917 986 1967 Caesari
1011 1917 1077 1966 de
1100 1919 1264 1969 missis
1289 1928 1392 1969 tam

339 1993 487 2043 bonis
524 1993 849 2056 praesidibus,
886 1994 1092 2057 publice
1127 1996 1393 2058 privatim-

336 2084 440 2135 que
479 2071 675 2133 gratiss
711 2071 877 2133 egisse
906 2071 1159 2121 videntur.
1226 2075 1393 2125 Quem

339 2161 535 2197 rnorem
581 2149 790 2211 respicit
829 2148 1061 2197 Martisl.
1095 2163 1200 2199 ιιι.
1241 2155 1292 2201 9.
1329 2151 1392 2200 ad

340 2223 595 2273 enatem
620 2223 847 2286 scripto:
881 2226 897 2252 ⁸
921 2225 1104 2274 Palma
1128 2227 1257 2291 regit
1281 2241 1393 2276 nos·

338 2305 468 2356 tros,
515 2300 781 2349 mitissime
831 2300 1029 2358 Caessr,
1081 2303 1285 2365 Iberos,
1329 2305 1395 2354 Et

340 2375 547 2438 placido
584 2375 774 2425 fruitur
804 2392 906 2441 pax
947 2380 1225 2442 peregriua
1248 2381 1394 2444 jugo.

338 2453 477 2518 Ergo
513 2454 710 2518 agimus
746 2455 854 2503 laeti
890 2463 1035 2503 tanto
1062 2445 1155 2519 pro
1185 2470 1397 2505 minnere

340 2538 545 2593 grates:
586 2530 773 2579 Misisti
799 2544 968 2580 mores
995 2532 1044 2579 in
1082 2532 1196 2581 loca
1220 2541 1397 2582 nostra

341 2606 499 2657 tuos!
567 2607 632 2658 Α.
669 2607 941 2657 Cornelius
970 2609 1054 2658 ille
1089 2610 1291 2675 Pslms,
1318 2612 1396 2660 vir

338 2685 646 2745 consularis,
682 2686 900 2748 Trajano
938 2687 1277 2747 gratissimus,
1299 2687 1399 2738 fuit

339 2759 620 2825 proefectus
645 2760 958 2826 celtiberiae,
981 2764 1052 2810 uti
1071 2764 1171 2811 alio
1197 2773 1397 2827 tempo·

339 2852 399 2888 re
419 2838 619 2903 Syriae3
654 2838 795 2902 cujus
820 2840 1049 2889 meminit
1070 2841 1173 2888 Dio
1200 2842 1250 2889 in
1275 2842 1396 2890 Tra·

327 2915 475 2979 jauo.
544 2915 710 2964 Immo
733 2916 887 2964 etiam
909 2916 1019 2979 jam
1050 2917 1100 2965 iu
1127 2918 1396 2979 republica

340 2990 502 3041 libera
528 2992 705 3040 solitos
734 2991 890 3040 fuisse
926 2993 1122 3056 legatos
1159 2994 1294 3042 mitti
1330 2995 1395 3044 ad

338 3078 576 3118 senatum
596 3069 898 3125 Romanum,
916 3079 970 3118 ut
996 3070 1266 3120 laudarent
1286 3086 1396 3135 pro·

338 3148 600 3204 consules,
631 3147 874 3197 discimus
911 3163 975 3197 ex
1006 3148 1117 3197 Cic.
1143 3150 1286 3198 Fam.
1308 3163 1394 3200 nt.

339 3226 392 3272 8.
462 3224 715 3287 Equidem
760 3239 854 3286 pro
895 3225 1055 3274 verbo
1095 3225 1397 3288 prefuerint,

338 3314 442 3349 nou
466 3300 618 3364 pauci
640 3301 863 3350 editores
887 3303 1188 3362 evulgarunt
1210 3304 1397 3366 profue-

336 3378 477 3437 ήκω
510 3377 665 3444 idque
700 3380 960 3441 reperitur
1000 3380 1154 3428 etiam
1196 3382 1246 3429 in
1287 3382 1397 3445 qui-

339 3454 558 3504 busdam
580 3454 840 3504 codicibus
866 3456 996 3504 Mss.
1019 3466 1076 3506 ut
1097 3457 1328 3519 Venetis,
1343 3465 1398 3508 et

340 3529 807 3596 Guelpherbytano
825 3548 838 3580 ι
859 3546 1052 3589 verum,
1071 3549 1219 3597 quiam
1242 3533 1396 3583 facile

338 3605 453 3656 fieri
496 3607 685 3671 potuit,
728 3617 785 3656 ut
834 3610 1231 3673 praepositiones
1273 3612 1397 3672 illae,

336 3702 462 3752 prce,
508 3695 564 3736 et
609 3703 713 3752 pro,
764 3696 983 3752 propter
1035 3690 1394 3751 compendium

338 3764 598 3815 scribendi
653 3763 1136 3813 confunderentur!
1221 3766 1399 3815 Nihilo

341 3842 508 3892 minus
531 3841 697 3891 codex
734 3842 1058 3896 parisiensis,
1095 3842 1397 3904 Patavinus,

339 3926 397 3971 et
430 3920 562 3969 liber
591 3920 884 3981 Vossianus,
918 3919 1172 3968 distinctis
1211 3921 1399 3981 literis,

341 3998 587 4047 exhibent
606 3996 913 4061 messuerint,-
957 3996 1090 4062 quod
1115 3998 1165 4045 in
1190 3998 1397 4047 excusis

338 4075 486 4124 libris
525 4074 867 4135 prodiderunt
907 4075 1064 4122 etiam
1101 4072 1401 4135 Ascemius,

341 4152 613 4216 Grypliius
657 4166 742 4200 au.
783 4154 929 4199 1⁵42.
987 4150 1056 4198 H.
1093 4151 1402 4213 Stephanus,

342 4228 690 4290 Boxliornins‚
722 4227 820 4277 Th.
861 4226 1091 4282 Hearue,
1127 4227 1399 4282 Cellarius,

338 4306 502 4372 Cera,
536 4313 593 4355 et
628 4318 762 4355 nunc
783 4303 1118 4368 Arntzenius,
1147 4305 1235 4369 qui
1271 4305 1399 4354 lianc

1467 617 1524 652 ra
1548 605 1745 666 placuit
1768 606 2023 656 Gesnero.
2059 609 2213 656 Idem.

1534 681 1853 745 Proesuers'nt]
1910 683 2195 743 Profuerint
2253 685 2418 733 Liviu.
2476 684 2528 732 in

1468 764 1647 820 textn;
1670 759 1759 808 sed
1785 762 1836 810 in
1861 761 2113 823 margine,
2133 761 2415 824 praesuerint
2440 759 2509 810 G.

1530 836 1858 902 Proejuers'nt]
1886 837 2188 897 Profuerint.
2240 839 2294 887 Si
2321 839 2527 902 provin·

1466 911 1659 961 ciarum
1692 912 1894 975 judicia
1933 913 2070 963 bons
2098 922 2150 963 et
2180 916 2418 980 honesta,
2439 916 2530 964 ho-

1463 989 1577 1037 nori
1604 989 1821 1053 usuique
1850 988 2047 1040 fuerint
2079 991 2218 1055 apud
2247 993 2529 1054 Coesarem,

1465 1065 1616 1114 nullae
1640 1067 1864 1129 querelae
1889 1068 2232 1129 expectanda
2266 1083 2296 1117 a
2320 1069 2529 1131 provin·

1464 1142 1714 1204 cialibus;
1736 1145 1852 1207 quis
1872 1146 2088 1209 quisque
2114 1147 2320 1209 placere
2344 1147 2403 1194 iis
2420 1155 2529 1195 stu-

1465 1219 1629 1276 debit,
1652 1226 1708 1270 et
1743 1222 1999 1271 demereri
2038 1223 2151 1272 haec
2188 1222 2368 1272 eadem
2394 1223 2529 1274 bene

1467 1296 1687 1359 egendo,
1708 1306 1765 1347 ut
1789 1298 2051 1349 Caesarem
2078 1302 2298 1350 amicum
2319 1301 2530 1366 babeat,

1466 1382 1520 1422 et
1545 1389 1639 1437 per
1660 1390 1775 1425 eum
1800 1376 2034 1425 honores.
2068 1378 2204 1440 Lips.

1530 1451 1600 1498 Et
1623 1452 1821 1516 alioqui]
1849 1452 1913 1500 Et
1937 1453 2145 1516 alloquin
2172 1453 2233 1502 V.
2256 1454 2316 1503 C.
2342 1453 2409 1502 R.
2435 1453 2527 1502 Lt-

1465 1543 1563 1577 vin.

1532 1605 1600 1653 Et
1635 1604 1833 1669 alioqui]
1862 1605 2062 1656 Iterum
2090 1607 2325 1666 caecutio,
2357 1620 2526 1673 neque

1467 1679 1579 1729 ltaec
1604 1680 1739 1729 iuter
1760 1697 1815 1729 se
1837 1682 2029 1733 vinctu.
2091 1684 2243 1748 >Lego
2264 1685 2453 1741 omnis,
2475 1687 2526 1733 et

1468 1758 1683 1822 liquebit,
1712 1759 1834 1807 nihil
1855 1761 2010 1821 magis
2034 1763 2255 1823 prodesse
2276 1762 2531 1810 candidato

1467 1836 1528 1882 ad
1568 1840 1811 1898 sequentes
1854 1838 2070 1892 honores,
2114 1852 2253 1901 quem
2295 1843 2530 1901 peractos.

1473 1910 1666 1971 Optime
1686 1914 1999 1973 magistratus
2023 1914 2332 1975 magistratu,
2360 1913 2533 1964 honore

1468 1986 1630 2044 honor,
1650 1990 1851 2051 petitur.
1917 1990 2241 2039 Sententiam
2262 1990 2403 2051 dedi,
2427 1990 2533 2040 for·

1471 2071 1610 2112 tasse
1632 2075 1685 2111 et
1711 2065 1881 2113 verba.
1916 2067 2097 2115 Scieut
2121 2081 2318 2128 omnes,
2341 2067 2529 2131 inquit,

1470 2141 1533 2187 ad
1559 2139 1761 2189 futuros
1785 2141 2018 2198 honores,
2039 2144 2238 2204 priores
2257 2142 2498 2205 prodesse
2518 2158 2534 2191 ε

1470 2226 1546 2277 et,
1571 2219 1613 2266 si
1639 2219 1670 2267 ii
1696 2219 1827 2268 bene
1852 2222 1981 2281 gesti
2008 2220 2059 2267 iu
2080 2220 2206 2269 urbe
2227 2228 2313 2268 aut
2340 2221 2390 2268 in
2418 2235 2533 2282 pro·

1469 2296 1672 2359 vinciis,
1690 2297 1904 2359 gradum
1928 2297 1991 2345 ad
2019 2297 2144 2344 alios
2167 2311 2296 2345 esse.
2331 2297 2471 2358 Lips.

1536 2372 1603 2419 Et
1645 2372 1821 2436 alioqui
1864 2373 2036 2437 liquet]
2092 2372 2287 2422 Omnes
2322 2371 2531 2423 codices

1472 2449 1603 2499 Mss.
1624 2449 1818 2499 habent
1842 2449 2146 2499 infinitivum
2168 2453 2404 2513 prodesse,
2425 2453 2535 2502 siue

1472 2527 1630 2575 verbo
1649 2528 1812 2591 liquet,
1829 2538 1917 2576 aut
1939 2527 2040 2576 alio
2059 2526 2276 2591 quodam
2296 2535 2533 2597 regente,

1472 2604 1607 2652 hunc
1634 2602 1745 2653 fere
1771 2605 1820 2653 in
1849 2603 2054 2652 modum
2077 2618 2089 2651 ι
2131 2604 2196 2652 Et
2229 2603 2438 2666 alioquin
2460 2605 2535 2652 ni·

1472 2681 1546 2730 hil
1566 2681 1719 2742 magis
1736 2684 1956 2744 prodesse
1979 2684 2039 2730 ed
2059 2686 2300 2743 sequentes
2324 2683 2538 2739 honores,

1470 2773 1609 2821 quam
1627 2763 1858 2820 peractos.
1895 2759 2088 2820 Optime
2106 2759 2419 2818 magistratus
2436 2775 2535 2808 nsa-

1468 2837 1702 2897 gistrotu,
1737 2836 1910 2883 honore
1944 2835 2108 2897 honor,
2127 2836 2327 2897 petitur.
2396 2836 2535 2886 Ean·

1473 2911 1590 2960 dem
1631 2925 1833 2976 quoque
1871 2912 2146 2959 lectionem
2184 2910 2397 2960 edidere
2430 2913 2537 2962 Pu·

1471 2989 1722 3047 teolanus,
1758 2988 2066 3049 Beroaldus,
2088 2990 2380 3049 Catsuaeus,
2406 2988 2537 3038 Cus-

1471 3066 1729 3129 piuianus,
1768 3065 2051 3128 Gruterus,
2091 3064 2377 3120 Puteanus,
2411 3064 2531 3116 Jac-

1473 3145 1555 3191 De
1581 3142 1626 3190 le
1648 3143 1852 3203 Baune,
1875 3141 2170 3205 pluresque,
2204 3140 2278 3188 ita
2309 3140 2536 3205 quidem,

1471 3229 1529 3272 ut
1576 3222 1806 3270 nonnulli
1849 3228 1966 3283 post
2004 3219 2306 3268 adverbium
2346 3221 2534 3284 optime,

1472 3298 1612 3364 quod
1634 3298 1903 3347 retrabunt
1927 3295 1990 3345 ed
2018 3298 2347 3361 participium
2365 3313 2527 3362 perae-

1472 3384 1578 3437 tos,·
1614 3377 1839 3440 plurimi,
1873 3377 2046 3425 statim
2082 3384 2200 3438 post
2233 3376 2331 3425 hoc
2363 3378 2531 3442 ipsum

1473 3454 1825 3520 participium,
1842 3453 2210 3517 interpuugant
2226 3456 2537 3509 orationem.

1472 3530 1547 3580 At
1592 3530 1877 3579 infinitivus
1915 3531 2132 3592 prodesse
2181 3532 2359 3595 utique
2407 3532 2538 3582 iudi·

1473 3607 1607 3658 cium
1633 3605 1778 3669 facit,
1808 3607 2029 3670 aliquam
2060 3606 2291 3656 voculam
2331 3606 2536 3670 deesse,

1472 3687 1585 3734 sive
1661 3700 1725 3735 ea
1782 3683 2139 3746 exprimenda,
2185 3686 2291 3734 sive
2352 3686 2537 3735 saltem

1473 3769 1650 3811 mente
1685 3762 1751 3810 sit
1785 3760 2144 3820 intelligenda,
2178 3776 2209 3811 a
2241 3777 2342 3827 qus
2375 3764 2416 3811 is
2441 3764 2532 3812 de·

1473 3840 1701 3902 pendeat
1752 3838 2057 3900 infinitivus,
2111 3853 2226 3888 cum
2283 3846 2536 3904 sequente

1474 3930 1596 3967 cssu
1624 3923 1809 3981 quarto
1845 3914 2106 3978 participii
2132 3920 2366 3977 peractos.
2435 3916 2536 3964 Ca-

1474 4001 1686 4048 tsnaeus,
1728 3994 1779 4041 in
1814 3993 2185 4040 commentario
2228 4007 2338 4052 suo,
2379 3992 2537 4042 verbo

1470 4072 1687 4134 prodesse
1726 4067 1932 4131 subjicit
1972 4068 2181 4115 verbum
2215 4069 2442 4124 nouimus,
2475 4077 2537 4119 ut

1474 4149 1673 4212 opinor,
1707 4154 1878 4194 mente
1931 4143 2292 4208 supplendum.
2360 4146 2535 4197 Etiam

1471 4222 1786 4273 Arutzenius
1829 4222 1951 4269 nihil
1999 4229 2200 4271 tentare
2251 4223 2436 4281 voluit,
2482 4225 2537 4275 in

1474 4306 1662 4365 aperto
1701 4310 1955 4349 consensu
1999 4296 2255 4365 codicum,
2294 4309 2351 4351 et
2379 4301 2535 4351 libro·
