3060 4902
778 407 843 454 Ο.
893 405 1134 453 ΡΙΛΝῙΙ
1184 400 1513 452 sssoUNm
1564 400 1840 452 PANBG.

337 549 623 600 utebantur
654 548 971 597 ornamentis
1008 554 1064 597 et
1102 546 1406 612 praerogati-

335 627 415 675 vis
439 625 751 691 quibusdam
775 624 1149 686 consularibus,
1173 630 1227 672 et
1249 622 1405 671 babe-

333 702 526 751 bsntnt·
575 702 671 749 viri
712 701 1026 750 consulares.
1092 698 1404 749 Consulibus

335 779 620 829 ordinariis
645 784 696 826 et
717 775 950 826 suffectis
979 777 1089 842 jam
1113 785 1237 825 ante
1276 785 1404 826 tent·

334 871 437 920 pus
484 854 843 904 destinabatur
893 855 1189 903 consulatus
1231 854 1282 901 in
1327 866 1405 901 se·

338 941 590 994 quentem
617 947 839 993 annum;
861 931 998 980 unde
1021 935 1034 960 ‘
1055 933 1295 981 consules
1320 929 1405 980 de·

335 1009 528 1074 sign-it
551 1009 563 1029 '
600 1008 938 1059 vocabantur.
1007 1009 1141 1059 Quae
1169 1008 1405 1070 designa-

334 1088 413 1137 tio
440 1089 748 1151 plerumque
788 1086 936 1133 initio
973 1086 1093 1133 anni
1133 1085 1404 1145 magistra·

337 1172 451 1212 tum
497 1161 865 1228 precedentis,
903 1169 991 1209 aut
1027 1167 1172 1211 certe
1209 1160 1406 1222 aliquot

335 1240 602 1288 mensibus
643 1244 765 1286 ante
811 1251 999 1285 novum
1044 1249 1248 1292 annum,
1292 1233 1405 1283 fieri

335 1316 561 1377 nolebat,
583 1314 972 1377 designatisque
1001 1313 1108 1376 jam
1135 1318 1306 1360 certas
1331 1308 1406 1360 af-

337 1391 554 1441 ferebat
597 1391 992 1454 prerogativam
1079 1390 1093 1417 ‘
1121 1385 1407 1438 Consules’

343 1469 482 1516 enim
504 1471 520 1496 ‘
544 1466 826 1530 designati'
842 1465 1154 1514 seutentiam
1183 1464 1330 1527 primi
1356 1464 1407 1511 in

335 1553 528 1594 senatu
554 1544 892 1607 rogabantur,
911 1550 965 1589 et
979 1556 1125 1604 spem
1146 1539 1410 1588 habebant

334 1621 666 1670 consulatum
698 1619 790 1667 sibi
814 1618 1129 1667 destinatum
1157 1630 1247 1665 suo
1283 1625 1411 1664 tem-

337 1712 474 1762 pore
498 1696 726 1746 ineundi.
794 1697 976 1760 Neque
1017 1696 1152 1744 enirn
1195 1694 1298 1742 ista
1321 1693 1409 1742 de-

339 1774 572 1835 signatio
629 1770 782 1821 facile
842 1767 1253 1830 rescindebatur,
1309 1769 1406 1817 nisi

341 1851 559 1917 quidam
586 1851 925 1913 imperatores
950 1866 1011 1897 ex
1039 1850 1315 1897 ambitione
1334 1849 1407 1897 iu·

338 1928 595 1977 vaderent
621 1926 942 1976 consulatum
971 1927 1083 1974 aliis
1116 1926 1224 1988 jam
1251 1925 1407 1973 desti·

339 2016 556 2065 natum3
589 2012 678 2054 aut
702 2018 768 2052 ex
801 2017 942 2052 more
966 2016 1081 2050 eum
1115 2004 1410 2063 reciperent

341 2085 463 2130 novi
487 2082 845 2144 imperatores,
867 2082 1068 2127 interea
1085 2078 1285 2140 imperii
1307 2075 1406 2125 fas-

341 2159 526 2215 tigium
551 2157 748 2219 adepti.
804 2156 872 2205 Hi
898 2158 1034 2203 enim
1062 2155 1141 2201 vel
1170 2167 1321 2201 unum
1343 2166 1407 2200 ex

339 2230 581 2283 suffectis
619 2232 991 2289 consulatibus,
1017 2231 1126 2292 jam
1168 2243 1231 2277 eo
1276 2242 1408 2276 atino

340 2309 563 2374 privatis
595 2308 930 2363 destinatum,
959 2307 1007 2354 in
1043 2320 1096 2354 se
1132 2304 1407 2355 transfere·

345 2386 658 2448 bant‚quod
698 2384 906 2449 quidem
946 2383 1108 2432 rarius
1148 2383 1409 2446 contigit3

342 2465 428 2513 vel
454 2464 779 2513 consulatum
810 2462 1124 2511 ordinarium
1148 2461 1412 2524 sequentis

344 2538 492 2600 anni,
510 2538 840 2602 quantumvis
864 2538 1020 2586 etiam
1048 2536 1161 2584 aliis
1187 2536 1411 2583 destina-

345 2623 482 2677 tum,
506 2614 910 2663 adventantibus
936 2613 1180 2661 Calendis
1217 2611 1411 2663 Janua·

344 2692 441 2741 riis
481 2693 712 2751 inibant3
747 2700 833 2740 aut
876 2692 1058 2738 saltem
1112 2690 1161 2736 in
1216 2689 1412 2751 aliquot

344 2782 557 2818 menses
583 2782 638 2815 se
673 2768 911 2816 consules
936 2765 1214 2824 dice-baum
1250 2765 1412 2813 ceteri

349 2854 530 2894 autern
549 2846 842 2893 consulatus
857 2857 918 2890 ex
941 2843 1282 2891 antecessoris
1299 2840 1413 2890 des·

353 2921 613 2969 titutione
670 2918 948 2967 manebant
975 2933 989 2978 ;
1042 2925 1193 2980 prout
1243 2917 1411 2964 Tacit.

349 2998 495 3048 Hist.
529 3010 568 3045 ι.
602 2999 686 3045 77.
718 3001 1102 3052 commemorat,
1132 2992 1413 3053 Othonem,

349 3073 443 3123 ubi
470 3073 533 3121 ad
559 3073 830 3135 imperium
872 3077 1201 3133 pervenerat,
1229 3083 1413 3117 consu·

349 3152 455 3200 lem
481 3165 538 3199 se
562 3163 679 3199 cnm
705 3149 913 3197 Titiano
937 3146 1099 3195 fratre
1141 3147 1192 3195 in
1231 3147 1413 3195 Calen-

350 3227 449 3277 das
496 3229 715 3277 Martias
775 3227 989 3285 dixisse,
1051 3232 1107 3274 et
1156 3225 1415 3288 proximos

347 3318 555 3354 menses
578 3303 831 3365 Verginio
849 3313 897 3350 et
927 3302 1160 3364 Poppaeo
1190 3301 1416 3363 Vopisco

345 3381 677 3440 destinasse3
712 3386 916 3428 ceteros
954 3393 1080 3426 vero
1120 3379 1417 3426 consulatus

348 3473 416 3506 ex
440 3458 790 3507 destinatione
818 3457 1054 3511 Neronis,
1087 3462 1176 3504 aut
1213 3454 1416 3508 Galba»,

346 3535 621 3585 mansisse.
655 3534 897 3583 Saluiam-z.

416 3613 476 3661 In
500 3627 549 3660 se
571 3608 940 3671 transferebant]
966 3607 1292 3657 Domitianus
1317 3607 1416 3655 eri·

346 3688 466 3753 pult
494 3686 663 3736 Acilio
688 3685 956 3734 Glabrioni
992 3683 1336 3743 consulatum,
1363 3689 1416 3732 et

348 3778 469 3815 eum
495 3761 781 3813 interfecit.
814 3762 967 3811 Rern.

420 3839 480 3889 Ιιι
504 3854 555 3888 se
575 3838 949 3901 transferebant]
979 3834 1173 3884 Attudit
1199 3834 1415 3884 fortasse

351 3917 417 3966 ad
461 3917 721 3967 Neronem
755 3923 808 3963 et
847 3914 1134 3962 Vitellium.
1203 3914 1287 3962 De
1328 3913 1415 3961 illo

348 3995 573 4044 Sueten.
597 4007 642 4041 c.
663 3996 746 4042 43.
765 3994 780 4019 ‘
798 3990 1046 4040 Consules
1073 3995 1192 4037 aute
1213 3996 1312 4036 tem
1323 4003 1415 4051 pus

348 4070 578 4133 privavit
618 4068 830 4121 honore,
857 4072 1015 4127 atque
1049 4064 1106 4110 'in
1149 4065 1414 4127 utriusque

352 4148 522 4196 locum
561 4146 701 4194 solus
745 4143 860 4191 iniit
899 4139 1262 4189 consulatum!
1331 4143 1414 4190 De

349 4226 446 4276 boc
492 4223 633 4274 idem
677 4221 727 4270 in
763 4220 945 4269 viteli.
980 4232 1027 4267 c.
1053 4221 1131 4266 lt.
1166 4216 1180 4243 ‘
1202 4217 1418 4268 Alliensi

1921 403 1974 453 1.
2003 386 2112 451 57.
2415 383 2547 450 807

1485 545 1570 593 die
1596 544 1955 609 pontificatum
1976 544 2249 593 maximum
2275 544 2436 608 cepit,
2460 557 2548 594 co-

1483 623 1635 672 mitia
1673 623 1724 672 in
1761 624 1941 674 decern
1968 637 2127 673 annos
2152 622 2432 685 ordinavit,
2465 637 2545 672 se·

1484 713 1586 762 que
1613 707 1921 762 perpetuum
1940 697 2238 748 consulem.'
2306 697 2447 748 Hinc
2464 712 2546 749 ve·

1484 781 1567 823 tus
1589 775 1892 838 inscriptio:

1732 864 1788 902 Α.
1823 862 2133 900 vvrnutvs,
2166 863 2215 899 ι..
2251 863 2299 900 ιι.

1850 939 2185 978 mmmm-on

1859 1017 1971 1054 cos.
2004 1016 2166 1052 pane.
2206 1003 2421 1052 Putat-ol.

1550 1083 1649 1138 Qut·
1666 1083 1716 1131 in
1735 1082 2035 1145 principatur
2057 1080 2273 1146 suifine]
2301 1081 2430 1130 Hoec
2456 1081 2549 1129 du·

1480 1159 1569 1209 bio
1596 1162 1776 1222 procul
1803 1160 1866 1208 de
1895 1161 2121 1209 Nerone.
2158 1159 2309 1207 Idem.

1548 1237 1668 1286 Fati
1708 1237 1872 1296 etiam,
1913 1237 1993 1299 qui
2044 1237 2095 1284 t'ts
2135 1235 2431 1297 principatus
2472 1235 2550 1283 sut·

1470 1312 1601 1375 fine]
1638 1312 1786 1361 Idem
1825 1313 2033 1362 Nerone
2075 1324 2123 1358 c.
2146 1315 2228 1359 43.
2262 1313 2277 1338 ‘
2300 1310 2551 1358 Consules

1485 1398 1608 1439 ante
1634 1396 1836 1451 tempus
1875 1390 2102 1453 privavit
2142 1388 2358 1446 honore,
2393 1397 2550 1452 atque

1484 1467 1535 1514 in
1560 1468 1830 1530 utriusque
1855 1467 2022 1514 locutu
2048 1465 2186 1513 solus
2226 1465 2340 1513 iniit
2374 1478 2555 1513 consu·

1487 1546 1670 1600 latum,
1694 1545 1841 1606 quasi
1872 1541 2035 1591 fatale
2061 1549 2216 1597 esset,
2253 1554 2354 1588 non
2397 1554 2549 1602 posse

1486 1621 1685 1672 Gallias
1711 1619 1981 1681 debellari,
2024 1619 2117 1667 nisi
2161 1635 2189 1666 a
2227 1619 2459 1678 consule,
2492 1631 2551 1668 ae

1486 1699 1749 1761 susceptis
1774 1696 2035 1746 fascibus!
2069 1696 2231 1744 Licin.

1554 1775 1670 1824 Fuit
1708 1774 1870 1836 etiam,
1914 1774 1995 1836 qui
2044 1773 2095 1821 in
2136 1772 2434 1835 principatur
2477 1773 2552 1820 sai

1470 1852 1603 1916 fine]
1642 1851 1722 1900 An
1752 1851 1925 1899 Nero?
1957 1851 2021 1898 de
2043 1864 2143 1913 quo
2162 1850 2377 1897 Sueton.
2407 1851 2552 1896 cala.

1486 1939 1500 1959 ¹
1520 1930 1768 1977 Consules
1794 1937 1918 1976 ante
1943 1926 2179 1988 temptts,'
2213 1930 2311 1974 ἃς.
2350 1926 2486 1988 Lipr.

1554 2003 1869 2066 Incipiente-s]
1905 2003 1977 2051 Ut
2004 2002 2267 2051 Vitellius.
2307 2000 2521 2049 Putat-ol.

1555 2079 1864 2140 Desinentes]
1901 2079 1971 2127 Ut
2001 2079 2160 2127 Nero.
2199 2079 2349 2127 Idem.

1560 2159 1726 2204 Otiose
1749 2172 1805 2205 ac
1836 2155 2060 2218 vacante]
2097 2155 2167 2203 H.
2187 2170 2230 2203 e.
2259 2155 2552 2216 interprete

1475 2225 1735 2296 cellario,
1756 2237 1769 2259 ⁸
1786 2247 1900 2281 cunt
1927 2232 2122 2279 otiosus
2146 2233 2441 2279 consulatus
2468 2246 2551 2278 va·

1488 2317 1656 2372 caret,
1682 2310 1913 2357 extincto
1934 2309 2110 2356 Nerva
2130 2306 2162 2366 ς’
2180 2315 2269 2355 aut
2289 2320 2403 2355 cum
2426 2315 2551 2354 tunc

1489 2389 1712 2436 nondum
1740 2387 1870 2434 alius
1894 2385 2072 2433 consul
2098 2384 2147 2432 in
2175 2384 2325 2432 istum
2363 2398 2550 2432 anuum

1490 2465 1789 2525 designatus
1816 2472 1972 2511 esset.
2043 2462 2291 2511 Notanda
2316 2469 2395 2508 est
2413 2461 2552 2523 juni·

1489 2541 1659 2588 oribus
1686 2539 1928 2603 loquendi
1952 2536 2191 2595 formula,
2213 2544 2226 2566 ⁸
2245 2536 2431 2585 cedere
2451 2538 2551 2599 pri·

1487 2617 1624 2665 vatis
1656 2617 1846 2665 bonore
1874 2622 2089 2664 vacante
2110 2613 2143 2674 ς’
2176 2613 2332 2678 quod,
2357 2629 2419 2661 ex
2449 2615 2552 2661 vul-

1489 2695 1596 2755 gari
1619 2708 1733 2755 usu,
1755 2706 1852 2741 nee
1887 2691 1935 2739 id
1968 2700 2139 2740 tamen
2166 2692 2276 2739 sine
2300 2691 2553 2752 exemplis

1489 2779 1746 2825 veterum,
1790 2770 2003 2827 dicitur,
2051 2776 2065 2796 ¹
2093 2768 2285 2816 cedere
2337 2768 2553 2830 privatis

1486 2846 1733 2894 bonorem
1755 2843 2063 2893 vacantem!
2126 2843 2210 2892 Sic
2232 2857 2353 2892 vero
2381 2852 2556 2892 noster

1488 2922 1644 2971 etiam
1685 2920 1818 2970 infra
1863 2924 2085 2969 tremat.
2120 2919 2277 2967 ‘Cum
2322 2919 2555 2981 proficis-

1488 2999 1630 3048 centi
1664 2998 1729 3047 ad
1756 2998 2043 3047 exercitum
2089 3003 2177 3043 tuo
2206 2995 2430 3055 nornine,
2462 3001 2553 3042 tuo

1486 3075 1702 3129 honore,
1720 3071 1958 3122 cessisti.’
2024 3069 2215 3120 Cic-ad
2240 3070 2402 3119 Attio.
2429 3083 2553 3119 xttt.

1487 3154 1572 3200 41.
1605 3156 1619 3180 ‘
1644 3153 1772 3200 Cum
1812 3152 1897 3199 ille
1935 3157 2260 3213 quereretur,
2289 3147 2394 3195 filio
2433 3162 2550 3196 cum

1489 3235 1657 3277 matre
1685 3227 1894 3287 bellum,
1919 3236 1973 3275 et
2010 3241 2065 3276 se
2090 3228 2156 3275 ob
2181 3240 2292 3274 earn
2319 3239 2554 3273 caussam

1491 3305 1643 3353 domo
1666 3319 1922 3351 cessurum
1949 3303 2056 3351 tilio
2095 3300 2335 3350 ‹licet-et!
2404 3300 2551 3349 Idem

1491 3398 1586 3444 pro
1614 3381 1834 3439 Milone,
1873 3395 1918 3427 c.
1941 3384 2022 3429 27.
2058 3380 2071 3405 ‘
2090 3380 2314 3440 Utrique
2339 3385 2551 3426 mortem

1491 3467 1573 3508 est
1598 3459 1885 3518 minitatus,
1910 3457 2007 3504 nisi
2033 3455 2130 3503 sibi
2155 3455 2414 3502 hortorum
2440 3471 2554 3516 pos-

1492 3534 1717 3583 sessione
1740 3531 2025 3582 cessisset.'
2067 3532 2201 3579 Veli.
2228 3543 2285 3577 tt.
2312 3536 2393 3579 63.
2415 3534 2429 3558 ‘
2450 3532 2553 3578 An·

1493 3611 1665 3659 tonius
1684 3609 1835 3659 titulo
1854 3608 2058 3670 imperii
2074 3607 2294 3655 cedebat
2325 3608 2558 3671 Lepido)

1492 3687 1646 3736 Hanc
1694 3685 1965 3734 formulam
2025 3685 2167 3732 Livio
2213 3693 2268 3732 et
2323 3685 2555 3732 Martiali

1491 3779 1592 3813 non
1632 3763 1792 3811 semel
1836 3762 2061 3810 restituit
2103 3760 2422 3818 Gronovius3
2457 3773 2552 3807 nec

1491 3855 1661 3903 pauca
1685 3841 1927 3903 exetnpla
1950 3839 2014 3887 ad
2040 3837 2175 3886 Vell.
2200 3851 2262 3886 ιι.
2285 3841 2364 3884 87.
2397 3850 2553 3885 anno-

1490 3918 1622 3965 tavit
1652 3916 1915 3964 Heinsius.
1950 3914 2190 3961 Schwarz.

1560 3992 1891 4040 Invidiosuane
1910 3989 2038 4052 erat]
2081 3987 2122 4036 1.
2150 4003 2192 4035 c.
2221 4001 2284 4034 an
2310 3986 2553 4035 iuvidiam

1489 4068 1583 4116 tibi
1619 4068 1849 4116 excitare
1875 4072 2083 4128 poterat
2110 4067 2294 4112 tertius
2318 4063 2553 4110 consula·

1492 4146 1607 4192 tus?
1674 4143 1793 4192 Jant
1821 4142 1960 4191 Geli.
1989 4142 2143 4190 Noct.
2172 4139 2334 4187 Attio.
2365 4153 2444 4187 tx.
2476 4143 2550 4186 tl.

1490 4221 1587 4270 ltoc
1613 4233 1794 4268 nomeu
1822 4217 2000 4267 retulit
2037 4218 2173 4264 inter
2219 4213 2396 4276 verba,
2435 4228 2550 4278 quac
