3060 4902
767 346 829 391 C.
881 341 1123 390 Pmun

327 489 554 540 constat,
589 484 757 535 adhuc
796 485 1036 535 Pliniana
1076 500 1206 543 sevo,
1239 487 1398 537 ‘con-

326 562 495 611 sules’
534 569 587 611 et
632 561 972 622 ‘senatores,'
1008 563 1157 626 qnasi
1201 562 1397 613 solenni

327 639 503 700 titulo,
532 638 824 702 appellatos
858 651 973 686 esse
1012 637 1026 662 ⁸
1049 637 1187 686 viros
1223 639 1398 686 claris-

325 714 533 766 simos.’
601 713 755 763 Unde
800 714 934 763 Plin.
976 714 1148 776 Epist.
1185 728 1281 763 vn.
1317 719 1398 764 32.

326 791 601 848 ‘Vereon’
636 792 828 855 inquit,
862 792 877 819 ‘
900 790 1170 839 clarissimi
1216 805 1399 840 consu·

326 868 505 927 les,ne
538 868 661 916 milii
699 868 878 915 Massa
912 867 1395 930 praevaricationem

329 943 621 1006 objecerit!
694 943 842 993 Idem
878 945 1045 1005 Epist.
1073 958 1124 992 x.
1146 948 1222 992 69.
1249 947 1264 973 ‘
1289 946 1397 1009 Ego

325 1020 535 1069 interim
563 1021 846 1082 Calpurnio
882 1021 1083 1075 Macro,
1113 1022 1399 1071 clarissimo

327 1097 457 1153 viro,
492 1097 713 1160 scripsi.¹
779 1097 849 1146 Et
885 1098 1149 1160 Lamprid.
1175 1113 1292 1162 cap.
1314 1104 1397 1148 21.

327 1180 574 1232 testatur,
619 1175 785 1223 adltnc
838 1175 1186 1223 Alexandrum
1245 1178 1398 1224 Seve-

328 1264 441 1298 rum
489 1248 754 1312 praefectis
798 1252 1043 1314 praetorio
1084 1254 1398 1302 senatoriam

326 1326 593 1376 addidisse
625 1328 956 1393 dignitatem,
979 1338 1038 1379 nt
1072 1337 1085 1358 ⁶
1107 1332 1198 1378 viri
1223 1334 1398 1382 claris·

327 1403 442 1451 simi
465 1411 658 1458 essent,
682 1413 736 1452 et
763 1406 1101 1455 dicerentur.’
1132 1406 1372 1456 Schwarz.

397 1479 512 1529 Non
546 1480 724 1542 minus]
774 1481 1044 1530 Particula
1083 1497 1177 1530 non
1213 1498 1400 1546 perpe·

330 1568 440 1601 ram
479 1556 665 1603 omissa
706 1565 786 1604 est
834 1557 882 1605 in
923 1558 1106 1606 codice
1142 1560 1400 1609 Vaticano

332 1633 479 1678 1475.
498 1637 552 1678 et
577 1630 626 1678 in
654 1630 929 1680 Patavino.
979 1635 1176 1682 Noster
1193 1650 1400 1698 quoque

331 1705 524 1765 codex,
549 1707 598 1754 in
626 1708 797 1757 verbis
821 1711 1162 1771 sequentibus
1190 1713 1204 1737 ‘
1221 1725 1334 1773 quae
1360 1712 1403 1760 si

332 1782 576 1844 tantum,’
611 1798 707 1846 pro
730 1790 936 1848 tantum,
967 1789 1099 1836 male
1126 1788 1303 1836 retulit
1327 1793 1400 1837 ta-

330 1875 457 1909 men.
497 1860 665 1910 Idem.

403 1935 692 1998 Concordia]
731 1935 996 1999 Amicitia,
1020 1953 1111 1987 sen
1149 1940 1400 1990 societate

333 2015 550 2064 aliarum
597 2016 938 2078 dignitatum;
993 2016 1207 2067 fuerunt
1262 2020 1398 2067 enim

330 2091 549 2153 collegas
579 2093 736 2140 etiam
770 2093 822 2140 in
860 2094 1183 2156 praefectnra
1215 2096 1400 2144 aerarii.

334 2169 536 2218 Noster
572 2170 738 2233 Epist.
765 2184 835 2218 lv.
861 2174 941 2221 16.
975 2179 1029 2219 et
1053 2185 1105 2219 v.
1130 2175 1211 2222 15.
1250 2172 1400 2221 Pata·

330 2245 420 2293 rol.

400 2318 516 2381 Ille]
551 2320 892 2369 Domitianus.
928 2322 1096 2371 Licin.

398 2395 491 2444 lue
524 2396 688 2460 optimi
722 2398 942 2461 cujusque
975 2399 1201 2461 spoliator
1222 2405 1269 2448 et
1296 2416 1401 2450 car·

331 2474 497 2537 nifex]
533 2474 666 2524 Haec
701 2476 873 2536 gravis
910 2484 989 2524 est
1017 2474 1313 2538 παράφρασις
1346 2485 1403 2527 et

333 2549 620 2613 descriptio
658 2551 961 2613 Domitiani,
984 2554 1085 2616 qui,
1113 2560 1250 2603 teste
1274 2556 1402 2603 Sue-

337 2627 500 2686 tonio,
525 2627 577 2674 in
601 2626 709 2674 vita
731 2627 864 2688 ejus,
888 2641 1007 2690 cap.
1024 2632 1072 2676 9.
1099 2628 1114 2655 ‘
1134 2631 1402 2691 aliquanto

333 2704 556 2752 celerius
592 2703 655 2751 ad
693 2704 968 2765 saevitiam,
990 2720 1142 2767 qnam
1169 2708 1232 2755 ad
1257 2709 1402 2771 cupi-

334 2779 576 2834 ditatem,
610 2779 860 2830 descivit!
930 2783 999 2831 Et
1026 2783 1198 2833 Tacit.
1227 2783 1406 2845 Agric.

334 2868 453 2918 cap.
474 2858 556 2903 44.
586 2855 849 2916 Agricola.
884 2855 1069 2920 inquit.
1104 2864 1116 2885 ⁸
1140 2857 1404 2909 festinatae

334 2931 514 2981 mortis
539 2931 733 2994 grande
758 2932 999 2981 solatium
1023 2934 1158 2990 tulit,
1179 2937 1403 2985 evasisse

338 3014 654 3072 postremum
689 3008 815 3056 illud
842 3016 1066 3072 tempus,
1090 3025 1191 3074 qno
1225 3013 1405 3060 Domi-

338 3086 510 3134 tianus
533 3098 632 3132 non
657 3084 769 3145 jam
802 3098 895 3147 per
918 3086 1191 3134 intervalla
1216 3102 1277 3135 ac
1301 3089 1403 3150 spi-

337 3166 573 3209 ramenta
606 3166 916 3222 temporum,
945 3161 1032 3208 sed
1071 3163 1313 3211 contiuuo
1351 3171 1405 3213 et

338 3237 485 3285 velut
508 3251 606 3283 uno
631 3237 738 3284 ictu
775 3250 882 3284 rem
918 3237 1175 3298 publicam
1212 3240 1404 3288 exhau-

336 3312 425 3361 sit.
506 3312 624 3361 Non
671 3311 799 3359 vidit
844 3311 1091 3374 Agricola
1145 3315 1404 3363 obsessam

338 3388 556 3449 curiam,
592 3394 645 3436 et
683 3388 915 3436 clausum
956 3389 1110 3436 armis
1148 3399 1405 3445 senatum,

335 3472 392 3513 et
416 3463 597 3512 eadem
623 3470 796 3525 strage
822 3471 903 3513 tot
932 3466 1278 3515 consularium
1306 3481 1409 3515 cae·

338 3537 457 3599 des,
499 3545 580 3587 tot
628 3538 1058 3588 nobilissimarum
1104 3539 1408 3590 feminarum

339 3617 526 3665 exsilia
577 3623 631 3663 et
684 3614 853 3679 fugas.
877 3614 890 3635 '
966 3617 1171 3666 Plinius
1216 3626 1413 3679 noster,

338 3692 513 3756 Epist.
548 3704 636 3739 ιιι.
668 3694 747 3739 11.
779 3698 793 3719 ‘
815 3690 1052 3741 Ardebat
1087 3694 1411 3743 Domitianus

339 3774 397 3816 et
435 3767 782 3821 crudelitatis,
826 3774 880 3816 et
925 3767 1236 3831 iniquitatis,
1278 3768 1410 3817 infa-

339 3842 481 3892 mia-³
521 3844 758 3893 Schwarz.

418 3919 682 3979 Stragibus
721 3919 1003 3983 amicorum]
1071 3921 1409 3969 Senecionem

339 3996 611 4056 intelligit,
651 3995 941 4052 Rusticum,
984 3995 1411 4059 Helvidiumque,

342 4070 432 4137 qui
457 4071 645 4128 occisi;
679 4071 990 4125 Mauricum,
1010 4072 1299 4126 Gratittam.
1318 4074 1409 4120 Ar-

344 4147 496 4208 riam,
517 4154 573 4194 et
596 4145 867 4208 Fanniam,
884 4147 970 4211 qui
996 4147 1235 4210 relegati.
1276 4148 1412 4197 Vide

344 4222 488 4273 Ptin.
512 4222 682 4289 Epist·
707 4235 790 4271 ιιι.
814 4227 895 4273 ll.
936 4224 1086 4274 Idem.

1176 342 1511 392 Saeuum
1563 344 1839 392 PANEG.
1918 346 1962 391 Ι.

2008 332 2119 397 90.
2367 333 2538 399 1069

1542 488 1803 550 Stragibus
1821 487 2101 552 amicorum]
2137 488 2238 538 Adi
2261 490 2538 553 epistolam

1474 565 1704 627 ejusdem
1733 579 1816 615 ιιι.
1842 571 1923 614 11.
1954 566 2116 615 Licin.

1539 640 1836 702 Amicorum]
1892 642 2137 698 Helvidii,
2180 642 2402 705 Rustici,
2445 644 2540 693 Se-

1473 719 1728 781 necionis,
1771 720 2008 773 Maurici.
2046 720 2287 782 plurium,
2323 735 2449 784 quos
2485 721 2538 770 in

1473 795 1711 858 epistolis
1731 797 1845 858 ipse
1863 796 2115 858 nominat,
2133 812 2291 846 caesos
2312 807 2406 847 aut
2428 799 2541 862 pul-

1472 884 1556 918 sos
1580 885 1610 918 a
1634 872 1953 920 Domitiano.
1988 872 2122 934 Lips.

1537 948 1682 996 Jaclo
1705 947 1937 1010 fulmine]
1974 948 2095 1010 Ipse
2121 949 2170 996 in
2195 949 2424 1011 epistolis
2452 965 2540 1012 pa-

1473 1022 1628 1072 riter:
1669 1024 1802 1073 'Tot
1834 1023 1976 1071 circa
2014 1038 2096 1073 me
2123 1024 2283 1087 jactis
2316 1024 2541 1075 fulmini·

1473 1099 1571 1148 bus
1597 1099 1743 1163 quasi
1770 1100 2049 1159 ambustus,
2070 1101 2193 1151 mihi
2219 1115 2422 1165 quoque
2447 1104 2542 1152 isn-

1473 1176 1704 1239 pendere
1734 1177 1869 1225 idem
1905 1178 2117 1225 exitium
2152 1179 2309 1227 certis
2334 1181 2540 1243 quibus·

1474 1251 1592 1299 dam
1620 1252 1757 1300 notis
1783 1252 2108 1312 augurabar!
2140 1254 2292 1302 Idem.

1539 1328 1681 1375 «Iacto
1713 1326 1923 1385 fulinine
1966 1328 2238 1391 afflaverat]
2295 1330 2381 1378 Sic
2427 1328 2539 1378 fere

1476 1403 1681 1452 Plinius
1714 1405 1869 1451 etiam
1904 1405 2132 1466 loquitur
2157 1405 2323 1465 Epist.
2350 1418 2440 1453 111.
2463 1410 2544 1454 11.

1477 1479 1607 1527 ‘Tot
1630 1479 1770 1528 circa
1794 1494 1874 1527 me
1891 1479 2050 1541 jactis
2077 1477 2371 1527 fulminibus
2393 1481 2540 1543 quasi

1477 1555 1760 1616 ambustus,
1812 1555 1936 1603 milii
1980 1570 2182 1618 quoqne
2240 1556 2541 1618 impendere

1478 1631 1615 1680 idem
1642 1632 1877 1691 exitium,
1893 1633 2051 1680 certis
2074 1631 2379 1694 quibusdam
2403 1633 2541 1681 notis

1477 1706 1801 1769 augurabar.’
1848 1706 1965 1756 Hac
1983 1707 2285 1770 metaphora
2301 1706 2544 1771 frequen-

1477 1792 1562 1834 ter
1599 1791 1816 1833 utuntur
1853 1792 2108 1835 auctores.
2178 1785 2335 1836 Ovid.
2381 1787 2543 1835 Trist-

1478 1875 1514 1908 ι.
1542 1863 1588 1910 1.
1610 1865 1693 1910 37.
1717 1862 1733 1888 ‘
1752 1861 1912 1910 Venit
1934 1862 1986 1910 in
2020 1862 2118 1911 hoc
2147 1863 2235 1911 illa
2258 1861 2449 1911 fulmen
2475 1864 2542 1912 ab

1477 1951 1600 1985 arce
1642 1944 1802 1999 caput
1828 1935 1862 1986 :’
1904 1937 2011 1993 ubi,
2069 1944 2281 1986 notante
2319 1936 2544 1995 Baudio‚

1477 2018 1491 2039 ‘
1508 2011 1727 2061 fulmina
1743 2014 1756 2035 '
1787 2021 2036 2063 vocantur
2071 2014 2542 2063 animadversiones

1476 2096 1532 2138 et
1551 2104 1716 2152 poenae
1736 2105 2034 2152 magnarum
2053 2100 2388 2154 potestatum,
2406 2091 2544 2155 quod

1476 2166 1581 2214 late
1621 2174 1839 2228 terrent,
1863 2174 2172 2231 nocentque.
2237 2176 2251 2198 ⁴
2269 2168 2392 2215 Tria
2420 2175 2546 2218 siunt

1476 2241 1749 2289 fulminum
1786 2245 2016 2303 genera.’
2038 2249 2095 2290 ut
2126 2242 2333 2290 Servius
2365 2242 2440 2290 ait
2475 2242 2544 2291 ad

1475 2317 1659 2378 Virgil.
1683 2316 1796 2365 AEn·
1821 2330 1885 2366 ιι.
1911 2321 2026 2365 649.
2057 2324 2072 2346 ⁴
2093 2324 2194 2378 est,
2221 2318 2356 2380 quod
2382 2317 2542 2373 afflat.

1476 2393 1613 2457 quod
1653 2393 1906 2456 incendit,
1941 2393 2076 2457 quod
2113 2394 2300 2443 finditss
2369 2396 2574 2443 Etiam·

1478 2471 1795 2532 Gronovius,
1817 2471 2094 2534 qnemjam
2114 2472 2296 2520 citavit
2323 2471 2545 2521 Arntze·

1476 2549 1614 2607 nius,
1642 2547 1866 2595 Diatrib.
1900 2548 1954 2594 in
1986 2548 2122 2597 Stat.
2158 2562 2204 2597 c.
2229 2551 2311 2597 33.
2343 2548 2543 2607 docuit,

1478 2623 1882 2685 damnationem,
1903 2625 2011 2673 sive
2036 2624 2273 2673 exsilium
2301 2625 2406 2683 illa,
2435 2626 2546 2674 sive

1478 2713 1683 2761 poenam
1741 2701 1945 2763 capitis,
1997 2700 2309 2764 respexerit,
2352 2703 2546 2763 passim

1477 2777 1731 2838 appellari
1766 2776 2032 2826 ‘fulmem’
2097 2776 2197 2826 Sed
2237 2786 2293 2827 et
2330 2779 2546 2827 verbum

1479 2854 1494 2881 ‘
1515 2850 1690 2901 afflare
1709 2852 1722 2873 '
1744 2868 1846 2902 non
1872 2867 1990 2902 raro
2014 2853 2204 2903 dicitnr
2229 2854 2295 2902 de
2319 2854 2547 2904 fulmini-

1480 2929 1592 2977 bus.
1661 2932 1873 2979 Sueton.
1894 2931 2013 2980 Tib.
2033 2946 2079 2980 c.
2098 2936 2179 2980 69.
2204 2939 2217 2959 ³
2235 2932 2545 2982 Turbatiore

1478 3005 1611 3053 coelo
1637 3020 1890 3069 nunquam
1914 3019 2014 3054 non
2050 3007 2276 3054 lauream
2302 3009 2548 3072 gestavit,

1479 3080 1616 3144 quod
1643 3080 1851 3129 fulmine
1874 3078 2035 3128 afflari
2062 3090 2280 3143 negetur
2309 3082 2358 3128 id
2385 3098 2548 3144 genus

1480 3153 1734 3204 frondis.'
1802 3156 1990 3217 Virgil-
2022 3155 2139 3203 AEu.
2177 3169 2238 3203 ιι.
2272 3160 2387 3205 619.
2421 3164 2434 3184 ·
2455 3159 2548 3207 Me

1481 3233 1667 3280 Divom
1693 3240 1842 3294 pater
1862 3239 2015 3295 atque
2038 3232 2295 3280 hominum
2315 3247 2408 3282 rex
2431 3236 2552 3283 Ful-

1482 3308 1632 3357 minis
1656 3305 1854 3357 afflavit
1879 3308 2066 3369 ventis,
2091 3315 2145 3357 et
2168 3309 2388 3371 contigit
2409 3310 2551 3372 igni.'

1485 3384 1607 3432 Non
1664 3385 1800 3432 enim
1848 3384 2114 3446 jaciuntur
2170 3385 2407 3442 fulmina,
2455 3387 2553 3436 nisi

1484 3475 1602 3510 cum
1626 3458 1750 3508 flatu
1776 3468 2065 3508 ventorum.
2114 3460 2352 3510 Ovid.ex
2377 3463 2551 3511 Ponto

1484 3550 1574 3585 ιιι.
1608 3541 1657 3583 6.
1699 3537 1714 3564 ‘
1743 3535 1994 3584 Fulminis
2040 3534 2244 3585 afflatos
2289 3539 2550 3587 interdum

1487 3613 1662 3661 vivere
1702 3613 1816 3660 telis
1844 3611 2118 3660 Vidimus.’
2187 3613 2393 3676 Itaque,
2416 3617 2551 3679 affla-

1483 3694 1637 3749 verat,
1664 3691 1963 3751 explicante
1989 3690 2257 3746 Catanaeo,
2281 3698 2381 3750 est,
2408 3691 2548 3739 flam-

1486 3779 1571 3813 ma
1606 3766 1920 3825 strinxerat;
1958 3765 2094 3828 quia,
2118 3766 2204 3829 qui
2229 3764 2442 3814 fulmine
2478 3764 2553 3814 af-

1485 3839 1696 3904 flantur,
1742 3857 1840 3891 non
1888 3842 2027 3890 illico
2072 3840 2365 3900 feriuntur3
2414 3842 2551 3901 quod

1487 3917 1849 3980 Berneggerus
1889 3932 1953 3966 ex
1991 3916 2329 3964 Freinshemii
2368 3915 2554 3965 Indice

1486 3993 1550 4040 ad
1577 3994 1781 4042 Florum
1804 3992 2190 4041 animadvertit.
2226 3991 2465 4041 Schwarz.

1541 4068 1827 4133 Afflaverat]
1861 4067 1942 4117 Ad
1966 4068 2182 4115 eundem
2206 4082 2411 4117 sensum
2436 4070 2553 4120 Flo·

1488 4158 1572 4191 rus
1613 4158 1702 4193 111.
1741 4149 1794 4192 9.
1825 4148 1840 4174 ‘
1870 4144 2074 4192 ltaliam
2114 4143 2248 4206 jam,
2287 4144 2552 4210 ipsamque

1491 4219 1669 4270 urbem
1712 4220 1949 4275 Romam,
1987 4219 2160 4283 regius
2202 4226 2371 4271 terror
2411 4221 2549 4272 affla-
