3060 4902
545 353 677 420 884

549 513 833 565 iit-Veneto
855 512 906 557 2.
941 511 995 555 et
1017 516 1133 552 meo
1170 500 1339 550 liberos
1379 492 1616 545 criminis·

551 594 601 642 in
624 582 1005 647 salisburgensi
1028 578 1208 639 erimis,
1237 585 1291 623 et
1317 590 1382 624 ex
1408 585 1613 621 correc-

552 670 691 718 tione
733 664 986 712 credimus.
1049 656 1152 705 Sed
1199 654 1342 702 vides
1391 648 1613 713 ineptias

548 744 893 796 librariorum.
923 735 1164 785 Schmun.

617 823 847 871 Promere
875 816 927 863 in
960 807 1188 870 medium]
1226 807 1286 856 In
1312 803 1492 855 codice
1512 801 1613 849 Ve-

553 906 677 948 neto
712 901 758 945 1.
801 890 1147 957 praetermissa
1192 890 1313 932 sunt
1358 880 1516 930 verbs
1565 878 1616 924 iu

550 977 770 1025 medium.
840 971 1066 1019 Promere
1090 965 1223 1013 idem
1249 968 1349 1020 est,
1373 964 1469 1007 sc·
1498 969 1613 1019 pro-

550 1050 728 1114 ferre,’
765 1050 779 1076 ‘
807 1058 1085 1110 exponere,
1089 1041 1104 1063 ’
1135 1043 1150 1069 ‘
1178 1037 1346 1101 eloqui
1372 1035 1405 1096 ς’
1442 1042 1496 1083 et
1538 1032 1615 1079 sic

554 1132 711 1179 etiam
749 1141 888 1188 saepe
927 1120 1162 1171 absolute
1204 1114 1452 1178 ponitur:
1488 1110 1614 1158 reti·

553 1205 726 1255 nenda
766 1210 938 1250 tamen
980 1202 1097 1246 sunt
1139 1192 1294 1240 verba
1334 1189 1385 1237 in
1426 1185 1616 1235 ceteris

555 1279 788 1330 omuibus
811 1274 953 1324 libris
978 1271 1212 1329 addita,r
1195 1266 1496 1320 inmedium5
1521 1263 1553 1310 i.
1572 1276 1619 1310 e.

551 1361 566 1385 ⁴
594 1359 644 1404 iu
670 1365 957 1404 commune.
963 1348 976 1369 ’
1012 1346 1196 1408 Virgil.
1234 1344 1347 1390 AEu.
1386 1355 1466 1389 xt-
1503 1342 1617 1387 335.

557 1438 570 1461 ‘
612 1430 879 1482 Consulite
926 1428 980 1474 in
1029 1424 1272 1472 medium.
1280 1419 1292 1440 ’
1349 1418 1463 1466 Cic.
1513 1413 1618 1462 fre·

557 1514 778 1572 quenter
803 1503 998 1559 dicit,‘
1023 1498 1256 1561 proferre
1283 1496 1333 1542 in
1360 1487 1619 1541 medium!

558 1587 698 1635 Fam.
728 1598 819 1632 xv.
843 1586 891 1629 2.
932 1579 1082 1625 Verr.
1108 1588 1157 1622 v.
1183 1578 1262 1621 10.
1297 1571 1523 1631 Philipp.
1554 1581 1618 1615 tt.

556 1669 605 1712 4.
626 1667 724 1709 διο.
796 1660 862 1707 Et
893 1657 965 1703 sic
1001 1654 1156 1703 etiam
1191 1650 1302 1697 baec
1329 1646 1484 1695 verbs
1527 1658 1619 1705 per

556 1734 1027 1797 interpunctionem
1054 1728 1439 1789 conjunguntur
1462 1722 1513 1769 in
1535 1736 1619 1769 co·

559 1816 674 1863 dice
715 1809 1005 1859 Patsviuo:
1043 1803 1213 1863 Jubes,
1248 1815 1353 1862 quoe
1376 1798 1621 1849 sentimus,

551 1904 793 1955 promere:
820 1888 870 1934 in
893 1884 1093 1932 medium
1112 1878 1416 1942 proferemus.
1450 1876 1621 1922 Tacit.

559 1967 939 2017 An11a1.v1.24.
965 1957 1323 2019 ‘inpublicum
1348 1948 1622 2015 promere!

558 2047 667 2093 Pro
708 2039 944 2106 sequenti
990 2035 1150 2083 verbo
1197 2031 1501 2095 proferemus,
1550 2027 1619 2075 vi·

561 2124 691 2170 tiose
735 2119 985 2180 scriptum
1032 2120 1109 2161 est
1149 2111 1198 2158 iu
1242 2107 1420 2158 codice
1461 2106 1621 2154 Guel-

562 2196 743 2260 plierb.
763 2193 1073 2257 proferimus,
1066 2204 1077 2216 ·
1102 2184 1236 2249 quod
1260 2184 1438 2232 vitium
1461 2181 1619 2228 etiam

560 2276 611 2323 in
656 2272 882 2321 editione
931 2264 1161 2317 Rheusni
1217 2278 1299 2311 sn.
1341 2263 1486 2309 1520.
1534 2272 1621 2305 ex·

561 2363 791 2413 pressum
805 2345 1022 2409 legitur.
1073 2340 1451 2391 Rittersliusius
1478 2338 1528 2383 iu
1551 2337 1622 2384 lo·

562 2440 676 2475 ctum
720 2423 858 2471 verbi
898 2420 1205 2483 proferemus,
1240 2414 1440 2463 censuit
1476 2411 1625 2461 resti-

564 2502 812 2551 tuendum
849 2509 1126 2559 ptr-ornemus
1195 2495 1303 2553 Ego
1342 2505 1437 2553 pro
1478 2498 1624 2537 ante·

561 2578 783 2626 cedente
824 2574 1248 2630 verbopromere,
1294 2566 1405 2613 fere
1453 2565 1623 2612 malim

562 2651 852 2702 rescribere
869 2646 1100 2710 proferre,
1125 2644 1244 2707 quia
1264 2642 1497 2705 sequitur
1516 2657 1626 2699 pro·

546 2730 790 2787 serenius,-
826 2725 939 2782 sed,
974 2735 1090 2769 cum
1124 2733 1299 2768 omnes
1326 2717 1510 2780 scripti
1537 2720 1625 2765 iin-

563 2804 832 2868 pressique
864 2799 980 2847 libri
1007 2795 1271 2855 abdicant,
1306 2794 1431 2842 nibil
1465 2801 1625 2842 muto.

563 2884 714 2931 Idem.

633 2952 958 3019 proferemus]
1023 2952 1161 3015 Lege
1197 2961 1474 3012 promemus.
1511 2947 1625 2997 Rit-

565 3036 726 3084 tersb.
969 3068 973 3076 2

634 3112 797 3173 Neque
820 3109 944 3156 euim
966 3103 1141 3167 adhuc]
1179 3102 1238 3151 In
1262 3100 1443 3150 codice
1466 3099 1624 3147 Guel-

563 3187 888 3251 pherbytsno
904 3182 1088 3230 omissa
1108 3186 1186 3226 est
1204 3176 1454 3240 particula
1470 3175 1626 3232 enirm

562 3268 613 3313 iu
651 3260 1027 3322 salisburgensi
1066 3265 1119 3306 et
1159 3272 1275 3305 meo
1303 3255 1628 3303 desideratur

565 3341 824 3405 particula
849 3339 1014 3384 adhuc.
1071 3335 1151 3384 Ad
1178 3333 1446 3397 sequentia
1472 3331 1630 3380 verba

565 3418 796 3479 pet-tinet
825 3417 963 3462 locus
988 3413 1196 3459 Sallust.
1232 3408 1478 3472 Jugurtb.
1511 3422 1629 3470 cup.

565 3497 648 3539 31.
685 3499 696 3518 ‘
727 3492 883 3553 Piget
924 3489 1118 3541 dicere,
1157 3496 1214 3534 ut
1254 3487 1395 3533 vobis
1430 3487 1627 3534 animus

566 3569 630 3616 ab
663 3567 866 3623 ignavia
904 3573 1062 3625 atque
1088 3563 1328 3610 socordis
1353 3568 1628 3622 corruptus

562 3644 743 3700 fuerit,
774 3642 858 3704 qui
892 3654 957 3687 ne
981 3652 1114 3686 nunc
1139 3637 1368 3700 quidem,
1391 3636 1629 3686 obnoxiis

566 3719 805 3778 inimicis,
829 3711 1140 3773 exsurgitis.'
1175 3712 1413 3761 Schwarz.

633 3796 815 3843 Misera
860 3791 968 3853 illa]
1037 3788 1097 3837 In
1147 3787 1329 3837 codice
1375 3787 1631 3837 Vaticano

570 3878 715 3925 1364.
742 3878 796 3919 et
820 3870 1024 3916 Veneto
1052 3869 1096 3914 1.
1136 3877 1231 3927 pro
1255 3863 1441 3920 misero,
1465 3866 1630 3928 scrip-

570 3961 676 3999 tum
714 3956 789 3996 est
818 3945 1044 4001 miseria,-
1078 3951 1130 3991 et
1159 3942 1305 4006 pejus
1331 3942 1379 3989 in
1407 3956 1522 3990 meo
1546 3956 1630 3990 co·

566 4030 685 4076 dice
711 4028 905 4076 viscera.
971 4023 1188 4086 Pigeret
1210 4033 1310 4074 me.
1342 4018 1629 4068 istiusmodi

567 4103 832 4162 σφάλματα
870 4109 1141 4153 annotare,
1185 4096 1282 4145 nisi
1321 4096 1503 4145 testari
1543 4109 1632 4142 cu·

571 4181 730 4243 piam,
754 4193 856 4243 qua
879 4175 1211 4228 solicitudine
1248 4179 1511 4224 scrutatus
1535 4173 1633 4220 sim

1240 350 1456 404 NOTAE
1506 343 1919 396 VARtoRtJM
1974 338 2081 389 m·

1689 487 1896 537 codices
1940 484 2200 547 scriptos;
2236 494 2297 531 ac
2339 478 2438 528 nisi
2480 492 2583 527 non
2629 471 2756 527 nihil

1688 580 1863 628 operae
1910 563 2135 626 pretium
2188 558 2421 609 facturus
2466 556 2664 617 videar,
2713 554 2755 603 si

1689 642 1978 693 identidem
2044 640 2272 703 origines
2335 644 2394 686 et
2457 634 2757 701 oce-siones

1689 721 1989 770 mendorum
2024 718 2076 766 in
2113 714 2381 766 codicibus
2419 713 2629 775 scriptis
2665 709 2755 759 ob·

1689 799 1799 847 viss
1834 796 2120 847 ostendam.
2191 792 2400 842 Dicitur
2433 803 2559 838 vero
2586 787 2756 835 misera

1688 891 1750 924 ex
1770 872 2141 938 periculi-§factu
2159 869 2436 933 prudentio,
2471 881 2587 930 qnae
2613 863 2754 928 quasi

1692 967 1785 1015 per
1818 966 1987 999 meras
2029 949 2260 997 miserias
2292 953 2348 994 et
2384 943 2596 1007 propria
2621 942 2756 1004 peri·

1691 1029 1808 1077 cula
1837 1033 2131 1087 comparata
2165 1032 2277 1071 est:
2316 1036 2433 1070 cum
2464 1026 2649 1068 contra
2680 1015 2757 1064 di·

1689 1113 1841 1156 catur
1887 1107 1903 1132 ‘
1938 1104 2105 1162 Felix,
2148 1115 2302 1165 quem
2347 1097 2548 1148 faciunt
2591 1096 2759 1144 aliena

1695 1182 1921 1246 pericula
1970 1176 2216 1241 cnutum,'
2266 1178 2376 1226 sive
2429 1174 2756 1238 prudentem.

1697 1261 1846 1308 Idem.

1761 1335 2028 1383 Prudentia
2043 1330 2280 1394 mouebat]
2301 1328 2642 1389 Puteolanus,
2659 1325 2761 1374 132⁴

1694 1413 1922 1471 roaldus,
1947 1412 2222 1460 Catanseus
2244 1408 2293 1455 in
2319 1407 2490 1469 prims
2513 1404 2760 1463 editione,

1699 1490 1878 1545 Aldus,
1920 1489 2264 1542 Philomusus,
2309 1492 2361 1533 et
2404 1482 2622 1543 Navius,
2666 1494 2760 1544 pro

1699 1566 1858 1614 verbo
1874 1565 2104 1624 monebat,
2121 1562 2332 1612 edidere
2349 1558 2578 1607 mot-ebat.
2610 1555 2761 1607 Quod

1698 1644 1908 1692 verbum
1943 1657 2045 1691 non
2081 1641 2221 1689 illico
2256 1635 2593 1700 rejiciendum
2623 1633 2762 1680 vide·

1699 1732 1834 1785 stur,
1860 1738 1975 1772 cum
2001 1721 2156 1768 etism
2185 1731 2279 1782 per
2314 1722 2328 1744 ‘
2354 1708 2766 1765 adhortabatur!

1696 1800 1710 1828 ‘
1748 1797 2040 1853 incitabat,’
2097 1789 2348 1858 explicari
2405 1789 2588 1854 possit.
2657 1787 2763 1837 Cic.

1699 1878 1840 1926 Fsm.
1869 1891 1903 1924 t.
1932 1880 1979 1924 7.
2011 1876 2026 1903 ⁴
2054 1873 2152 1923 lits
2176 1885 2268 1920 ·me
2306 1869 2435 1918 ratio
2460 1866 2623 1916 movit
2642 1863 2677 1925 ς’
2710 1869 2765 1913 et

1701 1953 1907 2015 passim.
1974 1952 2167 1999 Verum
2194 1959 2391 2004 omnes,
2422 1957 2551 2007 quos
2582 1955 2763 1991 conrn-

1700 2032 1792 2091 lui,
1824 2030 2029 2078 codices
2062 2028 2188 2076 Mss.
2217 2034 2271 2074 et
2292 2022 2456 2072 ceteri
2479 2019 2622 2074 libri.
2644 2030 2763 2067 con·⁵

1697 2109 1902 2157 firmant
1961 2106 2217 2166 vulgatam
2248 2099 2576 2150 lectionem.
2666 2095 2763 2157 Ac,

1697 2184 1823 2232 iicet
1859 2183 2069 2230 verbum
2096 2173 2377 2235 “movere,?
2413 2169 2532 2224 cum
2556 2179 2763 2221 antece·

1699 2260 1937 2307 dentibus
1955 2256 2262 2309 nominibus,
2284 2251 2301 2281 '⁸
2320 2249 2526 2311 terror,’
2550 2256 2605 2298 et
2628 2251 2642 2277 ‘
2662 2262 2764 2298 tne-

1701 2335 1819 2390 tus:
1855 2332 2169 2391 conveniam
2206 2329 2366 2392 magis
2401 2325 2577 2376 tamen
2617 2335 2632 2356 ⁸
2658 2319 2761 2375 moi

1700 2426 1824 2462 uere
1844 2409 1856 2430 ⁹
1879 2408 2122 2461 convenit
2141 2422 2256 2457 cum
2280 2404 2487 2456 nomine
2509 2397 2784 2467 proximo?

1698 2488 1986 2554 prudentia,·
2012 2494 2061 2535 et
2077 2500 2215 2548 saepe
2237 2478 2490 2542 absolute,
2515 2481 2629 2529 sine
2645 2492 2779 2528 casn

1702 2568 1833 2629 ejus,
1874 2567 1957 2628 qui
1991 2570 2248 2624 monetur,
2284 2559 2515 2623 ponitur.
2554 2558 2765 2606 Sallust.

1702 2644 1856 2694 Catil.
1882 2658 1996 2705 cap.
2022 2646 2101 2690 ⁶0.
2136 2641 2150 2666 ‘
2180 2641 2249 2688 Ut
2272 2652 2351 2686 res
2376 2645 2535 2699 atque
2562 2642 2764 2697 tempos

1703 2718 1981 2767 monebat!
2043 2717 2109 2765 Et
2145 2728 2257 2776 cap.
2295 2718 2377 2763 62.
2415 2711 2563 2759 ‘Res
2594 2717 2764 2759 antem

1703 2803 1896 2851 mouet,
1912 2807 2098 2843 cavere
2115 2790 2179 2840 ab
2198 2789 2331 2839 inis!
2356 2788 2504 2838 Idem
2523 2786 2767 2848 Jugortb.

1701 2886 1818 2935 cap.
1842 2876 1924 2920 47.
1953 2872 1968 2898 ‘
1994 2871 2179 2929 Batus,
2211 2867 2262 2915 id
2301 2864 2436 2929 quod
2475 2879 2559 2911 res
2595 2860 2767 2912 trione-

1704 2947 1829 2997 bat.’
1866 2949 1976 2997 Cic.
2003 2948 2065 2994 de
2100 2947 2303 2994 Invent.
2342 2956 2401 2990 tt.
2437 2945 2519 2990 22.
2553 2942 2570 2968 ‘
2594 2940 2776 2989 Pietu

1703 3032 1806 3073 tem
1834 3012 2119 3087 appellant,
2140 3033 2253 3082 quae
2268 3032 2391 3078 erga
2417 3015 2770 3079 pottissimum

1706 3110 1969 3164 parentes,
1994 3107 2082 3147 sut
2103 3097 2227 3144 alios
2246 3093 2496 3155 sauguine
2517 3091 2769 3154 conjunc·

1706 3189 1798 3234 to·,
1824 3177 2046 3226 officium
2071 3186 2376 3224 conservare
2401 3167 2653 3218 monent
2688 3168 2770 3216 In

1704 3214 1886 3304 codice
1937 3250 2316 3313 Salisburgensi
2353 3248 2548 3308 legitur
2584 3245 2639 3295 id
2681 3259 2768 3294 nu·

1705 3347 1847 3381 mero
1884 3328 2237 3379 multitudiuis·
2269 3324 2537 3385 monebunt,
2574 3330 2636 3370 ut
2673 3321 2769 3369 boc

1705 3408 1918 3458 verbum
1944 3408 2097 3456 etiam
2122 3404 2185 3452 sd
2211 3412 2387 3451 cetera
2404 3399 2621 3448 nomina
2643 3411 2771 3461 prn-

1705 3485 1945 3534 cedehtis
1966 3482 2146 3530 referri
2173 3479 2354 3544 possit.
2423 3474 2671 3524 Proclive
2688 3488 2771 3522 su-

1708 3570 1810 3610 tem
1855 3561 1973 3624 fuit,
2020 3558 2258 3607 librarios
2305 3555 2505 3615 literas,
2553 3568 2586 3600 u
2621 3559 2679 3599 et
2721 3564 2769 3604 π.

1706 3636 1937 3700 adeoque
1976 3634 2132 3684 etiam
2176 3631 2354 3686 verbs,
2395 3637 2409 3658 ⁴
2434 3625 2684 3677 monere'
2720 3631 2771 3674 et

1707 3717 1720 3740 ⁸
1749 3710 1992 3771 movere‚'
2027 3712 2164 3758 inter
2185 3722 2241 3756 se
2261 3714 2566 3771 permutare
2588 3720 2603 3764 ;
2627 3703 2771 3766 cujus

1706 3788 2107 3853 permutationis
2147 3786 2296 3847 plura
2335 3780 2579 3842 exempla
2619 3792 2771 3828 anno·

1708 3866 1836 3914 tavit
1879 3864 2020 3912 doct.
2056 3857 2450 3913 Drskenborch.
2489 3854 2556 3908 sd
2591 3856 2686 3905 Sil.
2713 3867 2774 3904 tt.

1706 3947 1819 3992 273.
1857 3942 2007 3997 Idem.

1773 4020 1897 4067 Erat
1924 4021 2082 4066 autem
2113 4012 2300 4063 omnino
2332 4009 2462 4059 nulla
2495 4004 2777 4072 respublica]

1710 4094 1967 4157 Indignor
1999 4090 2131 4146 fere,
2164 4088 2477 4137 sententium
2504 4098 2603 4148 pet·
2623 4097 2679 4132 se
2700 4081 2774 4131 fs-

1708 4172 1858 4219 ciletn
1883 4174 1939 4218 et
1964 4165 2308 4232 perspicuam,
2337 4175 2455 4226 qun
2481 4173 2576 4225 per
2612 4156 2775 4223 mb-
