3060 4902
535 321 710 390 1056

539 489 685 554 probi
705 495 761 537 et
780 486 913 548 frugi
932 484 1375 534 existimarentur.
1422 483 1604 536 Quod-

537 566 580 614 si
606 579 728 613 vero
748 578 885 612 saum
916 561 1040 611 illud
1079 562 1374 622 adsciscas3
1407 562 1605 610 inutilis

534 649 592 690 et
614 654 939 703 supervacua
972 637 1110 687 foret
1149 638 1415 687 restrictio
1441 652 1471 686 a
1496 636 1603 685 Pli-

535 719 622 766 uio
647 716 848 777 addita,
867 717 950 764 sed
972 721 1196 778 tunquam
1217 714 1423 777 libertis,
1446 714 1608 762 habes.

536 794 624 844 Sic
649 807 772 841 vero
796 800 852 841 et
873 792 1015 840 Simo
1036 790 1407 846 Terentianus,
1439 788 1605 838 Andr.

539 875 577 918 i.
603 874 649 919 l.
676 872 755 918 10.
793 867 1237 916 manumissionem
1273 866 1429 914 etiam
1453 872 1607 913 vocat

537 953 552 974 ¹
572 960 824 995 summum
855 944 1080 1008 pretium
1103 942 1116 963 ’
1141 943 1307 992 fidelis
1342 952 1396 990 et
1420 941 1605 990 libera·

541 1023 606 1070 lis
631 1021 828 1070 servitii
857 1038 871 1071 ε
906 1021 1080 1077 ‘Feci,
1105 1035 1170 1069 ex
1198 1034 1348 1069 servo
1373 1026 1429 1068 ut
1462 1034 1605 1068 esses

539 1099 759 1148 libertus
795 1096 951 1157 mihi,
987 1096 1300 1159 Propterea,
1325 1096 1459 1160 quod
1498 1110 1607 1144 ser-

541 1173 721 1224 viebas
747 1173 1032 1223 liberaliter
1054 1189 1069 1234 ς
1105 1172 1258 1224 Quod
1281 1171 1453 1230 babui,
1474 1186 1608 1219 sum·

538 1265 677 1301 mum
698 1251 923 1314 pretium
943 1250 1164 1311 persolvi
1184 1247 1316 1297 tibi.'
1350 1248 1593 1296 Schmun.

607 1325 921 1389 Abundeque]
946 1324 1251 1387 copulaque
1267 1323 1414 1372 abest
1441 1339 1470 1371 a
1494 1336 1610 1372 meo

541 1404 750 1463 codice3
798 1403 954 1451 immo
1000 1403 1050 1451 in
1097 1400 1280 1451 codice
1327 1401 1610 1449 parisiensi

542 1494 721 1529 omnes
740 1481 819 1528 hae
837 1478 1199 1528 desiderantur
1216 1492 1385 1539 voces,
1404 1476 1609 1526 abunde·

542 1571 631 1620 que
654 1559 861 1622 sufficere
878 1555 955 1603 hie
976 1556 1147 1604 credis.
1184 1553 1351 1603 Idem.

611 1634 762 1682 Probi
778 1633 1007 1697 etfrugi]
1032 1634 1164 1684 Quae
1190 1640 1328 1680 notae
1355 1637 1410 1680 et
1431 1630 1612 1680 laudes

544 1711 663 1761 boni
686 1713 928 1761 serviant
952 1711 1148 1759 liberti.
1184 1710 1319 1772 Lips.

609 1789 911 1852 Praecipuum
950 1801 1052 1836 esse
1090 1785 1339 1847 indiciam]
1388 1784 1612 1837 Quando

542 1864 719 1913 liberti
752 1871 996 1912 crescunt
1044 1862 1378 1916 auctoritate,
1413 1863 1612 1922 siguum

543 1946 642 1995 est,
701 1939 836 2001 ipsos
884 1938 1138 1986 dominari
1194 1938 1612 1999 imperatoribus,

543 2014 763 2078 ideoque
787 2013 1053 2076 principes
1078 2012 1250 2075 pusilli
1285 2012 1442 2060 animi
1477 2026 1614 2061 esse.

549 2091 771 2140 Puturol.

613 2170 726 2218 Nou
770 2166 956 2231 mag-ni]
1010 2164 1282 2218 Quomodo
1331 2165 1468 2214 enim
1525 2165 1613 2214 ille

546 2261 780 2310 magnus,
804 2253 895 2295 aut
920 2245 1012 2294 sibi
1039 2243 1224 2304 fideus,
1250 2242 1338 2307 qui
1373 2251 1474 2291 tam
1500 2243 1612 2292 vili·

549 2322 643 2372 bus
663 2337 719 2371 se
739 2322 947 2386 subjicit
972 2322 990 2369 ?
1027 2319 1161 2383 Lips.

615 2399 727 2447 Non
765 2399 952 2463 vreugni]
992 2396 1208 2446 Animus
1251 2396 1366 2445 vilis
1405 2396 1612 2459 vilibus,

547 2489 762 2536 maguus
803 2475 1004 2536 maguis
1049 2472 1378 2522 delectatur:
1418 2474 1433 2499 ‘
1467 2472 1610 2522 Nihil

549 2550 766 2600 arduum
817 2550 1091 2599 videbatur
1148 2550 1199 2598 in
1251 2550 1421 2598 auimo
1467 2551 1610 2612 prin-

547 2627 695 2689 cipis,
730 2625 813 2675 cui
852 2639 952 2674 nou
980 2624 1256 2688 judicium,
1295 2640 1397 2674 non
1435 2626 1609 2675 odium

547 2708 681 2757 erat,
718 2702 816 2750 nisi
856 2701 1022 2751 indita
1056 2710 1111 2752 et
1139 2701 1321 2766 jussu.’
1353 2703 1519 2752 Tacit.
1544 2702 1611 2752 A.

549 2791 655 2827 ιιι.
680 2783 728 2827 8.
765 2780 917 2827 Ber-n.

611 2854 672 2903 In
697 2870 784 2903 usu
808 2852 973 2916 habes]
1013 2854 1183 2903 Rebus
1221 2855 1324 2904 tuis
1361 2862 1451 2906 aut
1492 2872 1611 2920 pro-

548 2932 903 2983 curationibus
930 2930 1170 2994 praeficis.
1204 2933 1339 2995 Lips.

618 3010 867 3060 Neminem
889 3010 942 3058 in
964 3024 1051 3058 usu
1070 3010 1233 3074 habes]
1259 3011 1303 3060 1.
1325 3026 1371 3060 e.
1395 3013 1614 3062 neminis

548 3090 782 3150 servitiu,
807 3095 861 3138 et
886 3089 1187 3150 ministerio,
1225 3097 1316 3138 aut
1338 3098 1613 3139 consuetu·

549 3167 688 3228 diue,
734 3166 915 3227 uteris,
959 3165 1068 3213 sive
1113 3174 1268 3228 prout
1311 3168 1432 3216 satis
1478 3168 1611 3216 bene

551 3244 928 3306 interpretatus
968 3249 1051 3290 est
1089 3242 1312 3304 Lipsius,
1353 3243 1611 3294 neminem

548 3318 704 3367 rebus
724 3319 845 3379 tuis,
879 3326 966 3366 aut
994 3319 1458 3381 procurationibus,
1480 3334 1613 3382 prae-

550 3393 679 3443 ficis.
772 3395 954 3444 Rarior
996 3395 1237 3458 loquendi
1288 3393 1508 3445 formula
1546 3398 1613 3447 de

551 3472 811 3533 personis,
847 3471 912 3519 de
934 3473 1084 3520 rebus
1106 3469 1458 3536 frequentior3
1494 3488 1542 3521 v.
1561 3489 1612 3537 g.

549 3546 762 3595 Sueton.
786 3546 982 3593 Domit.
1000 3561 1116 3609 cap.
1135 3551 1181 3596 l.
1202 3549 1217 3575 ‘
1237 3548 1403 3596 Tanta
1421 3551 1614 3615 iuopia,

551 3630 610 3670 ut
635 3621 830 3670 nullum
857 3635 941 3668 vas
968 3630 1268 3683 argenteum
1299 3624 1351 3672 iu
1393 3640 1486 3674 usu
1524 3627 1614 3675 ba·

549 3696 734 3748 beret.’
782 3697 1003 3757 Noster,
1046 3697 1214 3760 Epist.
1251 3712 1290 3747 ι.
1329 3705 1408 3750 10.
1443 3702 1460 3730 ⁸
1483 3702 1616 3753 Haec

548 3772 887 3841 philosophias
910 3771 1255 3834 pulcherrima
1274 3790 1414 3838 pars,
1431 3810 1444 3824 .
1460 3810 1475 3826 .
1495 3794 1615 3843 quae

552 3852 649 3917 ipsi
688 3851 934 3911 doceant,
968 3847 1020 3896 in
1048 3862 1144 3897 usu
1179 3849 1410 3901 babere.’
1442 3856 1616 3919 Epist.

552 3942 681 3978 vm.
706 3931 754 3976 8.
777 3933 792 3954 ·
811 3933 871 3975 ut
889 3923 1018 3974 velit
1032 3922 1257 3988 discere,
1281 3930 1418 3992 quod
1443 3931 1494 3981 iu
1519 3946 1614 3982 usu

476 4036 479 4041 -
552 4017 652 4054 non
670 4004 739 4052 sit
753 3999 1062 4051 habiturus?
1104 4001 1279 4066 Ipsum
1305 4013 1476 4057 autem
1502 4023 1618 4059 ver·

550 4080 673 4129 bum
693 4082 708 4108 ‘
728 4085 846 4127 utor
859 4075 875 4100 ’
891 4078 1096 4128 omnino
1113 4080 1269 4129 etiam
1286 4082 1349 4131 ad
1368 4098 1616 4146 personas

552 4153 988 4205 accommodatur.
1059 4156 1194 4206 Vide
1218 4160 1437 4211 Excurs.
1463 4176 1527 4212 ιι.
1550 4162 1614 4212 ad

557 4231 819 4296 Panegyr.
842 4243 904 4280 ιι.
920 4237 972 4283 5.
994 4233 1011 4261 ⁸
1031 4233 1335 4302 Dignosque
1358 4251 1451 4288 uos
1475 4238 1615 4290 illius

1240 338 1456 386 NO'I'AE
1506 336 1913 389 vantontm
1964 335 2045 388 m

1681 499 1774 535 usu
1798 484 2114 550 probemus.’
2147 485 2393 537 Schmun.

1749 561 1942 623 Optimo
1996 564 2164 625 cuique
2216 566 2511 631 principem]
2562 567 2745 617 Codex

1681 635 1986 694 Pataviuus,
2022 646 2077 688 et
2112 639 2165 687 in
2199 640 2464 704 impressis
2501 643 2748 693 Puteola·

1679 727 1794 772 nus,
1841 712 2022 774 Aldus,
2064 715 2412 782 Pbilomnsns,
2467 718 2750 782 Gruterus,

1682 789 1931 853 Bauuius,
1954 798 2010 841 et
2033 791 2268 852 Paterni,
2293 808 2386 857 pro
2411 796 2585 858 cuique
2605 797 2750 845 exbi-

1684 866 1810 917 bent
1860 869 2096 932 cuiqnam.
2164 870 2420 936 Equidem
2473 874 2574 922 ista
2633 887 2751 936 pro·

1681 945 1908 1002 nomina,
1941 947 2138 1010 quisque
2162 954 2218 997 et
2249 948 2508 1011 quiquam,
2532 958 2753 1013 propter

1682 1021 1940 1070 scribendi
1964 1024 2274 1088 compendia
2296 1027 2452 1073 etiam
2477 1027 2604 1075 alibi
2629 1041 2754 1076 con·

1681 1095 1827 1146 fundi
1846 1099 2013 1149 solere
2029 1109 2267 1163 constat3
2284 1102 2446 1151 satius
2463 1112 2635 1152 tamen
2655 1110 2734 1151 est
2740 1137 2757 1161 ‚

1685 1175 1766 1223 bic
1790 1176 2127 1237 plurimorum
2145 1177 2390 1227 librorum
2409 1177 2563 1227 ma‘nu
2589 1181 2755 1243 typis·

1684 1266 1783 1316 que
1825 1256 2207 1317 exscriptorum
2249 1257 2529 1305 lectionem
2583 1259 2755 1321 sequi,

1684 1341 1834 1392 quam
1852 1337 1904 1377 et
1918 1328 2228 1380 Arntzenius
2242 1338 2438 1388 tuetur.
2451 1336 2595 1381 ‘eum
2609 1334 2755 1381 addi·

1686 1411 1771 1452 tus
1792 1406 2138 1468 superlativus
2161 1407 2312 1456 istam
2328 1412 2567 1457 voculam
2584 1410 2756 1473 requi·

1685 1477 1807 1531 rat.'
1871 1482 2084 1532 Deinde
2119 1484 2334 1534 alterius
2367 1486 2488 1534 libri
2520 1486 2757 1535 Gudiani

1686 1559 2005 1608 anctoritate
2021 1559 2178 1609 etiam
2191 1572 2371 1610 vocem
2384 1562 2678 1627 principum,
2688 1578 2754 1612 ex

1684 1634 1782 1685 boc
1803 1636 1920 1684 loco
1941 1636 2327 1700 eliminandam,
2346 1647 2438 1687 aut
2461 1649 2612 1690 certe
2633 1649 2758 1690 nota

1686 1711 2012 1774 signandam,
2034 1715 2232 1762 censui.
2299 1715 2445 1767 Quot
2468 1718 2609 1764 enim
2634 1726 2756 1767 ante

1684 1789 1965 1851 Trajanum
1986 1798 2040 1838 et
2060 1791 2289 1840 Nervam
2313 1798 2465 1841 erant
2490 1794 2755 1858 principes

1687 1867 1890 1929 optimi,
1910 1869 2115 1931 quibus,
2137 1869 2223 1931 qui
2256 1875 2381 1918 tunc
2404 1871 2652 1921 vivebant
2677 1886 2758 1920 re·

1686 1956 1799 1990 rum
1834 1943 2194 2007 principalium
2227 1945 2539 2003 administri,
2570 1956 2760 2011 potue·

1690 2020 1794 2068 rint
1832 2018 2072 2083 probari?
2139 2019 2237 2083 Ac,
2270 2020 2314 2070 si
2353 2022 2592 2072 nomines
2626 2023 2757 2072 Ves-

1690 2096 1957 2159 pasianum
2011 2103 2068 2147 et
2116 2098 2310 2156 Titum,
2352 2100 2522 2149 miuus
2578 2109 2761 2151 tamen

1690 2174 1958 2223 commode
1982 2175 2186 2224 Plinius
2209 2189 2298 2224 eos
2320 2175 2418 2225 boc
2452 2177 2505 2225 iu
2541 2178 2681 2240 loeo,
2706 2178 2761 2227 in

1687 2264 1789 2315 quo
1823 2252 1917 2299 soli
1956 2252 2177 2315 principi
2207 2249 2432 2316 Trajano
2469 2268 2759 2318 cognomen

1687 2327 1702 2353 ‘
1747 2328 1931 2390 optimi
1957 2327 1970 2348 '
2016 2328 2331 2394 vindicabat,
2376 2330 2507 2380 alios
2548 2347 2760 2397 quoque

1688 2405 1954 2469 principes
1980 2406 2353 2458 antecedentes
2374 2408 2391 2436 ‘
2406 2409 2731 2472 optimorum
2745 2409 2763 2434 ⁹

1690 2481 1858 2544 elogio
1880 2490 2205 2532 mactaturus
2228 2483 2521 2534 videbatur.
2557 2486 2762 2537 Adhaee

1689 2558 1813 2606 satis
1837 2558 1900 2606 ad
1927 2558 2132 2608 laudem
2168 2560 2470 2611 libertorum
2494 2564 2763 2613 ministro·

1691 2648 1908 2699 rumque
1933 2635 2134 2684 illorum
2160 2643 2293 2693 erat,
2324 2638 2368 2687 si
2397 2648 2484 2687 ant
2507 2639 2760 2705 Trajano,

1694 2718 1784 2759 aut
1822 2711 2035 2767 Nervae.
2070 2720 2160 2761 aut
2194 2714 2379 2778 cuique
2416 2717 2640 2778 optimo,
2669 2732 2761 2767 cu-

1685 2788 1981 2852 juscunque
2024 2787 2251 2839 fortunas
2287 2791 2501 2856 bomini,
2544 2794 2760 2855 probati

1693 2873 1883 2915 essent.
1951 2866 2121 2917 Quam
2145 2867 2562 2919 observationem
2588 2885 2761 2922 meam

1693 2950 1904 2990 secutus
1948 2942 2214 2993 Gesnerus
2260 2960 2440 2996 vocem
2483 2948 2762 3012 principa:-

1695 3017 1744 3065 iu
1768 3032 1860 3066 sua
1882 3016 2064 3068 ἐκδόσει
2089 3021 2291 3084 omisit3
2324 3037 2479 3087 quam
2515 3033 2572 3074 et
2602 3038 2761 3076 nemo

1693 3092 1843 3143 facile
1868 3096 1941 3145 ibi
1966 3096 2298 3149 desiderabit.
2340 3099 2471 3149 Cum
2497 3116 2625 3151 vero
2644 3116 2760 3152 eam

1693 3172 1744 3220 in
1781 3173 1920 3223 nullo
1958 3175 2059 3223 alio
2092 3175 2225 3225 libro
2258 3178 2499 3226 omissam
2525 3178 2764 3228 animad-

1695 3251 1958 3312 verterim,
1975 3250 2310 3317 incertusque
2324 3252 2436 3310 sim,
2451 3260 2628 3302 utrum
2646 3255 2762 3305 Gu-

1695 3323 1810 3373 dius
1842 3340 1955 3374 earn
1988 3340 2055 3375 ex
2085 3327 2272 3377 indicio
2306 3329 2525 3392 alicujus
2558 3330 2763 3381 codicis

1695 3402 1802 3451 Ms.
1839 3417 1904 3452 an
1940 3417 2008 3452 ex
2039 3405 2340 3468 conjectura
2363 3418 2453 3453 sua
2478 3406 2762 3469 rejecerit;

1695 3478 1914 3528 eandem
1939 3481 2123 3530 saltem
2157 3481 2357 3530 uncinis
2393 3481 2645 3531 inclusam
2671 3485 2765 3533 ali-

1695 3569 1839 3603 orum
1879 3555 2098 3618 judicio,
2147 3559 2228 3605 vel
2280 3558 2631 3622 retinendam,
2680 3561 2766 3609 vei

1696 3632 2159 3695 exterminandam,
2180 3635 2440 3697 permitto.
2473 3635 2631 3685 Idem.

1764 3710 1959 3772 Optimo
2013 3710 2203 3775 cuique]
2272 3713 2468 3774 Optimo
2522 3713 2767 3777 cuiq-ass.

1697 3785 1878 3849 Forte,
1911 3787 2095 3850 cuique.
2131 3788 2296 3837 Livio.
2321 3789 2559 3851 Optime.
2597 3791 2731 3840 Rite.

1768 3862 1960 3926 Optimo
1996 3864 2161 3928 cuique
2197 3864 2466 3929 principum
2502 3868 2766 3918 delectent

1695 3939 1868 3988 deiude
1886 3940 2052 3990 statius
2073 3942 2158 3990 laos
2178 3942 2303 4006 ipsos
2322 3942 2536 4006 quotidie
2556 3945 2629 3992 ita
2650 3947 2765 4005 for-⁶

1694 4016 1819 4080 mas]
1851 4016 2169 4066 Hariolabar
2207 4019 2326 4068 olim
2364 4020 2593 4069 dilecta-s
2627 4024 2768 4072 ests·-

1694 4098 1979 4155 matumque.
2046 4093 2155 4143 Hos
2184 4095 2312 4157 ipsos
2339 4095 2554 4158 qnotidie
2573 4098 2770 4158 deinde,

1691 4168 1775 4229 &c-
1808 4168 1963 4221 Grut.

1759 4245 1950 4297 Deinde
1983 4248 2167 4305 stetim,
2203 4247 2311 4313 qm]
2354 4249 2528 4316 Vulgo
2565 4260 2674 4306 tam
2710 4255 2765 4305 in
