3060 4902
476 404 607 472 460

477 571 676 632 praeter
694 564 882 616 Jovem
903 562 1046 613 illum
1063 561 1433 634 Capitolinum,
1451 561 1542 610 ali-

478 657 565 692 um
586 643 636 691 in
654 640 836 690 eodem
856 639 1049 702 templo
1069 639 1307 702 religiose
1323 639 1539 693 cultum,

480 719 784 781 cognomine
807 717 822 744 ‘
845 714 1222 780 Imperatoris.'
1272 716 1426 765 Dicat
1446 717 1543 763 lioc

480 795 659 844 Livius
685 796 719 842 l.
744 807 822 844 vr.
847 800 861 821 ‘
878 791 1222 854 'l'riumpbans
1238 793 1319 854 (T.
1343 792 1540 841 Quinc·

481 869 612 934 tius)
656 870 876 932 siguum,
919 869 1194 917 Praeneste
1244 867 1543 930 devectum,

481 946 634 998 Jovis
672 946 1031 1008 Imperatoris,
1056 945 1105 992 in
1130 945 1430 1007 capitolium
1462 950 1543 992 tu·

480 1024 560 1073 lit.
627 1023 936 1072 Dedicatum
969 1029 1048 1071 est
1082 1022 1218 1070 inter
1244 1021 1427 1069 cellam
1451 1019 1544 1071 Jo-

482 1100 645 1150 visae
669 1098 967 1148 Minervae!
1037 1100 1136 1158 En,
1178 1098 1346 1145 locum
1386 1097 1543 1145 etiam

483 1177 686 1238 signate
709 1177 886 1237 babes,
924 1174 1011 1223 ubi
1050 1172 1178 1222 fuit!
1245 1174 1330 1222 De
1363 1172 1544 1221 eodem

484 1252 670 1302 Cicero
695 1253 747 1301 in
782 1253 1030 1300 Verrem:
1067 1252 1081 1277 ‘
1099 1251 1223 1298 Tria
1246 1249 1548 1298 ferebantur

479 1328 533 1377 in
554 1329 678 1377 orbe
704 1336 957 1377 terrarum
983 1327 1128 1389 signa
1149 1326 1298 1378 Jovis
1329 1328 1548 1389 impera·

482 1405 643 1454 toris:
665 1419 818 1453 unum
838 1404 962 1452 illud
982 1403 1393 1458 Macedonicum,
1410 1400 1548 1465 quod

482 1481 538 1530 in
557 1482 805 1544 capitolio
824 1480 1055 1529 videmus
1074 1496 1090 1540 ς
1110 1479 1326 1528 alterum
1345 1480 1393 1526 in
1410 1479 1548 1526 Pon-

486 1557 526 1606 ti
550 1571 640 1606 ore
663 1565 720 1606 et
741 1556 1029 1620 augustiis3
1052 1557 1282 1617 tertium,
1300 1554 1436 1618 quod
1455 1554 1550 1616 Sy-

484 1635 680 1685 racusis
705 1643 824 1683 ante
856 1635 1073 1684 Verrem
1110 1642 1389 1696 praetorem
1430 1629 1552 1679 fuit.

486 1713 624 1763 Illud
650 1713 724 1762 ita
748 1711 1070 1761 Flamininus
1094 1725 1159 1760 ex
1180 1709 1293 1759 aede
1325 1724 1417 1758 sua
1438 1723 1550 1757 sus-

488 1789 626 1848 tulit,
651 1796 708 1837 ut
733 1789 782 1836 in
803 1788 1074 1853 capitolio,
1103 1787 1202 1836 lroc
1225 1794 1324 1848 est,
1362 1793 1550 1835 terres-

485 1866 555 1916 tri
601 1864 861 1913 domicilio
897 1863 1046 1915 Jovis
1091 1860 1350 1926 poneret.’
1441 1861 1550 1911 Ubi

486 1948 662 1990 tamen
687 1939 993 2001 dissensum,
1016 1941 1069 1988 in
1089 1945 1321 1993 auctore,
1348 1953 1378 1986 a
1401 1937 1551 1989 Livio

486 2027 673 2077 notes3
731 2030 846 2065 nam
892 2016 1078 2065 Cicero
1134 2015 1198 2063 T.
1247 2014 1551 2065 Quinctium

488 2092 835 2142 Flamininum
906 2106 935 2141 e
1004 2091 1320 2140 Macedonia
1373 2091 1553 2140 tulisse

488 2170 637 2230 vult3
665 2169 835 2218 Livius
858 2168 921 2217 Τ.
946 2168 1249 2219 Quinctium
1275 2167 1553 2217 Cincinna-

489 2253 599 2295 tum
625 2245 913 2295 Praeneste.
966 2244 1098 2293 Uter
1120 2243 1327 2293 verior?
1357 2244 1553 2293 nescio.

490 2323 883 2374 Dubitationem
919 2320 1098 2384 fuisse,
1135 2335 1199 2369 ex
1224 2334 1288 2369 eo
1311 2319 1554 2377 arbitror,

488 2399 627 2465 quod
651 2400 712 2447 Τ.
738 2398 970 2450 Quinctii
1009 2397 1214 2447 nomine
1245 2396 1553 2462 inscriptum

485 2477 687 2541 signnm
712 2476 873 2526 fuerit
889 2483 942 2525 et
959 2475 1277 2532 dedicatum,
1295 2475 1429 2524 haiid
1453 2475 1557 2526 alio

488 2554 823 2617 cognomine:
858 2560 1017 2615 atque
1043 2554 1117 2601 ita
1136 2553 1265 2601 alius
1290 2554 1387 2601 alio
1414 2559 1554 2601 trax-

488 2630 552 2679 it.
620 2628 722 2677 Sed
771 2642 864 2691 pro
905 2627 1053 2676 Livio
1087 2629 1149 2676 P.
1170 2628 1327 2676 etiam
1363 2628 1555 2678 Victor

490 2712 589 2766 est,
624 2705 675 2753 iu
710 2703 1069 2766 descriptione
1104 2703 1268 2765 urbis,
1290 2703 1378 2769 qui
1416 2704 1554 2768 regi·

490 2795 590 2832 one
625 2794 754 2830 vm.
790 2780 1022 2844 capitolii
1064 2781 1208 2842 ponit
1239 2796 1252 2829 ε
1299 2786 1314 2808 ⁸
1337 2781 1553 2844 Signum

490 2857 639 2909 Jovis
674 2858 1018 2921 Imperatoris
1054 2858 1333 2907 Praeneste
1368 2858 1553 2907 devec-

491 2933 638 2984 tum.'
707 2935 881 2999 Atque
921 2934 1064 2983 illinc
1109 2934 1272 2991 disce,
1318 2945 1436 2997 post
1474 2942 1555 2984 tot

487 3012 750 3067 incendia.
807 3013 963 3060 etiam
1003 3010 1139 3060 infra
1189 3011 1345 3061 Plinii
1387 3026 1552 3061 oevum

490 3088 647 3151 longe
693 3090 958 3137 mansisse.
1051 3089 1186 3138 Haec
1226 3087 1443 3137 historin
1478 3088 1554 3137 sic

491 3165 684 3228 posita,
724 3178 832 3213 rem
864 3164 1052 3226 aperit.
1121 3164 1362 3226 Ingressa
1403 3164 1555 3213 turba

491 3243 509 3270 ‘
527 3241 684 3290 Salve
710 3241 1002 3304 Imperator
1019 3240 1052 3289 Γ
1071 3241 1351 3291 clamavit:
1377 3241 1467 3289 sed
1486 3241 1552 3291 ad

492 3315 750 3367 ‘Jovem.'
813 3318 949 3369 Quia
987 3325 1161 3366 tamen
1200 3317 1313 3380 ipso
1358 3329 1555 3381 puncto

491 3393 751 3456 ingressus
797 3393 1074 3457 Trajanus,
1108 3407 1254 3441 omen
1297 3394 1359 3444 ad
1408 3396 1552 3445 illum

491 3470 626 3519 haud
654 3484 782 3520 vane
810 3477 1051 3519 tractum.
1084 3469 1217 3533 Lips.

562 3546 856 3609 Recusabas]
890 3553 904 3574 ‘
923 3546 1041 3595 Hoc
1060 3555 1136 3595 est
1161 3560 1394 3609 reguum,
1419 3549 1554 3598 nolle

494 3638 734 3686 regnare,
758 3637 872 3671 cum
898 3622 1103 3686 possis,’
1136 3624 1341 3672 Seneca
1380 3626 1440 3674 B.
1465 3640 1555 3675 ιιι.

493 3705 577 3750 38.
602 3704 649 3748 3.
683 3701 698 3725 ‘
719 3699 893 3762 Majus
919 3707 1016 3759 est,
1053 3714 1266 3762 reguum
1296 3699 1556 3768 fastidire,

495 3792 647 3843 quam
671 3774 950 3838 accipere,’
986 3776 1128 3824 Curt.
1152 3775 1244 3823 lib.
1266 3789 1341 3824 tv.
1368 3778 1519 3826 Ber-n.

560 3854 697 3903 Bene
751 3858 856 3901 erat
906 3851 1208 3914 imperaturi]
1256 3852 1557 3915 Imperaturo

496 3929 640 3993 Lips.
712 3929 845 3978 Nam
867 3926 908 3976 si
932 3927 1244 3989 agnovisses,
1270 3944 1300 3977 a
1334 3936 1557 3992 tyranno

492 4004 731 4070 principe
754 4003 1048 4058 discrimen.
1064 4011 1153 4052 aut
1169 4018 1324 4065 mors,
1343 4005 1439 4054 tibi
1464 4006 1557 4054 im·

494 4083 746 4132 minebat.
782 4080 925 4128 Bene
946 4078 1105 4142 igitur
1126 4087 1240 4127 erat
1263 4078 1440 4130 futuro
1465 4081 1558 4131 im-

486 4157 740 4223 peratori.
809 4155 910 4205 Sed
950 4154 1067 4205 libri
1103 4155 1208 4216 alii,
1245 4158 1560 4219 imperaturi.-

492 4234 632 4300 rqnod
659 4234 937 4298 sequentia
962 4233 1121 4296 magis
1143 4236 1466 4297 approbant;
1501 4241 1559 4286 et

494 4317 576 4363 cst
613 4323 812 4373 sensus,
849 4309 1113 4359 Recusare
1137 4308 1428 4374 imperinm,
1452 4312 1558 4378 sig·

1167 418 1388 468 NOTAE
1438 414 1849 466 VARIORUM
1901 416 1982 464 ΙΝ

1616 573 1737 609 num
1762 565 1898 620 erat,
1915 559 2050 625 quod
2076 559 2209 610 bene
2232 558 2583 623 imperaturus
2607 572 2688 608 es·

1616 650 1715 685 ses.
1802 638 1934 686 Nam
1979 639 2066 700 qui
2110 637 2390 686 ambitione
2437 634 2690 686 affectant

1617 712 1854 768 bonores,
1877 728 1992 762 raro
2019 716 2214 763 virtute
2238 722 2457 776 gerunt:
2493 714 2580 778 qui
2608 728 2688 762 re-

1618 795 1804 837 cusant
1846 797 1899 837 et
1949 789 2198 852 abnuunt,
2231 791 2267 838 ii
2307 791 2489 852 magis.
2555 789 2688 839 Inde

1618 865 1945 927 imperatoris
1971 868 2058 915 illa
2079 882 2196 930 vox,
2219 869 2442 916 ‘invitos
2465 868 2527 916 ad
2555 883 2686 917 rem·

1621 941 1875 1004 publicam
1902 943 2291 992 admovendos.’
2324 944 2461 1007 Lips.

1691 1017 1827 1072 Quod
1853 1018 1964 1066 bene
1985 1025 2089 1068 erat
2112 1018 2417 1082 imperaturi]
2453 1020 2485 1067 i.
2505 1033 2553 1068 e.
2570 1019 2692 1081 quod

1619 1098 1726 1142 erat
1750 1094 1994 1142 iudicium
2023 1095 2270 1159 principis
2297 1096 2412 1143 bene
2437 1095 2692 1157 imperatu-

1621 1171 1685 1216 ri.
1755 1170 1934 1217 Codex
1957 1170 2060 1219 Ms.
2086 1171 2581 1234 Guelpherbytanus
2606 1170 2692 1219 ha·

1626 1246 1717 1309 bet
1750 1247 2061 1307 imperatori5
2099 1248 2236 1311 quod
2272 1261 2456 1295 nomeu
2489 1254 2542 1295 et
2565 1247 2692 1297 Sca·

1625 1321 1774 1383 liger,
1798 1330 1851 1369 et
1875 1322 1928 1370 in
1953 1331 2175 1387 utroque
2211 1323 2343 1371 libro
2369 1322 2570 1372 Gudius
2605 1337 2692 1372 an-

1626 1405 1891 1446 notarunt.
1957 1398 2061 1448 Sed
2089 1400 2137 1448 id
2181 1400 2344 1448 minus
2367 1400 2690 1449 commodum

1625 1477 1744 1525 huic
1772 1478 1888 1527 loco
1911 1486 2006 1527 est.
2076 1481 2193 1529 Nec
2217 1480 2494 1543 probamus
2517 1494 2690 1530 casum

1628 1554 1786 1602 dandi
1833 1556 2139 1620 imperaturo,
2187 1572 2338 1621 quem
2381 1557 2693 1619 Beroaldus,

1628 1631 1930 1692 Catanaeus,
1968 1632 2149 1690 Aldus,
2181 1632 2366 1688 Junta,
2402 1633 2692 1698 Gryphius,

1629 1706 1925 1769 Rhenanus,
1965 1709 2307 1774 Pllilnmnsus,
2348 1710 2695 1772 Boxhornius,

1628 1783 1924 1847 prodidere.
1979 1786 2049 1833 l).
2066 1788 2137 1835 D.
2159 1786 2498 1836 Heumannus
2522 1800 2551 1836 e
2570 1801 2693 1836 con-

1615 1859 1828 1921 jectura
1874 1860 2146 1922 legendnm
2190 1869 2372 1910 censet
2415 1864 2535 1924 quod
2580 1863 2694 1912 bene

1627 1949 1732 1984 cras
1754 1934 2085 1997 imperaturus.
2157 1936 2426 1987 Audacter
2457 1940 2594 1989 hunc
2618 1941 2693 1990 lo-

1629 2025 1747 2060 cum
1773 2013 1848 2060 sic
1875 2011 2083 2075 refingit
2121 2013 2421 2078 Clu-iatoph.
2460 2015 2692 2073 Bebrins,

1628 2092 1751 2154 qaod
1772 2090 1887 2140 bene
1906 2097 2062 2141 tamen
2084 2107 2192 2142 eras
2211 2095 2535 2157 proestituras.
2569 2095 2694 2145 Pla·

1628 2166 1834 2216 nissima
1855 2167 2010 2217 lectio
2035 2175 2132 2232 est,
2147 2184 2296 2232 quam
2318 2170 2518 2220 edimus
2539 2187 2555 2234 ς
2578 2187 2692 2237 qnoe

1631 2250 1783 2292 extat
1817 2245 1867 2293 in
1908 2245 2074 2294 tribus
2098 2246 2364 2296 codicibus
2387 2248 2520 2298 Mss.
2544 2249 2695 2299 Pari·

1629 2319 1807 2383 aiensi,
1831 2320 2055 2378 Veneto,
2090 2330 2146 2371 et
2169 2330 2380 2384 nostro;
2418 2339 2570 2390 quam
2598 2325 2695 2374 eti·

1631 2409 1713 2444 am
1735 2397 2065 2461 approbavit,
2089 2398 2212 2447 licet
2233 2400 2459 2449 nondum
2485 2414 2697 2466 recepe-

1632 2475 1701 2525 rit
1727 2475 1949 2540 Lipsius.
1997 2476 2227 2525 Edidere
2250 2491 2374 2527 vero
2388 2478 2695 2541 jamdudum

1632 2552 2000 2616 Cuspinianus,
2053 2553 2353 2611 Sichardus,
2413 2555 2693 2618 Livineius,

1631 2629 1913 2691 Gruterus,
1931 2629 2271 2692 Parisienm,
2291 2632 2695 2693 cellariusss'lio-

1629 2720 1734 2754 mas
1754 2706 2291 2767 Hearne,Patarol.et
2310 2721 2476 2769 nuper
2493 2707 2696 2758 cl.Ges·

1626 2796 1803 2830 ner-us.
1838 2783 1936 2831 Cui
1969 2798 2092 2831 vero
2116 2797 2214 2831 non
2240 2792 2366 2832 nota
2390 2793 2470 2832 est
2491 2785 2592 2832 ista
2615 2785 2697 2832 ἐλ·

1626 2857 1847 2916 ntur-nah
1863 2860 2105 2922 loquendi
2128 2860 2300 2909 ratio?
2319 2862 2466 2911 Bene
2483 2861 2698 2911 Cellari·

1631 2950 1708 2997 us,
1749 2935 2032 2998 ‘Intellige
2065 2936 2342 2999 ‘signum,’
2378 2937 2699 2995 ‘indicium’

1630 3019 1645 3040 ‘
1661 3011 1963 3075 negotium.’
1984 3011 1998 3033 ⁹
2029 3013 2115 3062 Sic
2132 3013 2358 3075 loquitur
2375 3014 2509 3063 idem
2532 3015 2697 3064 Plini-

1630 3101 1690 3135 us
1708 3088 1807 3150 Ep.
1832 3101 1909 3137 tv.
1928 3092 1977 3137 9.
1993 3088 2008 3115 ‘
2030 3088 2160 3136 Rem
2180 3087 2506 3139 manifestam
2532 3089 2700 3140 infici·

1631 3164 1727 3225 ari,
1757 3165 1998 3227 augentis
2020 3173 2137 3214 erat
2170 3166 2390 3227 crimen,
2424 3182 2525 3217 non
2559 3168 2698 3218 dilu-

1631 3240 1805 3290 entis-³
1875 3241 1938 3291 In
1978 3249 2151 3291 nostro
2194 3257 2319 3292 vero
2359 3244 2472 3293 loco
2511 3260 2696 3309 prono·

1630 3330 1747 3365 men
1792 3319 1913 3380 quod
1961 3317 2185 3367 refertur
2221 3318 2285 3368 ad
2334 3321 2699 3371 antecedentia

1631 3392 1810 3454 verba,
1832 3393 2081 3443 recusabas
2103 3394 2369 3457 imperare,-
2391 3397 2522 3444 haud
2548 3411 2699 3447 secus

1632 3484 1693 3519 ac
1719 3470 1879 3533 Syrus
1901 3472 2109 3520 Ῥειτοί.
2131 3471 2322 3522 fleant.
2344 3487 2407 3522 ιι.
2424 3478 2472 3522 8.
2495 3478 2605 3524 12³.
2627 3474 2696 3525 lo·

1633 3546 1842 3611 quitur:
1879 3546 1979 3596 ‘In
2020 3556 2254 3611 tempore
2298 3548 2362 3597 ad
2404 3564 2518 3599 eam
2558 3552 2701 3613 veui,

1632 3623 1769 3688 quod
1827 3638 1998 3673 rerum
2034 3625 2259 3673 omnium
2318 3634 2396 3674 est
2443 3626 2705 3689 primum.’

1635 3700 1831 3750 Nescio
1871 3701 2049 3763 igitur,
2080 3714 2171 3748 cur
2205 3701 2501 3757 lectionem,
2528 3711 2604 3754 tot
2638 3704 2698 3753 li-

1633 3776 1844 3827 brorum
1901 3776 2163 3840 suffragiis
2218 3777 2594 3835 confirmatam,
2643 3786 2701 3830 et

1630 3869 1782 3904 sensu
1801 3855 2028 3918 planam,
2044 3867 2103 3902 ac
2118 3852 2290 3903 Plinio
2304 3862 2700 3920 congruentem,

1628 3947 1734 3983 non
1778 3932 2078 3987 admittere,
2121 3939 2213 3982 aut
2248 3931 2300 3982 in
2341 3948 2404 3982 ea
2441 3932 2697 3998 retingen-

1631 4008 1701 4058 da
1748 4009 1957 4073 ingenio
1998 4015 2055 4059 et
2097 4007 2207 4057 otio
2251 4009 2426 4074 abuti,
2464 4012 2698 4064 velimus.

1631 4086 1879 4136 Senem.
2685 4110 2694 4119 ·

1699 4163 1965 4213 Nutations
1984 4159 2282 4225 reipublice]
2318 4161 2590 4215 Mutatio-e
2604 4165 2699 4215 rei.

1627 4238 1832 4302 prrbls'coe
1855 4239 2025 4290 Lirin.
2049 4239 2140 4290 sed
2176 4237 2423 4289 nuatione
2456 4241 2523 4291 V.
2544 4240 2604 4290 C·
2627 4240 2698 4293 G.

1631 4316 1800 4367 Livia.
