3060 4902
530 364 661 434 728

527 529 641 575 343.
675 527 691 553 ⁸
708 525 777 574 Et
800 522 848 574 vi
875 521 1194 587 perfringere
1220 521 1433 586 portas.’
1486 521 1592 570 Ta·

527 603 619 654 cit.
647 601 785 650 Hinc.
811 613 888 649 ιν.
910 604 955 648 1.
991 602 1006 627 ‘
1027 599 1166 648 Nihil
1184 613 1396 663 nsquam
1420 611 1592 647 secre-

530 685 639 727 tum
677 682 764 725 sut
806 674 1034 725 clausum
1069 675 1327 737 sinebam,
1361 674 1593 724 Vitellia-

525 767 621 803 nos
647 751 902 801 occultari
927 752 1249 800 simulantes.
1300 751 1513 800 Initium
1541 748 1592 797 id

527 826 1009 891 perfringendarum
1028 826 1306 874 domuum!
1337 827 1490 874 Poena
1504 840 1593 874 au-

528 911 654 962 tem,
679 903 815 968 quod
850 903 933 952 hic
970 911 1114 953 recte
1141 903 1438 951 observavit
1462 901 1595 950 Ges·

527 997 705 1044 uerus,
727 989 809 1031 est
839 996 1081 1046 persona,
1113 982 1220 1030 sive
1253 981 1365 1029 Dea
1400 980 1594 1029 vindic·

529 1069 616 1115 ιε.
650 1073 712 1108 sc
750 1073 940 1122 parens
964 1059 1258 1108 Furiarum.
1310 1057 1426 1104 val.
1450 1056 1593 1104 Flac.

526 1150 570 1186 ι.
606 1141 722 1185 796.
777 1142 791 1164 ⁴
816 1136 1154 1199 Ultricesque
1194 1134 1344 1195 Deae,
1386 1132 1501 1187 Fas.
1540 1138 1595 1182 et

528 1212 806 1273 grandaeva
858 1212 1107 1260 Furorum
1164 1210 1328 1258 Poens
1385 1222 1595 1272 parens,

528 1287 726 1336 meritis
764 1287 870 1350 regi
905 1285 1172 1336 succedite
1207 1285 1384 1340 tectis,
1411 1285 1480 1332 Et
1501 1298 1594 1332 sae·

531 1379 621 1413 vas
646 1363 836 1414 inferte
861 1363 1000 1413 faces
1017 1363 1050 1412 Γ
1085 1364 1271 1426 Virgil-
1296 1363 1500 1424 Culice,
1524 1377 1599 1411 vs.

528 1443 644 1489 217.
687 1441 703 1468 ⁴
724 1440 898 1490 Obvia
930 1440 1231 1503 Tisiphone,
1267 1439 1595 1502 serpentibus

530 1517 758 1581 undique
784 1526 973 1578 comta,
997 1518 1066 1566 Et
1089 1515 1340 1571 flammas,
1372 1525 1425 1565 et
1458 1529 1596 1564 saeva

532 1594 702 1657 quatit
726 1593 847 1642 mihi
874 1593 1091 1642 verbera
1110 1593 1310 1643 Poena.’
1344 1594 1499 1654 Saepe
1521 1600 1596 1642 ta·

529 1684 649 1718 men
687 1671 703 1698 ⁸
725 1672 900 1719 Poeuae
918 1668 932 1689 '
962 1670 1118 1717 etiam
1145 1670 1194 1716 in
1220 1682 1432 1716 numero
1466 1668 1597 1716 mul·

534 1746 769 1794 titudinis
813 1745 1079 1805 dicuntur,
1125 1745 1200 1793 uti
1246 1747 1261 1772 ‘
1289 1742 1596 1805 Erinnyes.'

529 1820 621 1868 Sil.
648 1821 767 1868 Ital.
797 1833 861 1868 n.
894 1826 1010 1870 551.
1044 1821 1059 1848 ⁴
1083 1820 1257 1883 Atque
1293 1835 1470 1868 ornnes
1509 1820 1597 1868 ad·

530 1902 651 1943 sunt
686 1896 885 1951 Poenae,
922 1894 1191 1958 formaque
1227 1893 1434 1943 trifauci
1469 1894 1598 1944 Per-

533 1979 683 2019 sonat
710 1971 955 2019 insomnis
980 1970 1268 2019 lacrimosae
1284 1970 1487 2033 janitor
1511 1985 1602 2019 au-

536 2048 639 2097 lae:
681 2047 926 2096 Schwnrz.

599 2124 960 2187 Angustosque]
984 2123 1208 2173 AEdificii
1233 2125 1433 2174 ratione
1454 2126 1604 2187 tales,

536 2214 599 2248 sn
625 2200 896 2249 custodum
922 2198 1249 2263 frequentia?
1290 2202 1429 2263 Lips.

603 2278 871 2326 Invitanlia
891 2278 1082 2344 limina]
1104 2279 1236 2327 Sunt
1255 2279 1493 2327 nimirum
1517 2281 1599 2330 vel

535 2364 733 2418 apertae
759 2362 816 2404 et
840 2362 1099 2419 patentes,
1135 2356 1216 2404 vel
1254 2357 1603 2419 semiapertae,

534 2428 694 2492 fores,
737 2446 852 2495 quae
902 2431 1049 2495 quasi
1096 2433 1433 2484 invitamento
1480 2440 1603 2484 sunt

535 2508 737 2569 aliiS,et
758 2509 1079 2557 occasionem
1105 2509 1231 2558 dant
1250 2509 1314 2557 ad
1343 2509 1606 2559 introe’un·

536 2584 678 2633 dum.
740 2585 940 2633 Plinius
972 2585 1140 2648 Epist.
1166 2599 1218 2634 v.
1244 2590 1294 2634 6.
1333 2588 1347 2612 ‘
1366 2586 1499 2634 Villa
1523 2617 1538 2634 .
1560 2618 1605 2638 ..

537 2660 776 2707 :estivam
814 2660 971 2707 solem
1009 2658 1073 2707 ab
1112 2660 1236 2708 hora
1272 2669 1420 2709 sexta
1454 2662 1605 2725 quasi

539 2733 725 2781 invitat
773 2734 823 2782 in
877 2734 1167 2797 porticum-³
1234 2736 1382 2785 Idem
1431 2738 1605 2801 Epist.

541 2823 666 2859 νιιι.
710 2814 788 2858 17.
840 2810 1014 2859 ‘Anio
1059 2811 1454 2861 delicatissimus
1501 2828 1608 2861 aru·

538 2885 700 2947 nium,
721 2885 943 2950 ideoque
963 2887 1319 2951 adjacentibus
1347 2889 1477 2937 villis
1500 2891 1606 2939 vel·

539 2969 596 3009 ut
647 2961 894 3012 invitatus
948 2963 1318 3028 retentusque.'
1404 2965 1608 3015 Plinius

538 3038 728 3101 Major.
755 3039 893 3088 Hist.
918 3040 1045 3089 Nat.
1069 3046 1211 3091 1.·10.
1246 3049 1260 3071 ⁴
1286 3042 1395 3090 Mel
1420 3042 1608 3093 invitat

540 3114 835 3166 fluentem!
901 3117 1047 3166 Idem
1099 3131 1241 3167 xxrr.
1281 3123 1363 3166 24.
1409 3120 1424 3145 ‘
1452 3119 1609 3182 Aqua

540 3192 706 3240 mulsa
731 3193 914 3241 invitat
942 3191 1284 3240 vomitiones.’
1318 3191 1400 3242 cf.
1427 3194 1610 3242 Barth.

541 3267 604 3315 ad
633 3268 792 3316 Rutil.
819 3268 869 3315 in
896 3268 1106 3329 itinere,
1132 3281 1167 3315 1.
1199 3272 1314 3317 245.
1340 3271 1426 3333 qui
1459 3270 1609 3332 plura

541 3343 811 3392 annotavit
836 3344 1093 3405 exempla,
1114 3343 1197 3393 ubi
1220 3351 1423 3394 veteres
1446 3346 1607 3408 scrip·

543 3427 686 3470 tores
727 3421 884 3470 verbo
916 3424 930 3448 ‘
952 3421 1205 3470 invitare-³
1238 3421 1303 3470 (le
1337 3436 1508 3471 rerum
1534 3423 1608 3469 in·

544 3497 885 3545 animatarum
934 3496 1177 3558 naturali,
1217 3498 1298 3546 vel
1337 3505 1452 3546 arte
1497 3497 1608 3547 fac-

544 3584 617 3634 ta,
653 3578 821 3637 gratia
859 3584 915 3625 et
954 3576 1308 3633 allectatione,
1350 3577 1429 3626 nsi
1470 3586 1611 3631 suut.

544 3651 788 3700 Schmun.

610 3729 865 3791 Longeque
884 3731 999 3777 tunc
1022 3727 1096 3776 illi
1117 3727 1348 3778 divinitas
1363 3731 1475 3794 sua]
1499 3728 1545 3778 1.
1564 3744 1610 3781 e.

544 3805 669 3855 nihil
694 3805 743 3854 ei
768 3802 985 3866 profuit,
1018 3802 1246 3866 nihilque
1285 3806 1508 3868 praesidii
1535 3812 1612 3856 at-

545 3882 682 3938 tulit.
708 3880 955 3931 affectata
977 3879 1236 3937 divinitas.
1300 3882 1386 3932 Sic
1417 3880 1610 3933 formu-

543 3962 647 4010 lsm
671 3961 803 4009 banc
828 3964 971 4007 recte
989 3957 1337 4024 explicarunt,
1352 3959 1612 4022 pluribus·

544 4051 647 4101 que
685 4035 940 4100 exemplis
973 4035 1298 4086 illustrarunt
1324 4036 1612 4099 Livineius,

546 4111 772 4177 Lipsius,
814 4111 1149 4161 Arntsenius.
1225 4111 1398 4163 Cerds
1449 4112 1612 4163 tradit

545 4187 776 4239 Plinium
793 4189 925 4237 hanc
946 4185 1184 4251 loquendi
1205 4187 1458 4237 rationem
1476 4203 1612 4238 sum-

545 4265 676 4318 sisse
712 4278 743 4315 a
772 4265 960 4329 virgil.
985 4264 1100 4315 AEn.
1137 4276 1245 4314 ιιι.
1278 4268 1360 4316 52.
1395 4266 1410 4295 ‘
1431 4265 1610 4330 Longe

1143 419 1157 440 ,
1228 376 1447 426 Nova
1495 373 1904 424 umorum
1953 374 2033 424 m

1667 519 1740 569 illi
1767 521 1879 569 Des
1901 526 2066 569 mater
2096 517 2229 568 crit-⁸
2297 518 2550 568 Similiter
2576 516 2736 569 silius

1668 594 1790 643 Ital.
1827 606 1968 644 xvu.
2006 599 2088 643 80.
2120 595 2138 622 ‘
2162 593 2339 658 Longe
2371 595 2631 658 conjugia,
2670 609 2732 644 sc

1668 671 1819 734 longe
1841 672 2021 734 Tyrios
2059 671 2395 733 Hymenaeos,
2419 672 2566 721 Inter
2601 672 2738 720 Dar-

1668 747 1845 795 danias
1882 747 2019 796 acies
2058 745 2206 796 fore.'
2275 747 2490 796 Petron.
2511 762 2627 811 cap.
2649 750 2733 797 58.

1665 826 1681 852 ⁸
1704 824 1929 885 curabo,
1964 826 2113 886 longe
2153 823 2249 873 tibi
2285 824 2354 873 sit
2391 826 2596 874 comula
2635 826 2736 874 ists

1669 899 1903 960 bessalis,
1923 905 1974 947 et
2001 899 2249 948 Dominus
2279 899 2737 964 dupondusrins3’

1667 976 1722 1027 h.
1761 992 1811 1026 e.
1861 978 2244 1041 interpretante
2279 979 2594 1042 Burrnanno,
2633 981 2737 1030 Cn·

1669 1053 1813 1114 rabo,
1849 1068 1915 1103 ue
1949 1061 2001 1103 te
2026 1056 2199 1118 juvet,
2219 1070 2317 1105 nec
2341 1057 2453 1119 ejus
2492 1057 2738 1119 proesidio

1670 1130 1819 1180 ferox
1843 1131 1911 1179 sis
1936 1138 1990 1180 et
2015 1132 2260 1181 insolens.
2328 1133 2402 1182 Ut
2433 1135 2570 1182 enim
2604 1135 2621 1163 ‘
2648 1133 2738 1181 ad·

1668 1206 1818 1256 esse’
1862 1214 1944 1256 est
1983 1208 2206 1271 juvar03
2257 1207 2331 1257 sic
2373 1215 2389 1237 ‘
2414 1208 2646 1265 sbesse,’
2682 1216 2740 1259 et

1668 1285 1683 1311 ‘
1703 1285 1855 1348 longe
1880 1284 2032 1345 esse,’
2055 1285 2393 1335 contrarium.
2441 1283 2742 1341 Affectasse

1671 1368 1845 1409 autern
1885 1359 2131 1424 quosdam
2169 1360 2505 1421 imperatores
2538 1362 2647 1424 jam
2686 1362 2740 1411 in

1670 1436 1765 1484 lrac
1798 1437 1904 1484 vita
1943 1436 2338 1498 ‘divinitatem’
2369 1443 2460 1486 snt
2499 1449 2648 1487 certe
2672 1437 2741 1487 sb

1673 1512 1999 1562 adulantibus
2022 1520 2037 1543 ‘
2057 1513 2375 1563 divinitatis·
2398 1515 2744 1578 nuncupatio-

1671 1606 1785 1640 nem
1817 1591 2170 1656 honoremque
2203 1591 2493 1652 admisisse,
2519 1600 2744 1643 constat.

1673 1666 1792 1715 Val.
1825 1668 1972 1716 Max.
2008 1668 2061 1716 in
2089 1665 2248 1717 Praef.
2271 1667 2337 1717 ad
2359 1669 2481 1717 Tib.
2508 1671 2524 1698 ‘
2546 1669 2742 1719 Cetera

1676 1744 1917 1793 divinitas
1935 1744 2179 1807 opinione
2196 1745 2481 1807 colligitur3
2502 1751 2590 1794 tna
2607 1760 2742 1810 pr:-

1675 1820 1811 1868 senti
1830 1818 1954 1881 fide,
1971 1826 2191 1882 paterno
2209 1820 2451 1884 avitoque
2468 1819 2628 1869 sideri
2648 1835 2745 1883 psr

1679 1894 1924 1943 videtur-⁹
1992 1896 2077 1944 De
2105 1897 2426 1951 Domitiano,
2446 1896 2573 1959 quid
2610 1894 2744 1946 refe·

1676 1980 1756 2020 rat
1800 1972 2018 2020 Sueton.
2058 1986 2175 2035 cap.
2217 1976 2296 2022 18.
2340 1979 2398 2021 et
2432 1973 2638 2023 Victor.
2688 1972 2745 2024 in

1676 2047 1937 2110 Ephorum,
1956 2062 2072 2110 cap.
2091 2060 2197 2097 xrs.
2223 2062 2306 2097 res
2327 2055 2448 2098 nota
2467 2055 2563 2098 est.
2601 2048 2745 2098 Mar·

1681 2123 1791 2173 tial.
1818 2138 1869 2172 v.
1894 2127 1944 2171 8.
1976 2123 1992 2149 ‘
2012 2123 2256 2172 Edictum
2295 2124 2503 2173 Domini
2538 2124 2746 2188 Deique

1675 2199 1877 2250 nostri!
1913 2201 2115 2250 Statius
2139 2202 2287 2265 Sylv.
2311 2215 2390 2252 tv.
2413 2206 2463 2252 ³.
2492 2206 2605 2252 128.
2627 2208 2642 2231 ⁸
2662 2203 2744 2253 En

1677 2279 1760 2328 hic
1786 2277 2169 2341 (Domitianus)
2196 2284 2278 2327 est
2301 2279 2468 2339 Deus,
2498 2279 2635 2329 huuc
2659 2279 2746 2342 jn·

1678 2353 1768 2403 bet
1793 2353 1982 2403 beatus
2009 2354 2111 2403 Pro
2133 2368 2189 2404 se
2210 2354 2464 2419 Juppiter
2491 2354 2750 2421 imperare

1681 2430 1869 2481 terris.'
1911 2432 2064 2483 Idem.

1744 2508 1998 2570 Longeque
2029 2512 2143 2557 tune
2172 2508 2247 2556 ini
2279 2508 2511 2559 divinitas
2530 2511 2640 2574 sun]
2673 2511 2745 2562 Et

1678 2585 1777 2635 hoc
1806 2585 2185 2650 ποιητικώτερον.
2239 2587 2509 2652 Virgilian,
2534 2594 2549 2617 ‘
2565 2589 2746 2651 Longe

1681 2660 1753 2709 illi
1798 2661 1917 2710 Dea
1970 2668 2140 2711 mater
2194 2661 2347 2711 erit.'
2420 2664 2750 2729 Propertius,

1680 2744 1695 2767 ‘
1720 2738 1894 2801 Longe
1930 2744 2104 2787 castra
2140 2738 2253 2795 tibi,
2287 2739 2439 2803 longe
2472 2740 2630 2789 miser
2661 2754 2748 2803 sg-

1680 2816 1817 2863 mina
1842 2822 2067 2877 septem,
2088 2815 2263 2864 Flebis
2288 2815 2339 2864 in
2365 2823 2567 2867 aeterno
2590 2816 2748 2867 surda

1677 2892 1860 2954 jacere
1883 2888 2023 2940 situ.'
2067 2891 2223 2940 Silius
2250 2892 2371 2941 Ital.
2391 2892 2429 2941 l.
2454 2906 2492 2941 1.
2533 2901 2547 2922 ⁸
2569 2893 2747 2957 Longe

1682 2969 1869 3019 clausis
1885 2983 1979 3018 sna
1993 2966 2208 3025 foeders,
2226 2969 2372 3032 longe
2384 2968 2587 3019 ltaliam
2600 2967 2753 3020 fore-⁹

1684 3047 1849 3095 Livia.

1747 3124 2001 3186 Longeque
2043 3126 2156 3173 tunc
2199 3122 2296 3186 illi]
2352 3121 2512 3191 Latii*
2539 3122 2750 3186 quidam

1684 3199 1993 3260 idiotismus,
2026 3213 2127 3262 quo
2160 3196 2496 3261 significatur,
2523 3198 2624 3249 boc
2658 3206 2749 3250 aut

1684 3274 1812 3324 illud
1843 3274 1909 3322 nil
1926 3275 2138 3338 juvare,
2163 3280 2253 3323 sut
2275 3273 2542 3338 prodesse.
2611 3274 2749 3327 Nsm

1685 3366 1799 3415 quae
1837 3351 2136 3413 praesentia.
2171 3349 2363 3399 auxilio
2395 3364 2510 3399 esse
2542 3351 2751 3401 solents

1685 3427 1966 3491 longinqua
1999 3426 2195 3476 frustra
2229 3426 2494 3490 implores.
2561 3427 2752 3493 Itaque

1685 3512 1740 3554 et
1775 3505 1790 3530 ‘
1814 3503 2026 3552 adesse'
2063 3502 2332 3565 dixerunt,
2361 3516 2457 3565 pro
2481 3503 2673 3565 juvare
2695 3512 2752 3555 et

1686 3580 2022 3646 patrocinari.
2088 3581 2186 3630 Illa
2230 3579 2430 3644 phrasis
2470 3581 2524 3629 iu
2560 3580 2751 3644 virgil.

1687 3659 1802 3707 AEn.
1822 3670 1925 3707 xrr.
1950 3658 1965 3685 ‘
1991 3658 2165 3721 Longe
2192 3656 2264 3704 illi
2283 3656 2400 3704 Des
2424 3652 2595 3706 mater
2617 3658 2755 3709 erit-⁸

1687 3732 1749 3782 In
1797 3732 2026 3787 Caesare,
2083 3738 2098 3761 ·
2137 3731 2312 3794 Longe
2356 3731 2418 3780 iis
2458 3729 2750 3786 fraternum

1686 3823 1873 3857 nomen
1908 3806 2085 3871 populi
2110 3807 2325 3857 Romani
2353 3805 2622 3859 futorum?
2686 3811 2752 3862 10

1688 3886 1860 3947 Floro,
1884 3889 2010 3934 rr.6.
2027 3888 2110 3933 56.
2130 3883 2256 3933 item
2282 3896 2342 3932 n.
2362 3888 2411 3934 2.
2437 3887 2517 3934 18.
2537 3888 2552 3913 ⁸
2568 3886 2750 3951 Longe

1686 3961 1762 4011 illi
1787 3960 1979 4025 triplex
2005 3972 2200 4017 murus,
2223 3958 2543 4024 totidemque
2571 3962 2753 4013 arces:

1686 4039 1825 4101 Lips.

1751 4114 1849 4163 Illa
1880 4112 2079 4177 cubilia]
2115 4111 2178 4161 In
2201 4112 2500 4169 Boshornii.
2521 4114 2756 4173 cellarii.

1685 4195 1742 4239 et
1786 4189 2001 4238 aliorum
2052 4186 2373 4253 quiorundsm
2418 4190 2755 4256 editionibus,

1685 4265 1927 4317 omissum
1954 4269 2039 4315 est
2053 4276 2345 4331 pronomen
2365 4264 2452 4316 s'lls
2465 4281 2488 4327 ,-
2507 4267 2651 4333 quod
2676 4277 2755 4323 ta·
