3060 4902
506 354 638 421 662

509 515 674 566 tranei
700 515 917 566 heredes
943 513 1226 565 videntur!
1291 514 1377 564 Sic
1405 513 1499 564 filii
1523 528 1578 563 e·

507 593 813 655 mancipati,
849 592 923 642 sic
956 591 1048 641 filii
1092 593 1280 642 civium
1327 607 1576 642 novorum

508 670 878 733 Romanorum,
900 669 942 717 si
976 684 1077 719 non
1113 671 1261 719 simul
1286 684 1402 719 cum
1428 677 1575 733 patre

501 746 592 809 jus
616 746 845 795 civitatis
870 753 923 794 et
944 745 1274 809 cognationis
1299 745 1576 807 impetras·

508 832 645 883 sent,
668 822 995 872 habebantur
1017 825 1033 851 ‘
1058 822 1332 871 extranei.'
1370 823 1458 872 Sic
1485 836 1577 884 pa-

508 905 682 948 rentes
721 900 877 948 etiam
923 900 1320 948 aestimabantur
1359 901 1375 929 ⁶
1399 906 1577 947 extra·

506 973 632 1037 nei,'
658 989 873 1038 quorum
892 974 982 1024 filii
1008 974 1214 1039 quidem
1230 975 1318 1037 jus
1342 974 1577 1024 civitatis

511 1051 755 1100 Romauae
774 1052 1040 1101 consecuti
1064 1058 1257 1111 essent,
1277 1049 1376 1111 ipsi
1400 1057 1576 1099 autem

506 1134 755 1190 parentes
777 1142 835 1176 eo
860 1135 1117 1178 carerent.
1151 1127 1392 1176 Schmun-2.

572 1206 709 1254 Cap.
762 1217 1015 1254 xxxviii.
1081 1205 1323 1265 Optimum
1377 1205 1574 1267 adopto-

507 1279 668 1342 ειη-ιε]
725 1278 922 1328 Rursus
977 1280 1272 1341 exemplum
1321 1276 1576 1340 videmus,

511 1371 664 1419 quam
698 1356 828 1406 miro
869 1356 1105 1406 codicum
1150 1356 1279 1405 Mss.
1321 1370 1574 1405 consensu

508 1433 810 1495 corruptela
834 1432 1052 1494 alicujus
1079 1431 1177 1480 loci
1202 1430 1361 1480 fuerit
1389 1445 1573 1494 propa-

506 1517 660 1574 gata:
701 1510 752 1557 in
798 1508 1064 1558 Vaticanis
1108 1507 1242 1556 enim
1287 1506 1575 1565 codicibus,

510 1585 813 1650 Parisiensi‚
835 1587 1061 1647 Veneto,
1085 1585 1395 1648 Guelphico,
1413 1587 1575 1636 Salis-

505 1661 775 1723 burgensi‚
798 1669 852 1711 et
878 1675 1010 1723 meo,
1037 1661 1188 1709 immo
1212 1661 1367 1710 etiam
1405 1662 1576 1712 adlinc

505 1737 558 1786 in
596 1737 874 1786 Puteolani
903 1746 957 1787 et
995 1736 1237 1786 Beroaldi
1262 1740 1576 1801 exemplari-

506 1812 603 1861 bus
638 1813 917 1875 impressis.
949 1813 1279 1862 desideratur
1321 1829 1420 1864 vox
1454 1816 1576 1879 opti·

505 1904 651 1943 nium,
694 1904 846 1953 quam
880 1889 1079 1952 primus
1111 1891 1378 1953 evulgavit
1416 1892 1577 1941 Cata-

505 1980 670 2015 naeus.
737 1968 841 2015 Per
873 1968 1008 2015 hunc
1040 1967 1268 2028 optimam
1291 1976 1460 2018 autem
1486 1968 1576 2018 de-

504 2044 737 2106 signatur
755 2043 1021 2106 Trajanus.
1057 2043 1205 2093 Idem.

572 2119 824 2168 Delibosse
842 2118 1080 2180 quoedam]
1115 2118 1334 2168 Plurimi
1358 2119 1576 2170 codices

506 2196 638 2245 Mas.
682 2195 876 2244 liabent
907 2194 1205 2243 deliberasse.
1276 2195 1452 2257 Atque
1498 2196 1573 2245 ita

506 2271 618 2320 baec
660 2271 761 2320 duo
813 2269 969 2319 verba
1010 2285 1042 2318 a
1091 2270 1302 2320 rudibus
1345 2272 1572 2320 librariis

505 2346 691 2397 crebro
725 2345 940 2397 confusa
976 2361 1107 2403 esse.
1142 2349 1317 2398 multis
1353 2350 1572 2399 aliorum

503 2426 817 2489 scriptorum
874 2425 1125 2489 exemplis
1176 2426 1347 2477 allatis
1413 2428 1571 2478 docet

507 2502 837 2552 Arntzenius.
904 2503 1176 2551 Delibasset
1221 2503 1572 2567 procuderunt

505 2579 846 2633 Puteolanus,
884 2579 1184 2640 Catanaeus‚
1220 2579 1408 2640 Aldus,
1447 2581 1570 2630 Phi-

506 2657 749 2704 lomusus.
819 2654 971 2707 Quod
1030 2665 1295 2719 uteunque
1355 2658 1569 2706 tolerari

506 2731 699 2794 ponit;
738 2730 931 2778 rectius
973 2736 1144 2779 tamen
1167 2732 1426 2794 -recipitur
1454 2732 1569 2782 infi-

505 2808 698 2856 nitivus
714 2807 961 2870 delibasse,
980 2821 1129 2870 quem
1135 2808 1246 2871 jam
1260 2810 1571 2873 evulgarunt

505 2884 812 2948 Beroaldus,
878 2884 1244 2947 Cuspiuianua‚
1300 2887 1569 2951 ceterique

507 2961 756 3026 editores,
788 2969 847 3010 ut
867 2959 1123 3010 referatur
1154 2962 1219 3010 ad
1255 2977 1434 3012 vocem
1460 2979 1571 3012 con-

505 3042 681 3094 tentus.
708 3046 763 3087 et
788 3039 1133 3103 conjungatur
1167 3053 1282 3088 cum
1314 3039 1571 3090 infinitivo

504 3116 865 3166 demonstrasse.
931 3114 1106 3163 Verba
1131 3124 1305 3164 autem
1334 3118 1348 3143 ‘
1376 3117 1537 3165 libare
1555 3114 1572 3138 ⁹

506 3203 562 3242 et
587 3196 603 3222 ⁸
629 3193 861 3243 delibare
888 3193 902 3215 '
928 3194 1135 3257 proprie
1160 3201 1361 3255 notant,
1385 3194 1573 3244 leviter

506 3269 802 3331 degustare,
824 3278 877 3319 et
901 3269 1052 3334 quasi
1081 3270 1164 3319 vix
1202 3271 1379 3333 primia
1416 3270 1572 3322 labris

507 3346 783 3407 attingere.
853 3347 1135 3397 Petronius
1179 3362 1230 3397 c.
1272 3350 1352 3395 36.
1397 3349 1412 3375 ‘
1438 3347 1570 3396 Tum

504 3423 590 3471 illa
624 3423 793 3470 carnis
835 3423 987 3471 etiam
1025 3423 1300 3485 paullulum
1331 3422 1570 3471 delibat.’

505 3498 710 3547 Deinde
752 3499 1021 3562 eleganter
1076 3497 1459 3548 transferuntur
1502 3498 1568 3548 ad

503 3575 784 3623 notandum
857 3575 1145 3638 parciorem
1215 3577 1570 3639 cujuscunque

504 3651 582 3699 rei
616 3665 762 3699 nsum
789 3657 843 3700 et
867 3652 1301 3714 experimentum.
1368 3654 1479 3704 Cic.
1502 3655 1572 3704 da

507 3729 660 3779 Orat.
684 3741 723 3777 1.
748 3732 828 3777 34.
857 3729 873 3757 ⁸
901 3727 1164 3778 Libaudus
1188 3731 1347 3780 etiam
1373 3745 1438 3780 ex
1463 3746 1571 3780 om·

504 3806 557 3854 ni
578 3819 775 3868 genere
799 3804 1113 3855 urbanitatis
1148 3807 1354 3870 quidam
1391 3809 1575 3870 lepos!

507 3882 705 3930 Plinius
730 3880 887 3938 infra,
916 3894 1029 3931 mv.
1050 3886 1100 3932 3.
1127 3883 1280 3942 dixit,
1307 3891 1320 3912 ⁸
1346 3884 1569 3933 honores

505 3955 737 4007 delibare
762 3958 1100 4021 parcissime.’
1159 3960 1331 4024 Atque
1354 3961 1431 4011 ita
1453 3976 1571 4024 pas-

506 4036 602 4084 sim
629 4049 725 4098 pro
752 4036 939 4084 leviter
959 4037 1240 4102 attingere,
1262 4038 1571 4102 decerpere,

506 4119 563 4160 et
608 4113 756 4177 quasi
797 4112 1008 4163 libando
1060 4115 1310 4173 minuere.
1358 4116 1569 4166 dicitur.

509 4189 621 4239 Cic.
642 4206 736 4254 pro
767 4192 914 4241 Sext.
935 4207 983 4242 c.
1004 4196 1089 4242 ⁶6.
1122 4194 1138 4221 ‘
1165 4194 1238 4244 Ut
1262 4208 1440 4243 omnes
1474 4207 1567 4242 un·

507 4264 663 4332 dique
705 4266 944 4320 flosculos
987 4282 1195 4335 carpam
1239 4279 1396 4337 atque
1439 4270 1571 4322 deli-

1202 370 1420 419 NOTA-3
1471 368 1881 419 vammum
1932 368 2012 417 m

1649 512 1803 562 bem.’
1870 511 2081 563 Servius
2104 511 2170 562 ad
2196 511 2382 576 virgil.
2403 511 2523 562 AEn.
2539 524 2577 561 t.
2596 516 2716 562 256.

1648 590 1664 617 ‘
1691 589 1890 640 Oscula
1934 590 2120 639 libavit
2172 588 2349 651 natae?
2392 590 2597 653 leviter,
2640 591 2715 639 in·

1650 667 1782 731 quit,
1807 666 2000 729 tetigit.
2035 667 2188 716 Idem.

1715 742 2003 791 Liberalitas
2023 746 2107 789 tua
2125 741 2397 805 adstruxit]
2435 741 2718 802 Adstrinxit,

1652 821 1688 870 i.
1712 834 1759 869 e.
1784 820 1999 882 adjecit,
2024 818 2246 869 addidit.
2312 818 2446 868 Vide
2469 833 2625 883 supra
2648 818 2717 869 sd

1651 911 1829 948 xxxv.
1868 901 1918 946 4.
1984 898 2163 947 Utitur
2205 910 2324 945 vero
2366 896 2584 955 Plinius,
2621 910 2717 959 pet

1651 974 1908 1039 quandam
1939 976 2232 1037 enallagen‚
2253 973 2520 1022 abstracto
2543 973 2716 1022 libem-

1650 1053 1795 1101 litas.-
1839 1051 1924 1100 ubi
1959 1051 2138 1100 dicere
2174 1050 2454 1113 potuisset,
2488 1048 2713 1098 ‘Statim

1652 1143 1776 1192 ergo
1800 1129 2000 1176 muneri
2025 1128 2138 1190 ejus
2165 1126 2457 1174 liberaliter
2471 1124 2716 1174 adstrux-

1650 1200 1773 1252 isti.’
1797 1204 1881 1252 Ita
1899 1211 1949 1253 et
1967 1202 2296 1264 alibisa‘pius
2313 1201 2574 1265 loquitur;
2601 1214 2649 1251 v,
2667 1215 2718 1262 ιι.

1651 1295 1793 1340 mox,
1825 1280 1877 1330 in
1912 1281 2008 1330 hoc
2053 1280 2247 1342 capite,
2280 1286 2296 1309 ³
2322 1279 2495 1328 Nemo
2530 1292 2716 1326 recen-

1651 1364 1753 1407 tem
1776 1364 1830 1406 et
1866 1356 2140 1406 attonitam
2176 1355 2454 1404 orbitatem
2486 1353 2551 1402 ad
2574 1368 2716 1403 com-

1650 1433 1972 1496 putationem
1995 1430 2181 1482 vocet.’
2226 1431 2394 1495 Epist.
2416 1443 2473 1479 x.
2499 1434 2546 1478 l.
2566 1436 2580 1457 ‘
2599 1430 2715 1479 Tua

1652 1509 1857 1573 quidem
1894 1510 2060 1572 pietas
2086 1540 2101 1556 .
2123 1540 2136 1553 .
2160 1539 2175 1555 .
2197 1505 2512 1571 optaverat.’
2576 1505 2716 1556 Item

1652 1586 1823 1648 Epist.
1868 1598 1925 1634 x.
1970 1589 2020 1634 3.
2062 1590 2075 1611 ⁶
2113 1583 2452 1645 Indulgentia
2497 1590 2589 1631 tua
2634 1596 2717 1636 mo

1650 1661 1927 1710 hortatur.'
2011 1659 2217 1709 Praeter
2266 1659 2411 1720 alios,
2460 1657 2716 1720 Phaedrna

1651 1752 1767 1788 eum
1814 1738 1991 1802 primis
2048 1736 2327 1786 abstractis
2369 1735 2556 1785 crebro
2593 1749 2715 1785 usns

1652 1822 1752 1875 est,
1790 1823 1846 1865 ut
1877 1816 2140 1863 sententia
2177 1813 2411 1877 apertior
2446 1811 2717 1877 grandior-

1654 1906 1751 1954 que
1795 1898 1966 1952 esset;
2018 1891 2255 1953 adeoque
2306 1889 2504 1948 vitium,
2551 1889 2716 1939 virtu·

1654 1977 1826 2017 temve
1840 1968 2079 2032 aliquam,
2095 1975 2186 2016 aut
2202 1963 2523 2016 affectionem
2540 1966 2718 2030 cnjus·

1654 2046 1809 2108 piam,
1835 2059 1929 2107 pro
1953 2045 2064 2108 ipso
2080 2044 2304 2106 homine,
2327 2050 2418 2092 ant
2438 2043 2718 2098 animante,

1651 2123 1828 2186 ponit;
1863 2136 1976 2183 mg.
2005 2121 2130 2170 Fab.
2156 2125 2259 2170 1.4.
2293 2126 2307 2148 ⁴
2335 2120 2451 2168 Nec
2474 2119 2610 2169 lianc
2635 2134 2718 2169 re-

1652 2199 1850 2261 pulsam
1883 2205 1971 2247 tua
1993 2199 2213 2248 sentiret
2235 2194 2538 2247 calamitas!
2597 2207 2640 2245 1.
2663 2202 2713 2246 5.

1646 2276 1661 2301 ‘
1687 2275 1878 2322 Verum
1904 2273 2127 2337 decepta
2151 2272 2410 2322 aviditaa.'
2439 2287 2482 2321 ι.
2505 2275 2558 2321 6.
2579 2275 2595 2301 ‘
2620 2272 2715 2322 Sic

1647 2357 1809 2399 totam
1835 2349 2063 2412 praedam
2080 2348 2190 2398 sola
2208 2347 2515 2411 improbitas
2539 2348 2715 2398 abstu-

1647 2425 1741 2477 lit.’
1799 2440 1859 2477 11.
1882 2431 1932 2476 6.
1968 2433 1981 2455 ¹
2006 2426 2158 2476 Tunc
2180 2426 2254 2476 sic
2269 2425 2452 2489 jocata
2469 2434 2553 2476 est
2578 2425 2715 2477 tanti

1646 2504 1888 2568 majestas
1922 2501 2098 2552 ducis.'
2167 2501 2250 2552 ef.
2276 2503 2459 2551 Barth.
2481 2502 2718 2553 Advers.

1647 2595 1742 2630 ιιι.
1766 2585 1814 2630 3.
1882 2580 2145 2641 Ceterum,
2169 2580 2220 2627 in
2249 2578 2347 2628 hac
2370 2580 2631 2643 particula
2655 2580 2716 2628 li.

1649 2657 1939 2707 beralitatis
1982 2654 2190 2719 Trajani
2237 2655 2574 2717 pradicanda
2606 2655 2717 2705 Pli-

1646 2735 1761 2783 nius
1830 2731 1940 2781 fere
2001 2731 2189 2781 nimius
2255 2730 2415 2780 fuisse
2482 2732 2719 2783 videtur.

1646 2809 1969 2862 Quantillum
2007 2808 2142 2856 enim
2182 2805 2419 2857 beneficii
2454 2807 2720 2873 Trajanns

1647 2886 1871 2936 contulit
1896 2886 1946 2934 in
1984 2885 2230 2948 populum
2254 2885 2564 2947 Romanum,
2596 2899 2718 2937 cum

1647 2964 1942 3024 constituit,
1967 2970 2023 3011 ut
2048 2962 2100 3010 in
2123 2961 2417 3011 hereditate
2440 2961 2534 3011 tilii
2560 2971 2715 3027 pater

1646 3041 1889 3090 immunis
1919 3048 2059 3089 esset
2091 3053 2122 3087 a
2156 3039 2398 3089 vicesima
2427 3040 2717 3103 solvenda;

1648 3132 1763 3167 cum
1790 3125 1913 3166 ante
1937 3131 2055 3165 eum
2079 3115 2189 3178 jam
2228 3115 2408 3165 Nerva
2431 3116 2722 3178 sanxisset,

1648 3201 1708 3243 ut
1750 3192 1884 3242 filius
1931 3193 1981 3241 in
2035 3191 2330 3240 hereditate
2375 3185 2720 3254 paternorum

1648 3269 1899 3319 bonorum
1924 3266 2190 3316 frueretur
2220 3266 2578 3317 immunitate?
2646 3269 2717 3318 Ε..

1648 3344 1856 3409 quidem
1898 3342 2074 3394 videa·
2119 3343 2394 3406 quotannis
2437 3349 2519 3392 tot
2560 3342 2722 3409 facila

1648 3421 2029 3485 filiorum,quot
2054 3429 2277 3481 patrum,
2293 3418 2479 3469 funera
2503 3417 2681 3471 efferri
2698 3437 2716 3467 ε

1649 3507 1702 3548 at
1725 3499 1889 3547 rarius
1910 3500 1961 3546 in
1976 3496 2452 3558 adolescentia,aut
2464 3497 2722 3561 juventu·

1651 3582 1724 3637 te,
1764 3575 2055 3623 moriuntur
2083 3572 2197 3634 filii,
2224 3574 2314 3638 qui
2342 3573 2456 3637 jam
2498 3575 2718 3639 propria

1650 3651 1925 3701 habuerint
1949 3650 2099 3712 bona,
2121 3665 2238 3713 qua
2264 3649 2626 3699 transmittant
2647 3648 2717 3700 ad

1650 3734 1884 3793 patrem;
1922 3727 2084 3775 rarius
2118 3727 2276 3776 etiam
2314 3726 2366 3776 in
2391 3726 2528 3776 virili
2551 3734 2715 3778 atate

1648 3821 1679 3855 e
1701 3805 1812 3855 vita
1833 3804 2094 3854 decedunt
2117 3802 2232 3865 filii,
2247 3804 2335 3867 qui
2356 3818 2459 3852 non
2475 3804 2589 3867 jam
2608 3820 2717 3855 ma·

1649 3884 1756 3940 riti,
1779 3884 1883 3946 ipsi
1904 3896 2024 3932 suos
2040 3881 2336 3945 relinquant
2366 3881 2575 3933 liberos.
2643 3884 2718 3933 Et

1648 3962 1762 4010 liaec
1782 3957 1919 4009 forte
1955 3972 2140 4009 caussa
2172 3957 2295 4019 fuit,
2318 3964 2536 4021 propter
2556 3974 2717 4024 qnam

1650 4038 1829 4087 Nerva
1871 4051 1973 4087 non
2017 4035 2239 4086 eandem
2284 4037 2722 4101 constitutionem-

1646 4129 1754 4164 snae
1779 4113 2041 4178 adjecerit
2069 4113 2392 4165 liberalitati.
2459 4114 2636 4167 Recte
2658 4130 2715 4167 e-

1645 4193 1751 4244 nim
1787 4192 2030 4255 Lipsiuss
2065 4197 2080 4222 ‘
2107 4192 2323 4250 Nerva?
2357 4193 2549 4258 inquit,
2577 4198 2594 4225 ⁴
2622 4210 2715 4246 na-

1645 4277 1779 4322 tura
1816 4268 2052 4320 ordinem
2083 4266 2232 4333 vidit,
2263 4279 2582 4336 secutusque
2619 4279 2724 4339 est,
