3060 4902
513 393 645 459 742

510 553 612 603 Sed
636 554 719 602 hic
752 551 1030 602 denotatur
1056 552 1169 602 talis
1194 553 1455 615 dominus,
1475 554 1586 618 qui,

512 629 754 691 exemplo
791 628 1025 690 Trajani,
1061 629 1296 678 modicus
1320 640 1404 678 est
1427 629 1478 678 in
1504 644 1583 678 ac·

509 705 774 771 quirendis
819 706 1209 769 retinendisque
1255 704 1584 768 possessioni·

510 781 623 838 bus,
649 796 710 831 ac
733 782 986 845 quinovit
1012 789 1063 829 et
1084 783 1183 831 scit
1211 796 1303 830 sua
1326 781 1476 844 bona,
1499 783 1584 830 iis·

514 872 618 922 que
656 859 839 908 utitur.
906 858 994 907 Ita
1037 858 1237 906 Plinius
1272 857 1337 905 de
1375 858 1583 907 domino

509 933 789 983 mediocris
829 933 1185 998 possessionis,
1220 936 1388 997 Epist.
1426 949 1466 985 r.
1503 941 1583 985 24.

509 1012 605 1074 ait,
626 1012 642 1040 ‘
665 1013 793 1060 Eum
818 1025 996 1060 omnes
1023 1012 1258 1060 viticulas
1277 1026 1392 1060 suas
1417 1026 1583 1067 nosse,

511 1096 567 1139 et
581 1102 857 1138 numerare
876 1088 1177 1137 arbusculas
1194 1087 1380 1150 posse.'
1406 1089 1583 1143 Certe,

509 1165 742 1231 quamvis
768 1164 945 1222 verba,
969 1165 1147 1214 domini
1181 1180 1274 1213 mm
1310 1166 1581 1226 servientis,

510 1257 607 1305 per
628 1256 682 1290 se
708 1242 814 1291 sint
849 1242 1140 1304 perspicua,
1176 1242 1263 1289 vix
1304 1249 1474 1291 tamen
1507 1245 1582 1291 lo-

508 1334 625 1368 cum
646 1318 730 1367 hic
752 1317 946 1367 habere
978 1328 1192 1381 possunt
1215 1334 1231 1379 ;
1268 1333 1383 1367 cum
1410 1320 1584 1383 paullo

507 1402 627 1444 ante
658 1396 769 1459 jam
807 1395 942 1444 idem
989 1394 1183 1443 dixerit
1227 1395 1447 1452 Plinius,
1494 1396 1583 1446 ubi

508 1471 660 1535 dixit,
693 1470 709 1499 ‘
735 1472 961 1535 necjam
1003 1471 1405 1520 clarissimorum
1447 1473 1582 1520 viro-

510 1562 622 1597 rum
653 1547 991 1611 receptacula
1014 1547 1307 1596 habitatore
1332 1561 1481 1595 servo
1507 1554 1581 1596 te·

508 1622 736 1673 runtur.’
802 1623 907 1673 Sed
948 1624 1202 1686 copiosius
1242 1624 1375 1671 hunc
1414 1623 1581 1673 locum

507 1701 764 1751 illustravi
790 1702 840 1750 in
866 1702 1082 1749 Excurs.
1109 1716 1259 1751 var.
1295 1702 1538 1751 Schts-urz.

577 1778 787 1826 Casaris
827 1777 1013 1841 tabula]
1065 1777 1317 1840 Equidem
1362 1783 1417 1826 et
1459 1777 1582 1826 boni

507 1854 772 1918 principes
799 1853 1076 1918 aliquando
1115 1869 1181 1902 ex
1222 1855 1396 1917 inopia
1425 1869 1580 1918 pecu·

506 1932 607 1980 niae
635 1931 926 1980 auctionem
951 1928 1188 1978 fecerunt
1207 1944 1375 1979 rerum
1400 1945 1581 1993 super-

505 2022 803 2062 vacuarum,
845 2014 902 2055 ut
941 2015 1309 2055 succurrerent
1356 2007 1578 2069 publicae

511 2084 834 2133 necessitati.
905 2084 996 2132 Sic
1037 2083 1157 2140 Dio,
1188 2083 1277 2132 lib.
1303 2097 1503 2133 nxvru.
1529 2099 1580 2147 p.

506 2163 624 2210 770.
670 2168 867 2221 narrat,
915 2160 1148 2209 Nervam
1193 2160 1580 2223 imperatorem,

506 2249 622 2285 cum
647 2244 829 2299 egeret
866 2236 1107 2300 pecunia,
1132 2250 1371 2297 magnum
1402 2250 1579 2284 nume·

505 2328 618 2363 rum
644 2314 882 2376 vestium,
905 2313 1171 2378 multaque
1190 2328 1310 2362 vasa
1332 2320 1581 2375 argentea

506 2398 662 2455 atque
700 2406 875 2454 aurea,
908 2398 963 2439 et
1001 2391 1249 2455 reliquam
1281 2391 1578 2454 supellecti-

506 2469 628 2529 lem,
652 2481 752 2516 non
789 2468 940 2516 modo
971 2467 1037 2515 de
1075 2468 1291 2527 privatis
1327 2468 1450 2528 suis,
1485 2466 1576 2516 sed

505 2543 667 2591 etiam
706 2543 772 2590 de
811 2542 1181 2605 principalibus
1219 2543 1389 2604 rebus,
1415 2544 1579 2592 multa

506 2619 661 2669 etiarn
701 2618 918 2680 praedia,
941 2619 1234 2681 multasque
1275 2618 1469 2674 domos,
1504 2627 1576 2669 at-

502 2709 603 2758 que
628 2694 678 2742 in
704 2708 902 2742 summa
922 2695 1109 2749 omnia,
1138 2703 1331 2755 praeter
1353 2710 1433 2753 ea,
1462 2711 1576 2759 quae

502 2770 791 2820 necessaria
828 2779 997 2825 erant,
1034 2770 1348 2819 vendidisse.
1401 2773 1576 2821 Etiam

504 2847 831 2911 Capitolinus
867 2846 917 2895 in
958 2846 1222 2895 Antonino
1247 2847 1366 2909 Pio,
1390 2863 1504 2912 cap.
1528 2854 1578 2898 7.

503 2925 518 2950 ⁴
547 2921 803 2987 Species,’
836 2922 1025 2986 inquit,
1057 2922 1458 2986 ‘imperatorias
1492 2940 1575 2974 su·

502 2999 748 3064 perfluas,
770 3006 825 3048 et
848 3000 1067 3063 praedia,
1089 2999 1362 3047 vendidit.'
1425 3000 1576 3050 Idem

504 3079 835 3142 Capitolinus
869 3079 919 3126 in
946 3077 1211 3126 Antonino
1241 3077 1431 3126 Philos.
1457 3094 1572 3142 cap.

508 3160 587 3205 17.
647 3157 816 3203 ‘Cum
864 3154 926 3202 nd
973 3155 1072 3203 hoc
1115 3153 1345 3213 bellum,'
1389 3154 1575 3219 inquit,

504 3239 518 3260 ³
546 3245 697 3282 omne
756 3231 993 3278 aerarium
1039 3229 1362 3279 exhausisset
1409 3247 1578 3290 suum,

503 3322 674 3370 neque
699 3309 752 3355 in
777 3307 1000 3356 animum
1032 3307 1325 3370 induceret,
1347 3316 1405 3358 ut
1428 3316 1578 3359 extra

503 3385 739 3434 ordinem
765 3385 1168 3448 provincialibus
1200 3385 1392 3448 aliquid
1417 3387 1577 3449 impe-

475 3470 664 3522 'raret,
688 3463 737 3510 in
762 3461 876 3511 foro
913 3462 1018 3510 divi
1053 3462 1261 3524 Trajani
1286 3463 1577 3513 auctionem

503 3543 924 3587 ornamentorum
943 3538 1279 3600 imperialium
1293 3538 1436 3596 fecit,
1457 3555 1578 3590 ven·

506 3614 742 3677 diditque
767 3626 921 3661 aurea
942 3615 1150 3674 pocula,
1175 3622 1225 3661 et
1253 3617 1579 3680 crystallina,

504 3695 559 3739 et
608 3688 891 3751 myrrhina,
935 3703 1053 3736 vasa
1105 3690 1261 3737 etiam
1310 3693 1469 3754 regia,
1525 3701 1581 3744 et

503 3772 700 3815 vestem
762 3765 994 3812 uxoriam
1048 3765 1269 3815 sericam
1324 3776 1378 3816 et
1432 3783 1579 3819 aura.

506 3850 633 3899 tam,
670 3855 901 3910 gemmas
939 3840 1113 3897 etiam,
1138 3856 1264 3903 quas
1303 3845 1491 3893 multas
1525 3846 1577 3895 in

505 3918 816 3982 repositorio
839 3917 1101 3966 sanctiore
1138 3917 1394 3968 Hadriani
1423 3936 1578 3985 repe·

504 3993 681 4044 rerat.’
747 3993 848 4042 Sed
891 3993 1160 4044 auctiones
1199 4009 1367 4045 rerum
1394 4012 1577 4061 super·

506 4068 726 4121 fluarum
782 4068 1057 4133 aliquando
1128 4072 1287 4120 etiam
1344 4072 1574 4124 habuere·

503 4147 766 4212 principes
787 4146 1038 4211 perversi,
1054 4147 1415 4210 veljactantiae
1432 4165 1574 4200 caus·

506 4236 586 4283 sa,
622 4229 680 4271 nt
713 4228 1055 4285 ostentarent,
1087 4237 1143 4272 se
1178 4224 1365 4287 opibus
1399 4235 1456 4277 et
1489 4243 1576 4277 su-

508 4297 772 4360 pellectile
829 4297 902 4345 ita
952 4296 1235 4354 abundare,
1286 4309 1343 4352 ut
1399 4317 1463 4352 ex
1511 4303 1572 4354 iis

504 4374 665 4425 multa
716 4371 980 4437 superflua
1017 4374 1281 4429 dimittere
1319 4388 1567 4446 possent;

1209 409 1425 463 NOTAE
1475 402 1893 460 VARto'RUM
1946 410 2023 460 m

1662 554 1743 601 vel
1803 569 1868 603 ex
1925 554 2143 604 avaritia
2200 555 2501 620 insatiabili,
2551 563 2610 607 n't
2655 571 2725 607 ex

1658 631 1908 693 ejusmodi
1940 632 2315 681 nundinatione
2357 634 2556 682 lucrum
2594 649 2724 697 cap·

1659 714 1849 756 tarent.
1950 709 2110 771 Cujus
2165 709 2241 758 rei
2297 708 2496 774 insigne
2547 725 2723 760 exem·

1661 784 1799 845 plum
1838 783 2036 847 praebet
2093 786 2274 835 Caesar
2299 786 2555 850 Caligula.
2616 787 2723 836 Re·

1660 857 1864 908 ferente
1897 860 2031 908 enim
2063 860 2278 911 Sueten.
2302 873 2418 924 cap.
2442 866 2524 910 38.
2553 869 2608 912 et
2641 867 2723 911 39.

1660 936 1763 989 hic,
1823 944 1837 964 ‘
1859 937 2095 985 auctione
2152 938 2437 1000 proposita,
2478 939 2725 1003 reliquias

1660 1012 1886 1060 omnium
1912 1013 2328 1075 spectaculorum
2352 1013 2516 1063 hastae
2552 1017 2725 1080 subJe·

1660 1087 1755 1147 cit,
1791 1096 1845 1138 et
1889 1088 2200 1145 venditavit,
2237 1090 2511 1154 exquirens
2538 1105 2633 1153 per
2667 1107 2725 1143 se

1661 1164 1846 1227 pretia.
1870 1172 1923 1212 et
1947 1180 2106 1230 usque
2131 1179 2194 1214 eo
2217 1166 2519 1224 extendens,
2539 1178 2595 1216 ut
2617 1169 2728 1233 qui·

1661 1241 1776 1288 dam
1802 1241 2053 1290 immenso
2079 1243 2245 1291 coacti
2272 1243 2509 1307 quadam
2534 1259 2730 1303 emere,

1662 1331 1720 1364 ac
1747 1316 1893 1366 bonis
1918 1318 2085 1379 exuti,
2110 1332 2267 1367 venas
2306 1318 2402 1368 sibi
2426 1320 2727 1371 inciderint.

1666 1425 1680 1441 .
1701 1424 1715 1439 .
1741 1425 1754 1440 .
1779 1393 1839 1441 In
1864 1394 2035 1443 Gallia
2058 1410 2281 1459 quoque,
2305 1412 2418 1445 cum
2457 1397 2727 1447 damnata·

1662 1483 1772 1518 rum
1818 1485 2048 1519 sororum
2097 1482 2402 1523 ornamenta
2457 1474 2726 1525 immensis

1662 1547 1844 1608 pretiis
1885 1546 2237 1610 vendidisset3
2272 1549 2526 1600 invitatus
2560 1551 2729 1615 lucro,

1660 1622 1905 1687 quidquid
1954 1624 2282 1673 instrumenti
2340 1627 2535 1676 veteris
2593 1627 2726 1679 auin

1661 1708 1793 1755 erat,
1819 1700 1883 1748 ab
1911 1700 2039 1749 urbe
2063 1700 2315 1765 repetiit-⁵
2381 1702 2537 1754 Hunc
2564 1704 2729 1766 pessi·

1660 1790 1796 1824 mum
1841 1791 2033 1825 morem
2078 1778 2389 1840 perstrinxit
2420 1780 2581 1829 etiam
2620 1781 2725 1830 Pe·

1660 1859 1793 1901 tron.
1811 1854 1921 1901 Sat.
1946 1869 1991 1902 c.
2012 1858 2093 1903 39.
2111 1869 2224 1904 cum
2242 1855 2519 1919 locupletis
2544 1856 2726 1907 liberti

1659 1932 2092 1994 proscriptionem
2148 1939 2535 1981 commemorat.
2603 1935 2619 1960 ⁸
2637 1933 2727 1983 In·

1657 2007 1900 2064 clinatis,’
1932 2008 2115 2072 inquit,
2152 2015 2165 2036 ⁸
2189 2006 2345 2057 rebus
2384 2009 2508 2069 suis,
2532 2009 2632 2059 lroc
2662 2010 2729 2059 ti·

1659 2085 1765 2132 tulo
1808 2084 2105 2133 auctionem
2144 2082 2482 2148 proscripsit:
2534 2099 2725 2134 rvmvs

1657 2175 1956 2210 mmcuvs,
1993 2174 2340 2210 Ammonem.
2374 2173 2592 2211 meter.
2627 2175 2726 2211 nr:-

1658 2252 1798 2287 Rvm.
1836 2236 2319 2287 stERFLvARvM.’
2366 2238 2447 2287 Ad
2470 2253 2621 2303 quern
2648 2241 2727 2289 lo-

1657 2328 1772 2362 cum
1803 2314 2151 2373 Burmannus,
2178 2314 2241 2361 de
2269 2327 2324 2361 re
2348 2313 2581 2363 literaria
2611 2329 2723 2365 me·

1657 2390 1947 2446 ritissimus,
1972 2390 2034 2439 ὧς
2067 2392 2120 2439 ἐν
2138 2389 2324 2455 παρόδῳ
2347 2391 2637 2455 annotavit,
2669 2394 2723 2442 in

1655 2466 1751 2516 hoc
1780 2468 1935 2516 Plinii
1965 2468 2129 2517 nostri
2153 2470 2288 2525 loco,
2313 2483 2367 2517 se
2386 2482 2479 2532 per
2496 2469 2722 2519 Caesaris

1656 2543 1945 2592 auctionem
1981 2544 2270 2606 intelligere
2294 2545 2585 2593 auctionem
2610 2545 2724 2596 Cae·

1655 2620 1785 2668 saris
1802 2621 2070 2681 Caligulae,
2087 2635 2187 2669 non
2210 2621 2503 2683 Nervae,uti
2517 2621 2723 2685 Lipsius

1656 2702 1708 2743 et
1732 2695 2067 2745 Casaubonus
2090 2697 2193 2744 sint
2220 2696 2576 2760 interpretati.
2621 2696 2723 2746 Cui

1656 2773 1935 2820 sententiae
1981 2774 2381 2822 Burmannianae
2421 2780 2478 2823 et
2512 2788 2613 2838 ego
2649 2774 2723 2823 lu-

1653 2848 1780 2896 bens
1794 2849 2006 2899 accedo.
2044 2851 2204 2899 Certe
2230 2851 2366 2899 enim
2384 2849 2403 2876 ‘
2421 2852 2645 2900 avaritia
2663 2853 2724 2901 il-

1653 2924 1750 2972 lius
1768 2923 1780 2943 '
1805 2927 2068 2987 respicere
2095 2926 2301 2974 videtur
2325 2925 2389 2975 ad
2414 2940 2531 2976 eum
2552 2927 2722 2991 ipsum

1655 2999 1933 3061 Caesarem,
1953 3003 2133 3065 cujus‘
2151 3001 2321 3052 tabula
2343 3004 2522 3067 ingens
2547 3018 2723 3056 rerum

1655 3075 1945 3137 venalium,’
1974 3077 2116 3140 quasi
2149 3078 2198 3126 in
2227 3082 2526 3129 memoriam
2550 3080 2728 3130 detes·

1655 3151 1827 3200 tandae
1876 3152 1989 3215 ejus
2025 3153 2279 3216 avaritias,
2303 3153 2467 3205 adbuc
2503 3155 2723 3221 Trajani

1655 3232 1889 3289 tempore.
1913 3233 1928 3255 ‘
1944 3228 2272 3277 circumferri
2289 3228 2305 3251 ’
2326 3229 2536 3281 dicitur.
2584 3233 2725 3283 Cali-

1653 3304 1773 3365 gula
1829 3311 2000 3352 autem
2057 3304 2325 3356 indefinite
2373 3308 2455 3359 bic
2508 3317 2725 3360 vocatur

1654 3382 1857 3429 ‘Caesar
1876 3382 1907 3442 ;'
1942 3383 2018 3430 uti
2043 3396 2160 3431 mox
2200 3383 2515 3448 ‘princeps‚'
2549 3386 2602 3435 in
2641 3387 2721 3438 bis

1657 3458 1863 3506 verbis:
1900 3458 2050 3506 ‘cnm
2088 3459 2316 3508 exitialis
2350 3461 2486 3523 apud
2530 3463 2724 3524 princi-

1657 3534 1815 3598 pem,'
1832 3537 1931 3582 διο.
1956 3544 2111 3598 atque
2132 3535 2206 3584 uti
2227 3536 2429 3585 Plinius
2449 3538 2608 3588 etiam
2635 3541 2728 3591 sti-

1657 3612 1727 3667 bi,
1768 3612 1809 3659 si
1852 3612 1916 3659 de
1961 3612 2106 3659 malis
2141 3611 2438 3662 Caesaribus
2474 3615 2726 3681 loquitur,

1657 3686 1924 3736 indefinite
1969 3687 2178 3735 nomine
2237 3688 2459 3737 Caesaris
2516 3692 2724 3755 utitur;

1655 3780 1706 3812 v.
1733 3779 1783 3825 g.
1809 3778 1926 3811 mox
1960 3764 2011 3811 in
2037 3764 2133 3813 boc
2158 3764 2270 3828 ipso
2293 3766 2500 3827 capite:
2539 3768 2557 3797 ‘
2578 3769 2723 3819 Illud

1654 3856 1916 3904 nunquam
1942 3840 2039 3889 nisi
2066 3840 2293 3891 Caesaris
2317 3841 2671 3895 suburbanum
2690 3846 2727 3908 ;’

1654 3927 1709 3967 et
1731 3931 1865 3967 Lxx.
1889 3921 1939 3968 6.
1962 3916 2153 3964 ‘Vides
2179 3916 2346 3965 enim:
2385 3917 2572 3983 siquid
2589 3920 2725 3972 bene

1652 3995 1847 4057 fecero,
1882 3992 2083 4042 nesciet
2120 3991 2335 4047 Caesar‚'
2368 3994 2473 4043 dte.
2539 3996 2593 4045 Si
2618 3997 2726 4048 Pti-

1653 4071 1767 4118 nius
1791 4070 1873 4116 hic
1909 4067 2100 4115 Nervae
2134 4066 2427 4116 auctionem
2464 4069 2724 4137 indicare,

1651 4162 1711 4197 ac
1756 4146 1988 4200 laudare,
2038 4141 2305 4206 voluisset,
2341 4144 2729 4207 significantius

1651 4223 1962 4287 scripsisset,
1987 4221 2075 4270 sub
2098 4221 2288 4270 nomin
2305 4223 2467 4285 patris
2488 4228 2566 4277 nri
2587 4228 2726 4278 tabu.

1650 4304 1717 4367 la,
1739 4305 1822 4364 qv.
1884 4298 2086 4349 Tabula
2114 4311 2239 4346 vero
2262 4310 2436 4347 rerum
2463 4304 2725 4356 venalium

1652 4381 1812 4432 etiarn
1836 4377 2049 4428 ‘titulus
2066 4374 2079 4397 '
2111 4375 2364 4428 Petronio
2384 4377 2612 4446 aliisque
2634 4397 2726 4447 ap.
