3060 4902
769 394 833 442 c.
883 392 1120 442 norun
1169 390 1503 442 seorsum
1553 390 1829 442 ranno.
1904 394 1955 443 1.
2001 379 2108 443 49.

332 544 576 601 tanqum
601 533 658 585 in
680 542 910 600 portum,
922 535 976 585 in
998 533 1327 586 solitudinem
1344 549 1402 584 se

330 613 645 679 recipiebat.
669 645 686 662 .
709 647 726 665 .
748 647 765 664 .
785 612 995 678 Itaque,
1029 612 1116 677 qui
1151 612 1203 660 in
1242 611 1401 660 maxi·

328 707 412 743 ma
431 691 752 742 celebritate
774 696 934 756 atque
956 691 1009 740 in
1030 690 1194 740 oeulis
1214 689 1400 738 civium

327 768 592 832 quondam
651 768 913 828 viximus3
965 780 1105 815 nunc
1145 765 1401 829 fugientes

327 854 671 909 conspectam
715 845 1108 905 sceleratorum,
1253 842 1402 891 abdi·

329 934 441 970 mus
465 935 585 979 nos,
607 927 855 984 quantum
877 921 1023 987 lieet,
1043 927 1101 970 et
1128 934 1271 982 soepe
1306 918 1401 969 soli

330 997 546 1047 sumus:
586 996 831 1046 Sthenn-

398 1072 590 1136 Ecqn’d
609 1071 748 1134 ergo]
782 1070 1004 1121 Codices
1027 1070 1163 1120 Mss-
1179 1076 1232 1118 et
1257 1085 1402 1134 qun·

332 1147 454 1198 dnm
493 1148 756 1198 editiones
791 1147 1127 1211 antiquiores,
1162 1146 1403 1196 dividunt

333 1225 562 1289 priorem
609 1237 806 1279 vocem,
849 1223 916 1271 Er
949 1222 1065 1285 quid
1100 1217 1250 1283 ergo?
1294 1221 1400 1270 Sed

331 1308 513 1425 met
558 1298 835 1363 utrobique
881 1298 1068 1348 eadem
1123 1298 1405 1347 sententia.

400 1449 715 1501 Fu‘amimm
747 1464 847 1500 esse
882 1450 1169 1514 custodium]
1205 1446 1403 1499 Ascen-

333 1526 458 1588 sius‚
501 1525 572 1575 H.
606 1525 926 1589 Stephanus,
960 1523 1226 1585 Eizevirii,
1262 1524 1403 1572 Rivi-

332 1616 449 1656 uos,
470 1601 888 1664 Kircbmaierua,
910 1600 1165 1650 cellarius
1188 1598 1403 1648 edidere

318 1677 676 1743 fideli-ssim.
743 1677 877 1728 Quae
904 1692 1002 1726 vox
1023 1676 1178 1726 etiam
1200 1676 1249 1724 in
1274 1676 1405 1724 Vos·

330 1756 390 1804 sii
415 1756 550 1805 libro
571 1762 654 1806 est
684 1762 948 1806 annotata.
1010 1753 1116 1804 Sed
1143 1753 1270 1803 nihil
1295 1767 1404 1802 mu·

332 1832 568 1888 undum.
636 1831 888 1883 Meodum
922 1846 1046 1881 vero
1087 1829 1284 1879 librarii
1318 1843 1402 1877 oc·

332 1909 501 1959 currit
528 1909 579 1957 iu
599 1909 789 1959 codice
811 1907 1300 1972 Guelpherbytano,
1316 1904 1404 1970 qui

331 2001 428 2051 pro
448 1987 712 2036 custodias
735 1986 907 2049 posuit
932 1985 1236 2034 discordiant-
1272 1982 1355 2031 ld.

398 2063 564 2127 Ipsius
576 2062 915 2126 innocentiani]
942 2062 1072 2113 Quae
1088 2061 1247 2110 virtus
1266 2060 1404 2123 prin-

334 2139 470 2203 cipis
490 2139 697 2189 dicatur
718 2139 1007 2194 innocentia,
1029 2138 1136 2200 jam
1159 2151 1317 2202 snpra
1339 2136 1405 2186 nd

332 2229 545 2268 xxvtu.
568 2220 618 2266 8.
640 2215 876 2279 exposui.
911 2215 1061 2264 Idem.

398 2293 653 2356 Principis
667 2292 817 2356 ipsius
828 2288 1171 2353 innocentiam]
1185 2289 1271 2339 Sic
1290 2290 1303 2316 ‘
1318 2288 1403 2338 'ri-

335 2376 423 2419 tus
445 2369 632 2432 imper.
655 2368 722 2417 de
746 2367 957 2417 crimine
977 2365 1261 2429 msJeststis
1279 2378 1404 2412 uun-

335 2460 491 2509 quam
513 2445 778 2508 cognorit.
813 2456 978 2507 neque
1012 2441 1249 2505 permisit
1272 2440 1406 2502 aliie,

335 2529 396 2571 nt
417 2527 820 2585 cognoscerent.
858 2520 1025 2569 Nemo
1045 2518 1408 2581 enirn,inquit,

336 2597 531 2660 injuria
553 2612 636 2646 me
672 2594 899 2646 adficere
934 2600 1127 2658 potest,
1155 2602 1245 2642 aut
1270 2595 1406 2644 inse·

335 2676 428 2737 qui
470 2674 803 2733 contumelia,
836 2680 1116 2736 propterea
1149 2670 1288 2736 quod
1330 2671 1407 2720 ni·

334 2752 407 2801 bil
445 2765 548 2814 ago
581 2750 721 2815 quod
760 2749 1072 2813 reprebendi
1116 2755 1407 2798 mereatur:

337 2842 404 2878 es
439 2842 585 2891 vero,
608 2841 724 2891 qua:
762 2822 896 2874 falso
928 2823 995 2873 de
1029 2838 1112 2873 me
1148 2822 1410 2884 dicuntur,

337 2917 551 2969 prorsus
606 2900 857 2967 negligo.’
937 2900 1043 2951 Dio
1087 2901 1229 2951 Cass.
1268 2899 1405 2965 apud

335 2981 538 3045 Xipbil.
571 2981 726 3030 Bm.

401 3060 515 3111 Arx
549 3055 811 3120 haema]
844 3056 890 3107 1.
909 3071 960 3107 e.
995 3070 1108 3110 arx,
1151 3054 1215 3104 ad
1253 3068 1407 3119 quam

340 3138 526 3187 accedi
552 3151 653 3187 non
680 3142 856 3200 potest
883 3142 973 3185 aut
992 3148 1090 3183 non
1115 3131 1291 3181 debet.
1344 3132 1408 3181 In

336 3216 450 3266 sola
476 3214 713 3265 editione
747 3214 982 3263 Pataroli
1021 3214 1136 3275 lego
1168 3225 1263 3260 arx
1283 3212 1409 3259 inoe-

338 3294 607 3354 auitam
638 3294 815 3343 nescio
837 3301 1034 3350 autern,
1055 3300 1226 3339 utrum
1245 3302 1309 3335 ex
1334 3288 1410 3336 iu·

341 3371 499 3435 genio
522 3368 762 3429 editoris,
784 3382 848 3417 an
872 3382 936 3416 ex
972 3364 1153 3416 codice
1189 3362 1409 3427 quodam

339 3447 446 3497 us.
478 3460 548 3496 un
588 3445 724 3495 forte
760 3460 826 3494 ex
864 3457 1040 3493 errore
1080 3442 1411 3506 typographi,

343 3537 443 3573 vox
465 3522 808 3573 §amessibilis
828 3522 909 3570 liic
932 3522 1100 3570 loenrn
1140 3517 1411 3568 invenerit.

342 3598 601 3664 Equidem
630 3599 874 3647 Mamert.
909 3596 961 3645 in
993 3595 1240 3645 Genetbl.
1266 3594 1413 3643 Max.

342 3674 482 3735 Aug.
507 3687 589 3725 rx.
611 3677 662 3723 8.
694 3673 710 3701 ‘
736 3671 869 3728 Ina:
891 3671 1077 3734 iuquit.
1099 3671 1115 3697 ⁸
1145 3684 1258 3732 quae
1287 3678 1412 3718 tunc

341 3752 456 3801 aliis
479 3749 658 3800 forent
673 3746 1071 3806 inaccessibilia,
1086 3742 1412 3808 superastis-¹

344 3828 544 3878 Eadem
566 3840 695 3876 voce
715 3826 874 3875 etiam
897 3824 1179 3886 scriptores
1203 3821 1412 3870 ecclesi·

344 3902 492 3953 astici
526 3901 812 3951 identidem
837 3906 1085 3958 utuntur;
1120 3899 1211 3947 sed
1242 3912 1305 3947 ea
1327 3897 1412 3946 vix

342 3979 591 4031 convenit
615 3978 735 4027 stilo
756 3976 1018 4026 Pliniana.
1074 3975 1276 4024 Plinius
1298 3974 1413 4023 Ma·

333 4056 425 4119 jor
457 4068 536 4104 vt.
561 4057 647 4102 82.
685 4052 860 4116 potius
905 4050 1107 4111 scribit,
1139 4053 1156 4080 ⁶
1181 4050 1413 4113 Opidurn

341 4128 722 4182 circumdatum
778 4127 1040 4178 montibus
1100 4126 1417 4179 inaccessis.'

340 4208 596 4259 Similiter
628 4205 770 4256 idem
799 4203 922 4254 alibi
960 4202 1111 4293 dicit,
1135 4209 1150 4234 ⁸
1173 4218 1314 4253 oram
1338 4203 1415 4253 in-

344 4299 613 4338 accessam
662 4297 847 4346 ccum
898 4294 1040 4332 mare
1096 4294 1415 4334 inaccessum

2412 378 2540 444 731

1475 534 1700 598 seopulis
1718 552 1734 595 3
1769 535 1933 586 saltus
1974 535 2288 596 inaccessus,
2316 534 2544 586 inacces-

1477 625 1586 660 sam
1611 610 1831 674 rupem,’
1853 619 1908 660 et
1931 611 1974 659 si
2000 625 2104 674 qua
2124 619 2246 660 sunt
2265 613 2364 660 alia
2386 627 2544 675 gene-

1478 687 1548 735 ris
1570 686 1824 748 ejusdem.
1879 687 2050 737 Etiam
2071 688 2308 744 Tacitus,
2329 690 2545 752 equalis

1479 762 1673 823 Plinio,
1700 761 1934 812 rii-mv.
1968 768 2051 812 5⁰.
2083 765 2212 813 dicit
2242 765 2545 816 ‘inaccessa

1478 839 1757 901 mapalium
1777 854 1794 899 3
1813 837 1827 859 '
1855 848 1906 887 et
1931 840 1996 888 de
2024 839 2329 902 Germania,
2352 855 2470 903 cap.
2494 845 2544 890 1.

1479 918 1721 966 ‘Rhenus
1767 918 2114 968 Rhaetiearum
2151 916 2360 980 Alpium
2403 920 2544 968 inac-

1478 1007 1627 1042 cesso
1647 1007 1708 1042 ac
1732 994 1992 1056 precipiti
2008 994 2205 1042 vertice
2218 994 2399 1043 ortus!
2435 995 2546 1045 An·

1480 1081 1532 1120 te
1566 1072 1679 1133 hos,
1711 1073 1898 1135 virgil.
1935 1072 2049 1121 AEn.
2088 1083 2188 1122 vu.
2223 1075 2303 1120 u.
2346 1074 2362 1100 ⁸
2386 1072 2545 1123 Dives

1479 1149 1771 1199 inaccessos
1788 1150 1874 1199 ubi
1896 1150 2019 1198 solie
2039 1149 2143 1199 filia
2158 1150 2303 1199 lucos
2322 1149 2545 1200 Assiduo

1479 1238 1683 1279 resonat
1708 1228 1899 1278 cantu!
1947 1230 2015 1278 Et
2045 1242 2172 1278 vin.
2200 1234 2313 1277 195.
2343 1229 2545 1280 ‘Quam

1478 1305 1594 1353 dira
1617 1307 1829 1353 tenebat
1855 1305 1989 1356 Solis
2012 1305 2325 1353 inaccessam
2353 1303 2547 1354 radiis!

1479 1379 1561 1428 Ad
1588 1394 1705 1444 qnae
1741 1380 1895 1428 verba
1920 1380 2126 1428 Servius
2157 1381 2265 1429 lia-c
2287 1393 2546 1430 commen·

1479 1463 1657 1504 tatur:
1701 1463 1716 1486 ⁸
1744 1456 2081 1519 Participiuin
2118 1457 2227 1505 sine
2260 1456 2402 1503 verbi
2445 1457 2547 1505 ori·

1479 1533 1618 1595 gine.
1661 1531 1876 1581 Acceden-
1897 1532 2028 1579 eniin
2054 1545 2152 1580 non
2180 1530 2392 1579 dicimus
2413 1548 2428 1591 3
2453 1531 2542 1580 sed

1478 1608 1585 1656 tale
1609 1612 1706 1663 est,
1732 1615 1786 1655 ut
1821 1606 2013 1670 placita,
2032 1612 2202 1669 nupta,
2237 1606 2547 1668 triumphata.

1475 1688 1697 1745 regnatu.
1766 1685 1833 1733 Et
1859 1684 2125 1748 quaeritur,
2157 1684 2271 1747 quis
2304 1684 2399 1731 lice
2426 1691 2549 1732 aute

1480 1759 1757 1823 Virgilium
1782 1757 2042 1808 dixerit?'
2075 1759 2344 1808 Hactenus
2373 1759 2547 1807 Servi·

1479 1850 1558 1884 ns.
1618 1836 1705 1884 Sic
1730 1850 1853 1884 vero
1883 1837 2039 1885 etiam
2078 1835 2271 1884 dicitur
2293 1837 2307 1863 ⁸
2332 1835 2546 1884 illauda-

1481 1911 1603 1974 tus‚'
1623 1912 1709 1976 qui
1735 1912 1937 1961 laudari
1972 1925 2073 1961 uon
2106 1917 2299 1976 potest,
2321 1920 2407 1959 aut
2446 1926 2548 1961 non

1479 1987 1667 2048 debet,
1698 1991 1715 2017 ‘
1741 1986 2003 2051 invictus‚'
2029 2004 2177 2051 quem
2203 1995 2444 2037 tinctores
2467 2002 2548 2036 se·

1479 2065 1672 2127 quioris
1709 2063 2012 2113 Latinitatis
2057 2070 2242 2113 vocant
2287 2066 2303 2091 ⁴
2328 2063 2551 2112 invinci-

1482 2139 1676 2203 bilem,’
1697 2145 1796 2190 &e.
1833 2140 2075 2189 Schmun.

1547 2218 1925 2280 Inexpugnabt’le
1995 2214 2357 2275 munimentum]
2427 2216 2548 2265 Huc

1481 2295 1708 2357 pertinet
1731 2296 1872 2344 locus
1892 2307 1955 2341 ex
1973 2293 2189 2341 Senecae
2212 2294 2273 2337 de
2291 2292 2553 2341 clement.

1483 2384 1523 2420 t.
1565 2374 1642 2421 19.
1672 2371 1780 2435 qui,
1817 2370 2050 2435 quamvis
2087 2368 2153 2417 ab
2188 2369 2299 2416 aliis
2328 2369 2438 2432 jam
2480 2369 2552 2420 sit

1484 2456 1901 2511 preoccupatus,
1942 2445 2203 2509 pulchrior
2240 2453 2414 2495 tamen
2448 2455 2553 2507 est,

1483 2538 1638 2587 qnam
1679 2534 1737 2573 ut
1781 2537 1882 2572 nou
1932 2521 2089 2571 etiarn
2137 2522 2219 2571 liic
2263 2528 2552 2583 repetatur.

1479 2604 1496 2631 ⁶
1516 2601 1638 2650 Non
1661 2616 1791 2664 opus
1815 2598 1934 2661 est,'
1960 2599 2148 2664 inquit,
2181 2601 2195 2625 ⁸
2221 2599 2475 2650 instruere
2496 2599 2553 2648 in

1481 2678 1646 2727 altum
1666 2676 1836 2726 editas
1855 2689 2035 2735 arces;
2069 2674 2232 2723 necin
2249 2676 2552 2724 adscensum

1482 2752 1670 2801 arduos
1712 2753 1874 2802 colles
1917 2751 2189 2813 emunire3
2243 2765 2341 2800 nec
2389 2753 2555 2800 latera

1483 2830 1734 2879 montium
1789 2826 2125 2889 abscindere5
2180 2827 2554 2890 multiplicibus

1484 2920 1541 2955 se
1576 2907 1735 2955 muris
1760 2906 2090 2966 turribusque
2112 2904 2284 2966 sepire
2308 2920 2321 2951 ι
2355 2905 2552 2952 salvum

1484 2996 1661 3044 regern
1685 2981 1736 3029 in
1758 2989 1943 3042 aperto
1967 2978 2241 3027 clementis
2266 2978 2556 3041 prestabit.

1486 3057 1662 3106 Unum
1704 3063 1787 3103 est
1831 3052 2231 3115 inexpugnabile
2270 3052 2554 3102 munimen·

1489 3141 1616 3188 tum,
1650 3145 1793 3180 arnor
1825 3128 2051 3178 civium-⁹
2108 3129 2355 3178 Mamert.
2398 3128 2556 3180 Grat-

1487 3207 1609 3258 Act.
1629 3207 1663 3258 J
1672 3207 1840 3255 uliano
1861 3204 1997 3268 Aug.
2020 3219 2069 3253 e.
2085 3208 2169 3254 24.
2204 3206 2219 3231 ‘
2241 3206 2379 3257 Quid
2399 3208 2555 3257 armis

1485 3298 1616 3347 opus
1639 3291 1738 3339 est,
1772 3296 1887 3332 curn
1910 3280 2201 3331 firmissimo
2226 3280 2292 3330 sis
2315 3296 2460 3331 muro
2482 3282 2556 3331 ci·

1488 3363 1589 3410 vici
1613 3361 1799 3409 amoris
1822 3360 2068 3422 obseptus
2087 3361 2105 3407 i
2124 3359 2137 3380 ’
2174 3362 2324 3410 Ident-

1555 3437 1954 3501 Inexpugnabile]
1993 3440 2218 3487 Seneca:
2256 3439 2454 3489 ‘Unum
2475 3447 2559 3490 est

1487 3513 1881 3578 inexpugnabile
1907 3513 2299 3574 munimentum,
2322 3530 2465 3565 amor
2487 3518 2560 3566 ci·

1491 3589 1665 3639 vium?
1702 3589 1837 3651 Lips.

1558 3663 1782 3727 Terrore]
1831 3665 2050 3724 Ennius,
2084 3670 2099 3693 ‘
2125 3680 2272 3730 quem
2299 3674 2558 3731 metuunt,

1487 3741 1741 3801 oderunt3
1777 3754 1930 3805 quem
1950 3741 2164 3806 quisque
2184 3743 2314 3799 odit,
2340 3744 2555 3807 periisse

1488 3817 1728 3880 expetit?
1759 3817 1912 3866 Ber-n.

1556 3895 1731 3958 Septa:
1751 3894 1976 3958 caricare]
2002 3895 2080 3944 Ex
2099 3895 2352 3945 Cicerone
2375 3896 2424 3944 iu
2449 3894 2559 3943 An-

1492 3973 1718 4021 tonium:
1773 3974 1790 4002 ⁸
1817 3972 2052 4021 Caritate
2095 3980 2149 4021 et
2194 3973 2556 4022 benevolentia

1489 4048 1679 4099 civium
1705 4056 1911 4111 septum
1951 4056 2161 4111 oportet
2187 4063 2315 4110 esse,
2340 4063 2439 4097 non
2477 4063 2557 4098 sr-

1490 4126 1625 4177 mis.’
1656 4125 1793 4188 Lips.

1558 4203 1710 4254 Ama
1732 4201 1857 4251 enirn
1875 4198 2048 4261 amia]
2085 4200 2343 4249 Homerus
2361 4200 2456 4252 boc
2473 4217 2559 4253 vo·

1494 4279 1590 4331 luit
1609 4294 1625 4330 z
1658 4276 1792 4330 ἕλκει
1811 4274 1869 4327 ⁸6
1881 4293 1938 4327 τι
1954 4275 2101 4339 ἄνδρα
2118 4277 2323 4343 σίδηρος,
2343 4281 2561 4345 risusque
