3060 4902
581 316 715 386 962

587 476 798 527 verbum
820 476 837 505 ⁴
851 474 1153 525 submovere
1167 471 1183 493 '
1203 470 1496 522 denotetur.
1528 468 1635 519 Ita·

585 569 685 619 que
723 552 896 616 credo,
930 560 1055 602 tunc
1091 550 1294 600 demum
1331 562 1449 598 cum
1476 546 1635 597 verbo

584 628 962 679 tsubmovere'
1018 635 1141 692 apte
1184 626 1430 690 conjungi
1481 639 1634 688 posse

582 708 790 758 verbum
815 709 831 735 ⁸
847 705 1191 770 proturbare,'
1213 706 1255 755 si
1278 707 1375 753 boc
1401 704 1474 752 illi
1500 703 1635 752 bunc

580 784 632 835 in
658 783 863 833 modum
886 784 1245 847 subjungatur,
1279 783 1432 832 Nemo
1452 779 1636 829 abmo-

578 863 795 925 sebum,
841 877 975 912 nesso
1024 860 1402 926 proter-babuerit.
1466 859 1634 910 Quam

582 956 708 991 vero
731 937 1126 991 collocationem
1153 939 1205 988 in
1229 939 1367 987 nullo
1398 934 1525 987 libro
1548 936 1636 985 de·

583 1018 961 1082 prehendimus.
1029 1017 1323 1067 Retinemus
1346 1015 1503 1076 igitur
1522 1026 1637 1062 ver-

581 1094 703 1144 bum
718 1095 1084 1159 perturbabatur
1095 1109 1117 1152 ,-
1149 1107 1263 1141 nam
1286 1092 1514 1142 homines
1537 1090 1635 1139 eti·

582 1186 663 1220 arn
687 1171 1016 1221 multitudine
1042 1169 1416 1230 comitantium,
1437 1175 1492 1218 et
1523 1167 1637 1216 solo

581 1248 803 1297 clamore
846 1261 906 1297 ac
947 1247 1172 1310 strepitu
1215 1246 1468 1300 lictorum,
1511 1244 1635 1294 alio-

581 1338 757 1373 rumve
771 1324 1120 1387 apparitorum
1142 1322 1431 1386 perturbari
1455 1330 1509 1371 et
1534 1331 1636 1371 ter·

582 1401 686 1450 reri
742 1408 1046 1466 potuerunt,
1091 1400 1188 1450 etsi
1242 1398 1467 1449 nondum
1518 1397 1635 1447 sub-

581 1485 925 1528 moverentur.
1015 1477 1154 1528 Hinc
1222 1476 1423 1526 Plinius
1480 1474 1635 1532 infra.

582 1567 823 1604 Lxxxm.
839 1559 889 1603 7.
908 1552 974 1603 de
992 1568 1149 1604 uxore
1163 1553 1402 1617 Trajani:
1435 1552 1449 1581 ‘
1463 1553 1634 1604 Quam

582 1645 738 1695 parca
766 1631 1048 1681 comitatu!
1088 1645 1238 1696 quarn
1271 1631 1435 1681 civilis
1471 1630 1637 1680 inces-

579 1708 674 1756 su!
711 1740 725 1754 .
751 1741 765 1757 .
788 1738 804 1754 .
837 1705 940 1763 An.
984 1722 1102 1757 cnm
1147 1708 1337 1769 videat,
1380 1720 1532 1769 quam
1579 1715 1634 1757 te

579 1783 749 1833 nullus
785 1789 969 1847 terror,
988 1784 1128 1833 nulla
1161 1784 1441 1833 comitetur
1475 1782 1635 1831 ambi·

579 1860 671 1918 tio,
688 1872 788 1908 non
812 1866 868 1908 et
889 1858 1001 1922 ipsa
1023 1873 1138 1909 cum
1159 1860 1365 1910 silentio
1382 1857 1635 1910 incedat?

575 1934 816 1985 Schmun.

645 2012 800 2062 Tanta
830 2013 1091 2063 uiatoribus
1117 2013 1270 2079 quies,
1292 2018 1453 2063 tantus
1484 2015 1637 2076 pudor

565 2089 804 2156 fascibus]
851 2091 897 2140 1.
938 2106 987 2142 e.
1027 2100 1130 2142 tam
1174 2091 1335 2156 quieti
1380 2092 1639 2154 viatores;

578 2174 684 2217 tam
707 2166 945 2226 modesti,
967 2178 1022 2220 et
1044 2169 1252 2219 silentes
1282 2183 1346 2220 ac
1373 2169 1518 2232 quasi
1543 2183 1635 2231 pu-

577 2245 809 2309 dibundi,
833 2246 1062 2306 lictores,
1084 2260 1169 2310 qut
1192 2244 1360 2296 fasces
1391 2244 1635 2308 prefere-

578 2321 738 2372 bant!
808 2325 886 2374 De
928 2324 1189 2374 viatoribus
1240 2325 1340 2374 buc
1393 2321 1636 2383 referam,

579 2414 693 2465 quae
721 2399 833 2462 jam
864 2402 1133 2451 annotavit
1156 2401 1445 2450 Cellarins:
1479 2399 1636 2447 Via-

580 2481 753 2537 tores(
774 2478 809 2525 i.
826 2493 874 2526 e.
899 2479 1241 2541 apparitores,
1263 2478 1482 2527 ministri
1509 2477 1636 2539 pub-

578 2553 684 2607 lici,
706 2561 760 2602 et
796 2554 895 2615 ipsi
932 2553 1068 2603 sorte
1099 2555 1325 2604 lictores.
1390 2554 1532 2603 Alibi
1559 2561 1636 2601 ta·

576 2641 693 2676 men
747 2628 994 2686 distinaui
1042 2629 1277 2679 ‘viator'
1322 2639 1376 2679 et
1416 2630 1640 2680 ‘lictor’

578 2703 850 2767 videntum
883 2713 940 2755 et
961 2706 1097 2769 apud
1122 2706 1233 2756 Litr.
1266 2720 1327 2756 ιι.
1361 2711 1442 2756 56.
1474 2707 1637 2757 tribu·

576 2795 672 2830 nus
722 2782 738 2808 ⁸
764 2780 1047 2843 viatorem,'
1097 2783 1275 2832 consul
1325 2789 1340 2812 ⁶
1364 2783 1637 2845 lictorem,'

576 2855 756 2906 mittit.
822 2857 1044 2921 Proprie
1097 2866 1269 2907 autern
1314 2859 1365 2907 bi
1413 2860 1638 2910 ministri

576 2941 591 2962 ⁸
609 2934 830 2983 viatores
848 2932 862 2955 ’
886 2935 1033 2998 dicti,
1050 2936 1136 3000 qui
1161 2943 1426 2986 senatores
1450 2953 1479 2985 e
1501 2937 1636 2987 villis

577 3019 633 3061 et
669 3026 785 3061 rure
823 3012 876 3061 in
914 3022 1153 3063 senatum
1187 3015 1544 3076 arcessebant,
1579 3022 1637 3063 nt

575 3088 771 3138 Tullius
797 3090 861 3140 de
886 3091 1193 3153 Senectute,
1223 3106 1270 3140 c.
1294 3097 1373 3140 16.
1405 3099 1461 3142 et
1482 3093 1634 3141 Colu-

575 3166 728 3215 mella
753 3165 969 3217 Priefat.
995 3168 1208 3231 Operis,
1231 3173 1346 3231 p.'1.
1373 3168 1425 3217 id
1451 3182 1637 3217 nomen

577 3241 1008 3304 interpretantur.
1069 3243 1152 3294 cf.
1195 3260 1312 3309 quas
1356 3259 1530 3308 supra,
1571 3246 1634 3294 ad

580 3332 751 3367 xxm.
771 3326 828 3368 et
849 3319 913 3368 ad
939 3333 1049 3370 ul.
1073 3321 1447 3371 annotavimus.
1503 3321 1636 3371 Con·

576 3394 658 3444 fer
680 3397 836 3445 etiarn
860 3396 1096 3447 Pataroli
1119 3406 1313 3448 notam.
1345 3399 1492 3447 Iden.

652 3471 954 3536 Victoribus]
988 3476 1327 3536 Magistratus
1368 3475 1489 3524 olim
1527 3474 1635 3525 Ro-

533 3567 538 3572 ·
577 3548 732 3606 mani,
779 3549 892 3611 jam
937 3551 1157 3612 publicis
1199 3552 1496 3602 muneribus
1543 3551 1634 3600 de·

578 3620 763 3683 functi,
809 3625 1133 3685 agriculturae
1179 3642 1389 3691 operam
1444 3627 1638 3677 dabant

578 3708 728 3748 extra
750 3699 1210 3767 Romam,cutnqne
1232 3705 1490 3767 publicum
1510 3718 1635 3753 con·

576 3776 745 3826 silium
769 3776 1187 3840 desiderabatur,
1204 3795 1232 3827 a
1250 3780 1381 3828 villis
1404 3794 1633 3830 arcesse·

579 3853 768 3904 bantur
805 3855 855 3903 in
890 3862 1147 3918 senatum,
1180 3870 1246 3905 ex
1279 3870 1399 3920 quo,
1429 3857 1516 3921 qni
1553 3872 1635 3906 ar-

576 3930 871 3987 cessebant.
923 3929 1052 3980 dicti
1103 3935 1118 3960 ⁸
1144 3931 1403 3981 viatores.’
1481 3933 1635 3982 Colu-

578 4007 717 4060 rnell.
739 4008 789 4056 in
816 4005 1031 4057 Praefat.
1068 4008 1156 4064 lib.
1185 4023 1278 4064 xv.
1309 4009 1447 4060 Plin.
1471 4009 1542 4060 N.
1564 4009 1637 4060 H.

578 4096 749 4133 xvni.
769 4088 816 4133 3.
836 4084 947 4134 Cic.
969 4084 1036 4135 de
1055 4087 1262 4137 Senect.
1327 4089 1490 4139 Erant
1511 4101 1636 4151 ergo

579 4158 830 4209 ‘ministri
876 4161 1109 4226 publici‚'
1141 4164 1343 4216 Grecis
1386 4164 1635 4231 κλήταρισ,

567 4233 951 4294 jurisconsultis
988 4241 1256 4308 aliquando
1286 4243 1635 4302 ‘ministeriu'

1267 326 1483 377 1⁴01·AE
1533 322 1939 373 vammum
1989 322 2069 371 ΙΝ

1710 480 2072 532 nonnunquam
2106 462 2339 517 ‘officia’
2371 470 2428 516 et
2458 461 2776 525 ‘officialem'

1711 544 1971 594 interdum
1993 543 2009 570 ‘
2026 550 2333 593 executores
2351 543 2365 564 ’
2389 544 2483 593 lib.
2500 558 2538 594 ι.
2549 558 2666 608 αι».
2688 542 2773 595 fil.

1710 618 1912 669 official.
1922 620 2204 684 saepissirue
2221 620 2237 646 ⁸
2249 620 2612 685 apparitores.’
2645 621 2777 671 vat·

1711 698 1822 760 gius
1845 694 2021 746 Ruffus
2045 697 2181 759 apud
2206 695 2274 746 A,
2294 697 2434 748 Geli.
2459 711 2565 748 ιιι.
2583 702 2635 747 3.
2655 713 2772 749 eos·

1710 772 1827 823 dein
1852 771 1964 823 fere
1986 773 2252 822 existimat
2282 787 2399 823 esse
2430 788 2549 823 curn
2573 774 2773 824 lictori·

1709 851 1827 914 bus,
1850 859 1904 901 et
1924 852 2016 900 bos
2039 864 2105 899 ex
2127 851 2330 901 illorum
2349 852 2570 915 collegio
2584 868 2600 898 ι
2635 852 2773 902 Liri·

1711 942 1771 977 us
1803 936 1974 977 tamen
2004 927 2095 977 lib.
2119 941 2182 977 ιι.
2207 928 2224 955 ‘
2242 927 2496 978 viatores’
2529 928 2773 985 tribunis,

1712 1000 1987 1052 ‘lictores'
2025 1002 2320 1052 consulibus
2351 1001 2623 1065 adsignata
2668 1017 2770 1054 nee

1709 1080 1866 1129 aliter
1897 1079 2059 1129 Varro
2087 1081 2140 1137 in
2165 1093 2334 1128 rerum
2366 1080 2704 1129 humanarum
2730 1080 2772 1131 1.

1709 1168 1833 1205 xxi.
1850 1155 1988 1221 apud
2008 1154 2180 1220 Agell.
2202 1170 2337 1207 xm.
2357 1160 2437 1206 12.
2469 1159 2486 1185 ‘
2501 1156 2568 1205 In
2585 1155 2772 1221 uagis·

1711 1232 1886 1290 tratu,’
1922 1234 2109 1298 inquit,
2151 1234 2373 1284 ‘babent
2415 1233 2505 1284 alii
2540 1234 2771 1285 vocatio·

1711 1312 1944 1374 nem,alii
1966 1312 2372 1377 prehensiouern,
2388 1312 2476 1361 alii
2492 1308 2772 1363 nentrum}

1708 1393 1723 1416 ·
1742 1389 2108 1446 vocationem,'
2142 1398 2199 1438 ut
2221 1401 2361 1439 cous.
2392 1396 2446 1439 et
2472 1389 2666 1450 ceteri,
2681 1387 2771 1453 qui

1709 1465 1899 1516 babent
1950 1468 2218 1532 imperium
2243 1485 2259 1517 z
2305 1466 2775 1533 'prebendae-,⁹

1712 1552 1769 1592 ut
1792 1543 1983 1594 tribuni
2006 1545 2190 1608 plebis,
2218 1551 2276 1596 et
2303 1549 2320 1575 ‘
2339 1546 2445 1610 alii,
2466 1547 2554 1610 qui
2577 1546 2776 1603 babent

1711 1621 1989 1672 viatorem:
2022 1636 2192 1688 neque
2224 1624 2567 1686 vocationem,
2602 1633 2775 1688 neq-0

1708 1698 2120 1765 prehensionem,
2142 1708 2201 1751 ut
2224 1710 2509 1764 questores
2539 1708 2599 1750 et
2628 1710 2774 1752 cete-

1712 1776 1773 1835 ri,
1796 1775 1881 1839 qui
1911 1789 2076 1841 neque
2111 1777 2343 1831 lictorem
2365 1777 2578 1842 babent,
2600 1791 2774 1843 noque

1712 1850 1995 1901 viatorem.'
2037 1853 2189 1904 Beris.

1774 1928 2029 1993 Fascibus]
2076 1928 2366 1980 Lictoribns
2408 1927 2583 1980 fascea
2627 1929 2773 1981 defn-

1710 2005 1960 2055 rentibus.
2024 1997 2362 2058 Differebant
2407 2016 2580 2058 autem
2632 2009 2773 2059 ‘ria-

1710 2080 1879 2132 tores'
1928 2097 1960 2132 a
2011 2082 2312 2134 ‘lictoribus
2327 2082 2365 2135 :'
2419 2086 2606 2148 prino.
2646 2086 2775 2149 onia

1708 2159 1980 2210 ‘lictores’
2012 2161 2258 2227 ligabant,
2299 2168 2355 2211 et
2399 2162 2569 2213 securi
2607 2163 2772 2215 etin·

1709 2234 2007 2299 feriebaut;
2070 2244 2086 2267 ⁴
2113 2239 2345 2289 viatores
2366 2237 2381 2260 ’
2437 2246 2611 2289 antem
2663 2253 2772 2290 no-

1711 2314 1868 2365 item=
1905 2313 2115 2375 deiude,
2159 2316 2296 2381 quod
2331 2316 2347 2344 ‘
2369 2313 2611 2365 lictores'
2644 2328 2772 2365 cs·-

1709 2391 1874 2441 sulum
1924 2390 2056 2449 fere,
2106 2399 2161 2441 et
2210 2399 2512 2457 pratorum,
2564 2399 2774 2443 tantu-

1711 2477 1894 2529 erant;
1928 2467 2216 2518 'viatores'
2252 2476 2429 2518 autern
2471 2469 2630 2524 etiam
2670 2469 2773 2520 ni-

1709 2559 1890 2602 norum
1945 2546 2370 2611 magistratuum:
2423 2544 2599 2605 tertio,
2644 2544 2775 2608 quio

1709 2621 1955 2680 ‘lictores
1976 2620 1992 2643 '
2032 2622 2386 2684 magistratum
2416 2622 2579 2671 solun
2619 2629 2779 2676 ant·-

1709 2702 1889 2762 ibsnt;
1920 2702 1938 2731 ⁶
1953 2703 2175 2752 viatores
2195 2701 2212 2725 ⁹
2233 2709 2406 2753 autern
2430 2702 2527 2751 bac
2548 2701 2775 2766 illacque

1706 2779 2048 2838 cursitabant,
2080 2780 2238 2830 etiarn
2273 2789 2423 2830 extra
2467 2779 2671 2841 urbem,
2699 2778 2774 2831 nd

1708 2856 1799 2906 bos
1829 2857 1910 2906 vel
1931 2857 2049 2906 illos
2071 2856 2430 2906 accersendos.
2465 2855 2684 2906 Patavi.

1771 2931 1973 2996 Aliena]
2006 2933 2349 2985 Occurrentis
2389 2931 2563 2982 divitis
2606 2929 2776 2982 alie·-

1703 3010 1814 3075 jus,
1835 3019 1927 3061 aut
1949 3011 2295 3074 magistratus.
2328 3010 2463 3073 Lips.

1774 3089 1934 3151 Ipsius
1954 3089 2140 3152 quiden
2172 3086 2398 3155 officiunt]
2428 3087 2473 3137 1.
2504 3100 2553 3135 e.
2586 3085 2775 3151 Ipsi-

1709 3166 1915 3229 Trajaui
1942 3166 2218 3215 comitatus
2258 3172 2364 3213 tam
2396 3163 2759 3225 modium&

1717 3243 1934 3333 officiunt
1974 3243 2070 3292 boc
2110 3244 2226 3292 loco
2267 3240 2582 3301 permenii-‘is
2619 3246 2778 3290 notat

1711 3321 1821 3382 e'os,
1836 3321 1924 3385 qui
1947 3335 2011 3369 ex
2032 3317 2207 3371 officio
2229 3317 2609 3368 comitabantur
2635 3315 2782 3380 prta-

1709 3397 1875 3461 cipenz
1899 3413 1916 3458 ς
1952 3398 2027 3446 nti
2052 3397 2189 3462 apud
2216 3393 2632 3446 Sueton.Cland.
2655 3407 2707 3445 e·
2724 3397 2780 3444 2.

1710 3475 1867 3524 'Sine
1901 3473 2099 3523 solenni
2135 3470 2343 3529 officio,’
2373 3471 2409 3521 i.
2434 3486 2483 3521 e.
2511 3470 2780 3522 munitatu

1709 3560 1766 3601 et
1787 3551 1998 3615 bonore,
2035 3550 2259 3601 ‘lectica
2290 3550 2342 3599 iu
2370 3549 2676 3612 capitolium
2697 3549 2781 3600 ln-

1710 3635 1795 3676 tus
1817 3625 1927 3675 est.’
1993 3625 2151 3675 Ovid.
2173 3639 2240 3675 ex
2264 3625 2455 3685 Ponto,
2484 3637 2564 3674 iv.
2595 3629 2654 3675 ι
2687 3629 2779 3680 41.

1709 3707 1726 3734 ‘
1745 3704 1876 3754 Inde
1892 3701 2097 3753 domum
2114 3711 2339 3768 repetes.
2355 3710 2465 3752 toto
2481 3702 2780 3754 eomitante

1710 3789 1913 3837 senatu,
1936 3777 2177 3829 Officium
2199 3778 2374 3843 populi
2405 3779 2492 3827 vix
2524 3778 2780 3842 eapient-

1710 3855 1901 3907 domo.'
1955 3857 2248 3921 Aliquando
2269 3854 2471 3922 officim
2490 3855 2650 3905 etiarn
2674 3869 2781 3920 pru

1710 3935 1833 3984 solis
1871 3930 2175 3983 officialibus
2210 3946 2272 3980 ae
2309 3931 2557 3980 ministris
2581 3931 2780 3995 maflin-

1711 4019 1938 4062 tratuuin
1960 4010 2061 4059 dici
2081 4009 2364 4060 cousuevit.
2417 4007 2481 4058 In
2505 4007 2780 4060 codicibus

1709 4087 2013 4150 Parisiensi,
2047 4085 2452 4148 salisburgensi,
2480 4085 2690 4136 Veneto
2726 4091 2784 4139 1.

1709 4164 1988 4225 Patavium
2011 4171 2067 4215 et
2097 4162 2231 4213 libro
2251 4162 2527 4220 vossiano.
2561 4163 2693 4214 item
2722 4165 2783 4214 in

1709 4240 2005 4301 Puteolani,
2038 4247 2099 4294 et
2132 4237 2401 4305 Bucam,
2435 4238 2781 4306 editionibus,
