3060 4902
548 372 682 441 610

553 534 689 586 forte
705 532 993 586 excidisse:
1030 531 1264 582 necdum
1289 528 1483 594 aliquid
1510 542 1618 577 mu·

553 621 667 661 tare
702 608 889 675 audeo,
928 618 1194 674 totamque
1236 609 1369 657 banc
1408 614 1618 656 seuten-

552 689 674 738 tiam
701 688 776 737 sic
799 686 1137 737 ordinandam
1169 693 1328 749 atque
1352 685 1616 747 explican-

553 765 671 813 dam
713 764 985 813 existimo:
1025 765 1125 824 Ila,
1160 762 1383 827 beneficio
1416 767 1515 822 luo,
1536 776 1621 809 nec

551 840 767 899 maligna
810 840 949 889 tellus
981 839 1084 888 risa
1125 843 1235 895 est‚·
1277 843 1323 886 et
1367 837 1621 898 obsequens

560 916 710 965 Nilus
753 915 815 979 [i.
857 930 903 963 e.
945 915 1119 978 Nilus,
1163 929 1279 963 cum
1326 914 1620 974 obsequens

553 993 699 1058 suin]
728 997 940 1058 AEgypto
971 995 1160 1056 quidem
1190 1006 1315 1054 ηερε
1330 991 1486 1054 fluxu
1522 991 1618 1038 lar-

549 1073 684 1136 gior,
703 1086 922 1135 eamque
957 1069 1288 1128 fecundavit3
1323 1069 1419 1121 sed,
1443 1082 1507 1114 ex
1533 1079 1618 1113 eo-

552 1151 671 1200 dem
697 1149 947 1199 beneficio
972 1156 1081 1209 tuo,
1112 1147 1282 1209 glorioe
1306 1150 1478 1193 nostroe
1499 1159 1617 1191 nun·

552 1244 691 1292 qaam
707 1227 890 1287 largior
906 1221 1436 1287 benigniorquefluxit
1453 1237 1472 1277 ;
1497 1220 1617 1268 dnm

552 1318 741 1366 nempe
757 1304 1078 1352 occasionem
1094 1303 1468 1360 materiamque
1488 1311 1618 1359 prae-

552 1380 668 1430 buit
693 1379 870 1442 gloriae
904 1377 1109 1440 imperii
1149 1374 1366 1424 Romani
1398 1373 1617 1435 ampliti-

552 1456 752 1512 candae,
770 1457 863 1518 ita,
884 1463 940 1505 ut
960 1468 1082 1503 vere
1108 1453 1314 1513 gloriari
1342 1449 1617 1513 possimus,

554 1548 650 1584 nos
682 1533 873 1582 aluisse
899 1532 1198 1594 AEgyptum‚
1220 1528 1355 1576 uude
1380 1529 1504 1574 alias
1530 1540 1615 1573 an·

551 1625 742 1660 nonam
773 1618 955 1674 petere
990 1608 1297 1656 solebamus.
1332 1603 1619 1655 Gesner-us,

553 1688 606 1737 in
632 1688 801 1736 altera
825 1686 1076 1745 editione,
1095 1683 1414 1744 obsequentem
1448 1679 1618 1726 Nilum

553 1764 609 1812 in
658 1770 856 1812 tantum
902 1760 1281 1822 interpretatur
1328 1754 1617 1815 obsequen-

555 1847 683 1898 tem,
726 1846 783 1885 ut
829 1837 1037 1884 allatum
1083 1835 1249 1882 classe
1304 1829 1617 1879 frumentum

553 1915 774 1965 adverso
819 1927 967 1961 amne
1011 1910 1075 1961 ad
1117 1909 1365 1959 interiora
1403 1906 1616 1971 AEgypti

555 1991 893 2056 perferatur,
923 1988 1140 2048 deinde,
1169 1994 1285 2049 post
1311 1985 1618 2033 vocabulum

555 2068 723 2130 Nilus,
764 2065 1055 2130 perfectam
1102 2065 1277 2127 posuit
1320 2063 1620 2123 interpunc-

553 2145 782 2202 tionem3
832 2149 1048 2207 propter
1093 2155 1247 2205 quam
1290 2153 1414 2187 vero
1459 2138 1620 2186 inter·

555 2221 886 2284 punctionem
912 2220 1090 2268 ultima
1110 2218 1260 2281 liujus
1286 2216 1473 2280 capitis
1507 2228 1620 2262 ver—

552 2299 622 2348 ba
671 2298 823 2346 nimis
875 2297 1094 2359 abrupte
1147 2292 1310 2343 fluere
1362 2291 1623 2359 videntur.

553 2378 690 2428 Quae
728 2372 999 2423 Arntzeuii
1034 2372 1101 2420 sit
1129 2369 1428 2420 emendatio
1462 2376 1620 2431 atque

553 2451 840 2515 explicatio
882 2449 1030 2512 hujus
1078 2448 1197 2504 loci,
1242 2447 1403 2510 ipsius
1448 2443 1622 2494 verbis

553 2541 843 2590 exponam:
886 2528 901 2554 ‘
930 2526 1058 2574 Cum
1095 2524 1264 2573 locum
1301 2520 1507 2585 ipsum‚’
1546 2521 1621 2570 in-

555 2604 688 2667 quit,
731 2605 747 2628 ‘
777 2601 983 2665 penitus
1035 2599 1378 2653 considerem,
1413 2597 1623 2646 videtur

551 2677 944 2729 rescribendum
970 2676 1203 2725 cumillis
1229 2673 1516 2736 codicibus,
1537 2689 1622 2722 nec

550 2755 754 2815 benigna
774 2753 928 2808 tellas,
955 2760 1009 2801 ut
1033 2766 1211 2799 seusus
1235 2752 1329 2800 sit:
1371 2750 1620 2801 Quamvis

551 2846 652 2881 nec
694 2830 916 2893 benigna
941 2827 1100 2878 fuerit
1143 2836 1299 2881 terra,
1336 2841 1433 2876 uec
1468 2828 1618 2875 obse-

553 2923 713 2975 quens
738 2908 890 2958 Nilus
916 2924 931 2968 ;
968 2913 1136 2955 tamen
1158 2918 1415 2967 nunqnam
1433 2904 1620 2965 glorio·

550 2986 657 3034 sior
671 2985 816 3034 nobis
829 2982 999 3040 fluxit,
1016 2991 1069 3032 et
1087 2983 1181 3032 lioc
1203 2981 1407 3046 quidem
1431 2981 1619 3031 benefi-

552 3062 634 3112 cio
658 3061 851 3111 sactum
880 3069 987 3110 tuo.
1058 3060 1228 3109 Acuta
1258 3058 1539 3114 sententia,
1567 3064 1623 3108 et

551 3154 674 3189 vere
722 3138 984 3200 Pliniana,
1029 3137 1171 3201 quasi
1225 3136 1368 3197 regio
1426 3135 1620 3183 sterili—

553 3221 682 3274 tate,
715 3222 770 3262 et
807 3215 958 3262 Nilus
993 3212 1347 3261 inobedientia
1384 3226 1496 3267 sua,
1532 3225 1621 3272 po·

553 3290 661 3355 puli
688 3289 900 3337 Romani
927 3289 1146 3352 gloriam
1170 3289 1468 3347 auxissent5
1503 3301 1619 3337 cum

552 3367 628 3415 ita
660 3364 854 3415 Caesari
880 3365 1055 3414 oblata
1094 3372 1230 3414 esset
1269 3362 1494 3415 facultas
1532 3363 1621 3413 de·

554 3443 809 3500 curandi,
848 3451 1042 3508 quanta
1078 3450 1134 3492 et
1179 3458 1329 3507 quam
1371 3449 1429 3491 ut
1466 3442 1620 3491 velox

557 3520 672 3583 ejus
728 3529 866 3570 esset
913 3520 1163 3583 potentia.
1233 3520 1369 3569 Nam
1423 3532 1478 3566 re
1536 3533 1622 3567 ve·

554 3611 612 3646 ra
641 3597 932 3661 obsequens
966 3596 1070 3646 dici
1107 3611 1208 3646 non
1241 3597 1413 3660 potuit
1450 3596 1621 3659 Nilus,

551 3687 667 3724 cum
691 3675 829 3723 solus
846 3673 1100 3736 Trajanus
1118 3673 1281 3737 copiis
1306 3674 1410 3722 suis
1428 3673 1620 3737 AEgyp·

553 3748 596 3800 ti
643 3750 909 3812 angustias
955 3750 1299 3799 sublevasset.
1391 3749 1619 3798 Dubiam

551 3825 784 3875 reddidit
820 3826 1136 3874 sententiam
1173 3825 1308 3889 quod
1348 3839 1449 3873 non
1478 3825 1620 3888 cogi·

551 3907 748 3963 tarent,
772 3902 825 3951 in
860 3908 925 3960 et,
961 3900 1055 3952 ἀπὸ
1088 3903 1246 3952 κοινοῦ
1279 3903 1618 3966 repetendam

551 3994 667 4029 esse
713 3980 1063 4043 negationem,
1108 3994 1202 4044 pro
1245 3994 1344 4030 nec
1399 3979 1623 4040 benigna

553 4060 735 4115 tellus,
757 4073 855 4108 nee
880 4058 1171 4123 obsequens
1198 4058 1384 4109 Nilus!
1450 4056 1621 4109 Affert

551 4135 900 4185 deintlevaria
926 4135 1185 4198 exempla,
1206 4135 1391 4200 quibus
1416 4135 1622 4198 probet,

553 4212 835 4275 particulas
856 4211 1153 4276 copulandi,
1177 4219 1192 4242 ³
1215 4210 1306 4267 et‚’
1333 4212 1348 4239 ‘
1374 4210 1471 4266 ac,’
1505 4213 1520 4238 ‘
1544 4219 1618 4260 at·

552 4287 692 4351 que,’
731 4303 871 4352 saepe
908 4302 1007 4338 non
1042 4288 1350 4353 simpliciter
1387 4300 1502 4337 esse
1541 4288 1616 4338 in·

1243 385 1462 436 ⁸01*AE
1517 379 1920 430 VARtORtJM
1967 375 2051 425 IN

1696 521 2085 588 terpretandas,
2122 520 2235 577 sed.
2272 532 2428 569 sensu
2475 515 2756 582 pendente,

1693 616 1809 651 cum
1847 598 2184 663 praecedente
2222 596 2481 661 particula
2516 593 2758 660 negandi,

1691 681 1706 706 ⁴
1736 676 1872 739 nou,’
1909 675 2315 739 conjungendas.
2381 675 2599 733 Verum,
2642 686 2757 722 seu·

1696 755 1859 803 tentia
1882 754 2090 818 quidem
2109 754 2215 801 haec
2238 765 2363 800 vere
2386 757 2468 800 est
2495 750 2755 800 Pliniana:

1695 841 1748 880 at
1771 831 1975 893 eadem,
1993 830 2089 878 nisi
2110 831 2450 878 vehementer
2471 826 2643 889 fallor,
2668 828 2760 876 ali-

1694 917 1943 971 quantum
1991 907 2233 971 liquidior
2274 904 2390 955 fluit
2435 919 2499 954 ex
2544 906 2758 967 vulgata

1695 985 1939 1048 lectione,
1984 994 2036 1033 et
2077 993 2257 1032 nostra
2300 982 2757 1045 interpretatione.

1698 1061 1875 1110 Lectio
1900 1061 2007 1116 illa,
2025 1076 2109 1109 nec
2131 1060 2352 1123 benigna,
2374 1073 2465 1122 pro
2486 1074 2569 1108 nec
2588 1059 2760 1121 malig-

1695 1150 1792 1193 πα,-
1850 1137 1973 1185 item
2027 1145 2084 1185 et
2127 1136 2499 1200 interpretatio
2550 1137 2757 1198 copulat

1693 1220 1741 1262 et
1780 1229 1872 1277 pro
1897 1220 1910 1241 ‘
1937 1213 2146 1278 neque,’
2168 1214 2344 1263 nescio
2378 1213 2499 1278 quid
2523 1213 2758 1262 obscuri-

1698 1291 1822 1339 tatis
1879 1291 1997 1339 ltuic
2064 1291 2177 1340 loco
2235 1289 2430 1340 inferre
2484 1291 2757 1340 videntur:

1696 1367 1929 1430 quamvis
1973 1367 2369 1431 haudquaquam
2416 1381 2620 1431 negem,
2668 1366 2760 1415 ali-

1695 1443 1904 1506 quando
1944 1458 2147 1492 sensum
2190 1445 2332 1494 illum
2379 1445 2603 1507 negandi
2649 1458 2759 1493 sus·

1697 1533 1912 1582 pensum
1952 1526 2095 1568 recte
2139 1521 2305 1569 locum
2348 1519 2542 1570 babere
2588 1534 2760 1583 posse.

1695 1594 1912 1655 Adhaec,
1949 1595 1991 1644 si
2022 1597 2102 1643 vel
2135 1597 2358 1645 maxime
2398 1610 2627 1645 assumas
2659 1597 2759 1644 ista

1694 1670 1874 1727 verba,
1902 1673 2131 1728 Quamvis
2152 1686 2237 1720 nec
2270 1672 2473 1735 benigna
2484 1673 2644 1732 suerit
2672 1675 2758 1723 tel-

1694 1749 1802 1805 lus;
1835 1763 2020 1797 manca
2043 1757 2215 1798 tamen
2252 1751 2353 1799 erit
2376 1755 2486 1800 haec
2522 1752 2759 1814 proposi·

1697 1823 1790 1879 tio,
1813 1838 1929 1872 cum
1955 1840 2056 1873 nou
2092 1825 2296 1882 babeat,
2317 1826 2559 1890 adquam
2587 1826 2758 1876 ἀπόδο-

1694 1916 1772 1947 σιν
1794 1899 2085 1962 reseratum
2120 1916 2289 1966 neque
2323 1903 2459 1951 euim
2489 1902 2760 1952 commoda

1698 1985 1873 2038 potest
1922 1978 2054 2025 trahi
2100 1977 2166 2026 ad
2214 1978 2320 2035 illa,
2367 1978 2554 2039 largior
2581 1978 2762 2042 fluxit,

1695 2068 1807 2115 quae
1834 2053 2005 2116 potius
2026 2053 2090 2101 ad
2119 2055 2294 2104 Nilum
2319 2056 2602 2118 pertinent.
2647 2058 2758 2106 De·

1698 2130 1872 2193 nique,
1888 2129 1963 2178 sic
1983 2131 2058 2177 vir
2074 2129 2258 2180 doctus
2276 2130 2428 2195 plane
2447 2135 2757 2196 praetermit-

1698 2206 1763 2254 tit
1786 2206 2092 2256 intermedia
2115 2209 2292 2271 verba,
2322 2210 2535 2273 AEgypto
2568 2211 2760 2273 quidem

1694 2297 1846 2346 saepe;
1867 2296 2036 2348 neque
2060 2286 2309 2348 ostendit,
2332 2301 2434 2349 quo
2458 2300 2522 2335 ea
2547 2287 2652 2336 sint
2677 2302 2759 2337 re·

1694 2358 1934 2409 ferenda.
1997 2361 2096 2410 Vix
2142 2363 2279 2411 enim
2326 2362 2427 2412 ista
2471 2363 2761 2426 coherent,

1695 2450 1779 2487 nec
1807 2436 2060 2501 obsequens
2119 2439 2264 2488 Nilus
2305 2441 2521 2504 AEgyplo
2572 2440 2762 2505 quiden

1694 2529 1819 2577 ηερε
1830 2515 2012 2578 fluxit,
2031 2518 2115 2579 ⁸50·
2148 2517 2413 2566 Schwarz.

1760 2592 1896 2642 cst.
1923 2605 2112 2641 xxxn.
2135 2593 2292 2648 Quam
2314 2592 2460 2655 nunc]
2482 2593 2546 2644 In
2572 2593 2756 2644 codice

1696 2668 1949 2717 Vaticano
1982 2673 2131 2718 8461.
2166 2670 2289 2719 item
2315 2672 2366 2720 in
2393 2669 2683 2719 Parisiensi
2704 2678 2761 2719 et

1697 2744 2184 2808 Guelpberbytano,
2217 2761 2313 2808 pro
2356 2746 2531 2807 Quam,
2571 2747 2758 2797 vitiose

1696 2824 1949 2885 scriptum
1974 2832 2054 2873 est
2079 2824 2336 2880 Quoniam.
2403 2822 2557 2874 Quod
2580 2825 2759 2875 vitium

1699 2916 1766 2949 ex
1802 2902 2113 2964 compendio
2149 2902 2423 2966 scripturae
2457 2902 2553 2959 Qffi
2585 2911 2756 2953 ortum

1699 2986 1844 3041 puto.
1878 2979 2033 3028 Idm.

1764 3055 1825 3103 Ιιι
1845 3055 2000 3120 fidem
2040 3059 2251 3105 nostram
2291 3055 2632 3120 ditionemque]
2674 3056 2760 3107 Ita

1698 3133 1876 3194 populi
1900 3131 2020 3181 victi
2050 3132 2358 3182 dicebantur
2380 3146 2443 3196 >se
2470 3133 2680 3182 tradere
2703 3140 2760 3184 et

1698 3209 2004 3271 permittere
2027 3211 2077 3259 in
2103 3210 2276 3272 fidem,
2299 3209 2350 3258 h.
2370 3224 2418 3259 e..
2451 3210 2502 3259 in
2538 3212 2758 3260 tutelam

1696 3292 1751 3333 et
1775 3287 2078 3335 societatem
2100 3286 2333 3336 victoris.
2399 3286 2613 3336 Sallust.
2635 3286 2765 3350 ἄεις.

1697 3377 1816 3426 cap.
1848 3368 1931 3412 62.
1968 3370 1983 3392 ⁸
2008 3364 2319 3427 Jugurthsm
2353 3363 2463 3413 sine
2495 3363 2599 3414 nlla
2639 3379 2761 3427 pac*

1697 3441 1837 3490 tione
1862 3455 1977 3489 sesa
2013 3455 2328 3505 regnumque
2351 3455 2496 3490 suum
2522 3441 2571 3490 in
2596 3441 2762 3505 impe·

1698 3520 1883 3569 ratoris
1928 3519 2079 3569 Rom.
2133 3518 2287 3569 ficiem
2337 3517 2584 3571 tradere.’
2652 3520 2761 3570 Sed

1696 3596 1854 3644 etiam
1893 3595 2223 3654 dicebantur,
2246 3595 2261 3623 ⁸
2289 3594 2448 3660 recipi
2480 3595 2531 3645 in
2567 3594 2764 3646 tidem-⁹

1698 3671 1811 3720 Cic.
1838 3668 1950 3720 Off.
1973 3685 2010 3720 1.
2037 3675 2117 3720 11.
2151 3669 2166 3697 ‘
2194 3671 2265 3720 Ut
2288 3671 2343 3727 ii,
2378 3671 2464 3734 qni
2499 3670 2764 3726 civitates.

1697 3756 1786 3797 aut
1807 3749 2062 3805 nationes,
2087 3748 2319 3797 devictas
2347 3747 2500 3803 bello,
2525 3747 2580 3797 in
2602 3746 2763 3797 fidens

1697 3823 2045 3888 recepissent,
2084 3839 2259 3873 earum
2309 3825 2515 3889 patroni
2569 3833 2767 3887 essent,

1696 3914 1840 3949 more
1866 3898 2148 3963 majorum-¹
2186 3902 2378 3951 Durius
2401 3909 2518 3951 erat
2541 3905 2556 3931 ⁴
2583 3904 2763 3952 venire

1697 3977 1747 4025 in
1781 3976 2028 4026 ditionem
2066 3976 2318 4041 alicujus,'
2348 3977 2383 4026 i.
2415 3992 2465 4027 e.
2507 3980 2765 4041 potestati

1697 4062 1751 4103 et
1804 4053 2023 4116 imperio
2065 4054 2181 4116 ejus
2223 4053 2429 4117 subjici.
2497 4054 2761 4119 Pompon.

1698 4131 1764 4181 de
1822 4130 1977 4195 Orig.
2020 4129 2188 4193 Juris,
2235 4143 2300 4180 ιι.
2342 4131 2424 4180 82.
2477 4130 2762 4180 ‘Totidem

1697 4216 1965 4272 pretores,
1988 4216 2113 4273 quot
2132 4207 2414 4272 provincie
2430 4206 2485 4257 in
2507 4207 2763 4259 ditionem

1697 4295 1965 4343 venerant,
2003 4284 2169 4336 creati
2206 4283 2363 4336 sunt)
2418 4284 2573 4335 >Diuo
2617 4299 2766 4352 vero,
