3060 4902
518 392 653 458 516

517 551 738 617 «primur,
763 558 1022 601 creatura.
1078 551 1229 600 Idem.

588 630 806 690 Annona,
856 645 964 692 quoe
1014 629 1209 692 ceteris]
1289 629 1586 690 Catana’us,

517 706 686 755 ‘Satis
709 702 948 766 constat,'
970 704 1157 768 inquit.
1181 710 1195 732 ‘
1213 718 1463 752 annonam
1490 718 1586 768 pro

517 788 829 837 commeatu,
874 781 907 828 i.
940 795 989 828 e.
1031 779 1169 828 omni
1214 782 1483 829 esculento
1529 789 1587 829 et

518 860 792 919 potulento
837 858 1108 920 usurpari,
1156 871 1272 907 nam
1311 858 1479 905 Varro
1517 856 1586 906 de

518 937 582 987 R.
607 937 667 987 R.
695 936 781 985 lib.
816 949 906 984 ιιι.
940 941 996 984 et
1030 935 1366 997 Tranquillus
1392 934 1444 982 in
1467 935 1586 982 Tib.

514 1015 532 1042 ⁸
551 1027 806 1063 annonam
829 1010 1028 1061 macelli
1049 1009 1083 1071 ;’
1118 1010 1317 1059 Coltuu.
1343 1024 1420 1060 ιν.
1446 1010 1463 1037 ‘
1481 1011 1583 1060 vini

516 1104 580 1139 ac
615 1088 767 1138 musti
808 1102 1059 1137 annonam
1080 1086 1110 1147 ς’
1147 1087 1336 1149 Veget.
1369 1087 1457 1135 lib.
1493 1100 1584 1136 ιιι.

515 1172 531 1194 ‘
556 1179 650 1227 pro
672 1165 810 1215 omni
837 1173 1153 1221 commeatu,
1186 1162 1447 1227 posuere,’
1468 1166 1590 1212 δια·

514 1242 622 1291 Hic
667 1241 978 1304 intelligitur
1030 1248 1044 1269 ‘
1071 1240 1218 1289 cibus
1266 1239 1587 1297 castrensis,'

515 1317 622 1382 qui,
647 1326 702 1366 nt
729 1317 929 1381 Lipsius
956 1318 1069 1381 jam
1102 1331 1167 1366 ex
1191 1317 1468 1380 spartiano
1492 1331 1583 1366 no·

516 1395 668 1456 tavit,
688 1396 987 1459 plerumque
1010 1394 1250 1443 constitit
1288 1393 1468 1449 larido,
1493 1408 1584 1441 ca·

514 1485 624 1532 seo,
658 1487 834 1537 posca.
899 1473 1096 1522 Eodem
1132 1472 1407 1535 spartiano
1446 1471 1583 1521 refe·

514 1556 682 1612 rente,
705 1564 754 1598 e.
778 1552 858 1598 11.
892 1551 909 1578 ⁴
934 1549 1288 1598 Fescenninus
1324 1547 1493 1610 Niger
1528 1548 1581 1596 in

515 1624 652 1673 omni
693 1625 1028 1689 expeditione
1070 1633 1191 1673 ante
1230 1638 1408 1673 omnes
1449 1622 1583 1672 mili·

512 1707 680 1750 tarem
699 1701 871 1750 cibum
891 1701 1071 1750 sumsit
1090 1709 1209 1749 unte
1231 1699 1585 1764 papilionem-²

514 1776 831 1840 Hujnsmodi
853 1775 1209 1840 frugalitatem
1234 1776 1582 1825 Mamertinus

513 1854 674 1902 etiam
699 1852 930 1902 laudavit
963 1854 1014 1900 in
1042 1850 1273 1914 Juliano‚
1310 1851 1509 1913 Paneg.
1532 1865 1580 1900 c.

516 1933 597 1978 11.
631 1928 647 1956 ‘
669 1928 769 1980 Qui
800 1926 1028 1991 soepius,’
1050 1927 1237 1991 inquit,
1270 1933 1286 1955 ⁴
1306 1928 1580 1976 statarium

514 2004 789 2066 prandium
836 2004 901 2053 ad
949 2004 1320 2053 necessitatem
1372 2004 1580 2054 humani

513 2081 746 2143 corporis
801 2082 991 2145 capiat,
1039 2079 1268 2143 gaudens
1324 2082 1583 2132 castrensi

515 2157 655 2213 cibo,
693 2158 932 2208 ministro
969 2159 1142 2214 obvio.
1164 2166 1218 2207 et
1256 2160 1440 2220 poculo
1475 2157 1582 2208 t'or-

515 2233 685 2283 tuito.'
752 2236 820 2284 Et
853 2235 1067 2285 Latinus
1099 2235 1284 2284 Pacat.
1310 2234 1501 2300 Paneg.
1532 2252 1579 2286 c.

515 2313 596 2359 la.
636 2311 979 2361 Theodosium
1006 2319 1154 2361 vocat
1176 2311 1576 2375 ‘imperatorem

515 2402 673 2450 parce
696 2397 1046 2454 contenteque
1070 2389 1347 2449 viventem,
1374 2389 1578 2438 modico

510 2472 567 2513 et
591 2466 835 2514 castrensi
862 2466 976 2514 cibo
1008 2465 1209 2527 jejunia
1232 2465 1384 2526 longa
1408 2466 1578 2514 solan-

514 2541 654 2590 tem-⁹
720 2543 1045 2592 Contrarium
1070 2542 1495 2591 consuetudinem
1521 2549 1579 2592 et

511 2617 856 2680 disciplinam,
880 2633 996 2681 qum
1021 2618 1214 2667 Vitellii
1243 2625 1475 2680 tempore
1500 2619 1577 2666 in-

514 2691 737 2749 crebuit.
762 2694 925 2743 Tacit.
950 2694 1091 2741 Hist.
1113 2706 1176 2741 ιι.
1199 2697 1281 2743 62.
1305 2694 1381 2741 bis
1407 2695 1578 2743 verbis

513 2769 746 2817 notavit:
782 2771 799 2797 ⁸
822 2770 901 2817 Ex
929 2769 1070 2817 Urbe
1102 2774 1258 2832 atque
1285 2769 1438 2818 ltalia
1462 2770 1577 2819 irri-

517 2853 745 2895 tamenta
781 2845 916 2906 gulae
952 2844 1305 2909 gestabantur,
1339 2853 1578 2909 strepen-

513 2921 652 2971 tibus
680 2922 746 2971 ab
766 2929 987 2985 utroque
1011 2920 1139 2970 mari
1164 2920 1462 2982 itineribus3
1487 2936 1577 2971 ex·

512 2999 681 3048 hausti
706 2997 1053 3047 conviviorum
1076 2997 1413 3060 apparatibus
1437 2998 1577 3060 prin·

509 3073 654 3136 cipes
705 3073 1007 3122 civitatumz
1064 3073 1404 3123 vastabantur
1448 3074 1575 3137 ipso

512 3150 781 3211 civitaten
834 3150 1187 3211 degenerabat
1226 3165 1257 3199 a
1301 3150 1477 3199 labore
1514 3166 1577 3201 ac

514 3226 707 3275 virtute
751 3226 919 3287 miles,
960 3226 1293 3276 assuetudine
1338 3226 1576 3289 volupta-

514 3308 643 3360 tum,
669 3308 724 3350 et
746 3308 1013 3350 contemtu
1037 3301 1214 3350 ducis-⁹
1264 3302 1510 3353 Schmun-s.

582 3376 850 3425 Comitatus
886 3378 1124 3427 accinctus
1157 3384 1206 3428 et
1239 3379 1432 3444 parens]
1476 3380 1575 3429 Ae·

509 3452 709 3515 cinctu,
731 3453 765 3500 i.
787 3467 834 3503 e.
861 3466 1070 3518 paratus
1095 3462 1151 3504 et
1174 3456 1484 3518 expeditus3
1516 3464 1575 3506 ut

511 3535 655 3578 recte
692 3530 1018 3592 explicarunt
1051 3531 1345 3594 Catanu’us,
1369 3531 1573 3593 Lipsius

512 3611 569 3653 et
588 3603 704 3655 Jac.
728 3605 796 3653 de
820 3606 868 3654 la
896 3606 1107 3666 Bauueg
1143 3615 1299 3670 atque
1336 3605 1472 3656 infra
1507 3606 1572 3655 ad

514 3692 655 3729 xxx.
691 3685 741 3729 6.
818 3682 1195 3743 Berneggerns,
1235 3681 1322 3730 ubi
1370 3681 1574 3732 Plinius

509 3754 525 3782 ⁴
547 3755 832 3805 bonitatem
849 3756 863 3776 '
890 3763 1041 3806 vocat
1062 3764 1076 3785 ⁶
1098 3757 1421 3807 accinctam·
1465 3756 1573 3809 Pro

511 3844 641 3880 voce
669 3846 860 3902 parens,
883 3833 1229 3897 cuspinianus
1262 3833 1428 3883 edidit
1459 3849 1572 3897 pur·

508 3921 608 3956 eus.
674 3905 775 3956 Cul
816 3909 1025 3958 lectioni
1061 3907 1241 3960 favent
1278 3911 1573 3960 Rittersbn-

508 3982 616 4032 sius
638 3991 695 4030 et
715 3982 834 4034 Jac.
855 3983 922 4033 de
945 3986 994 4035 la
1018 3985 1219 4035 Baune.
1287 3987 1402 4035 Nec
1438 3986 1573 4035 male

511 4059 792 4107 conveniat
813 4058 925 4109 baec
953 4060 1064 4109 laus
1088 4061 1138 4109 in
1162 4060 1482 4124 comitatum,
1503 4059 1572 4111 ad

509 4135 802 4196 exemptum
837 4135 915 4185 sui
952 4136 1221 4200 principis,
1241 4133 1493 4199 frugalem
1516 4145 1574 4187 et

509 4211 759 4261 sobrium.
838 4215 932 4263 Est
973 4214 1112 4263 enim
1162 4229 1353 4277 pareus,
1412 4230 1573 4277 parvo

510 4293 808 4346 contentus.
836 4291 1091 4342 sumtibus
1127 4305 1366 4357 parcens,
1395 4289 1574 4358 fruga-

1213 407 1432 459 No'rAE
1483 408 1893 457 vARtoRnM
1948 409 2028 457 m

1662 552 1743 607 lis,
1767 559 1822 599 ct
1847 550 2069 601 sobrius.
2109 551 2197 601 Sic
2219 551 2459 602 Ciceronl
2479 552 2546 603 de
2566 552 2727 605 Orat.

1661 638 1720 675 ιι.
1744 630 1825 675 71.
1851 627 2046 676 dicitur
2070 627 2086 655 ‘
2105 628 2332 690 optimus
2357 630 2586 685 colonus,
2610 643 2729 693 par·

1660 703 1916 757 cissimus,
1963 703 2393 764 modestissimus,
2442 702 2729 768 frugalissi-

1661 779 1805 827 mus.’
1870 781 1941 829 Et
1977 779 2112 828 idem
2149 779 2214 828 de
2254 778 2360 829 off.
2399 795 2435 830 ι.
2469 785 2552 830 30.
2593 782 2729 831 bene

1659 855 1759 904 ista
1793 856 2099 919 conjunxit:
2138 856 2548 919 ‘intelligemum
2571 870 2728 922 quam

1659 932 1726 981 sit
1767 940 1941 996 turpe,
1980 931 2217 982 diffluere
2253 933 2481 995 luxuria,
2510 941 2562 982 et
2597 935 2726 983 deli·

1659 1017 1776 1057 cate
1822 1025 1883 1059 ac
1929 1010 2156 1059 molliter
2201 1010 2412 1069 νίνου-ες
2466 1023 2728 1074 quamque

1658 1083 1946 1142 honestum,
1965 1099 2139 1147 parce,
2154 1085 2504 1141 continenter,
2522 1098 2728 1146 severe,

1658 1158 1862 1209 sobrie!
1915 1160 2131 1219 Verum,
2152 1166 2334 1209 contra
2359 1161 2724 1211 auctoritatem

1662 1243 1739 1285 tot
1784 1237 2027 1286 librorum
2073 1238 2197 1286 nibil
2251 1246 2427 1299 mut03
2483 1239 2725 1302 maxime,

1659 1327 1774 1362 cum
1799 1314 2051 1363 comitatus
2073 1313 2321 1377 principis
2348 1316 2478 1363 satis
2501 1329 2724 1379 congru·

1659 1397 1808 1439 enter
1831 1391 1986 1438 etiam
2010 1389 2216 1439 dicatur
2234 1405 2424 1453 parens,
2448 1392 2482 1440 i.
2503 1406 2550 1441 e.
2576 1392 2724 1441 obse·

1657 1483 1840 1532 quens,
1858 1477 1914 1518 et
1935 1469 1999 1517 ad
2023 1476 2202 1518 nutum
2227 1469 2526 1533 imperantis
2551 1471 2729 1521 inten-

1659 1553 1760 1594 tus.
1826 1545 2045 1609 Virgilio
2075 1545 2276 1594 AEneid.
2312 1560 2352 1594 ι.
2383 1550 2499 1595 698.
2532 1547 2727 1597 dicitnr

1651 1623 1667 1649 ‘
1690 1621 1836 1671 dicto
1863 1621 2085 1685 perenm·
2152 1620 2212 1670 ln
2251 1622 2434 1672 codice
2465 1622 2725 1673 Salisbur·

1657 1699 1825 1761 gensi,
1848 1707 1900 1746 et
1932 1697 2237 1762 quibusdam
2276 1698 2594 1749 editionibus
2628 1714 2722 1748 an·

1658 1774 1989 1837 tiquioribus,
2016 1788 2109 1836 pro
2139 1788 2332 1836 parens,
2356 1774 2540 1824 vitiose
2569 1782 2723 1825 extat

1654 1856 1840 1914 patens.
1894 1848 2061 1899 Idem.

1689 1929 1804 1976 'Ad
1837 1927 1942 1988 hoe,
1977 1924 2257 1989 comitatus]
2290 1925 2373 1974 Aa
2406 1926 2492 1975 hos
2526 1925 2724 1975 comita·

1656 2009 1767 2063 tus,-
1799 2005 1892 2053 sed
1916 2005 1982 2052 ud
2000 2005 2083 2052 hoc
2107 2004 2175 2052 V.
2195 2004 2257 2053 C.
2284 2003 2346 2051 R.
2371 2003 2438 2052 G.
2489 2004 2652 2054 Liuia.

1721 2081 1998 2144 Accinctsts]
2049 2080 2379 2143 Met-phora,
2418 2094 2515 2129 non
2553 2078 2720 2130 fluens

1655 2164 1746 2207 ant
1788 2158 2009 2219 solutus,
2046 2170 2167 2205 sere
2211 2156 2514 2218 adstrictus,
2556 2164 2614 2207 et
2660 2164 2721 2207 ut

1657 2233 1847 2282 milites
1874 2239 1989 2281 tuos
2014 2229 2253 2281 decebat.
2302 2230 2440 2293 Lips.

1721 2306 2001 2370 Aeciuctus]
2035 2307 2175 2359 Quid
2214 2306 2258 2354 si
2294 2306 2593 2369 expeditus,
2616 2320 2720 2357 non

1654 2385 1855 2434 baerens
1879 2395 1969 2433 aut
1992 2383 2279 2432 subsistens
2301 2398 2417 2433 cunt
2441 2384 2721 2433 incommo-

1654 2461 1722 2511 do
1748 2460 2171 2525 provincialium?
2226 2459 2314 2510 Sic
2342 2472 2486 2509 xxx.
2508 2460 2716 2525 &quod

1653 2538 1738 2587 adi
1763 2539 1851 2586 sis.
1897 2538 2049 2586 Bern-

1720 2615 1787 2663 Ee
1823 2613 2021 2678 parens]
2063 2613 2254 2663 Parcus
2287 2611 2347 2662 C.
2387 2621 2551 2662 recte.
2589 2612 2720 2662 *Rit-

1652 2691 1800 2739 tersit.

1719 2765 1958 2827 Mag-aum
1989 2765 2194 2827 aliquem
2227 2764 2415 2828 ducem]
2463 2763 2721 2828 Designat

1652 2841 1837 2891 ducem
1864 2842 2143 2891 virtutibus
2176 2856 2436 2904 magnum.
2459 2849 2513 2892 et
2531 2855 2720 2892 sever·

1652 2918 1943 2982 disciplina
1981 2918 2217 2967 militaris
2253 2918 2523 2966 exactione
2552 2917 2720 2982 incly-

1655 3003 1784 3058 tum,
1833 2997 1920 3060 qui
1970 2995 2131 3058 possit
2176 2995 2351 3059 aliquo
2391 2996 2442 3051 in
2500 3007 2717 3047 numero

1653 3074 1845 3137 putari,
1870 3083 2023 3137 prout
2043 3074 2231 3123 Cicero
2256 3073 2513 3136 loquitur:
2547 3073 2718 3137 qualis

1652 3150 1904 3212 Trajanus
1928 3157 2061 3204 erat,
2077 3163 2192 3197 cum
2218 3148 2386 3197 adhuc
2409 3148 2513 3197 dux
2538 3156 2719 3209 esset3

1653 3225 1705 3274 in
1730 3240 1828 3289 qua
1853 3225 2227 3275 moderationis
2246 3222 2398 3273 laude
2416 3224 2571 3273 otiam
2597 3239 2718 3288 per·

1651 3303 1806 3365 stitit,
1825 3319 1941 3352 cum
1956 3304 2062 3367 jam
2085 3301 2285 3367 imperii
2310 3302 2715 3365 gubernaculum

1650 3379 1987 3442 suscepisset.
2053 3378 2261 3442 Alioqui
2311 3375 2461 3425 fuere
2502 3376 2715 3428 omuino

1650 3469 1751 3504 uon
1791 3455 1943 3519 pauci
1980 3455 2156 3518 duces,
2186 3455 2273 3519 qni
2305 3468 2449 3517 soepe
2469 3453 2574 3503 sibi
2597 3454 2715 3517 plus

1650 3530 1896 3594 licentiae,
1934 3546 2083 3596 quam
2126 3539 2308 3595 postea
2348 3531 2714 3593 imperatores,

1647 3620 1896 3657 sumsere.
1930 3608 2097 3660 Quam
2122 3621 2306 3671 graves
2323 3605 2496 3656 Italia
2516 3613 2573 3657 et
2591 3621 2714 3670 pro·

1649 3684 1832 3733 vinciis
1856 3681 2052 3734 fuerint
2069 3683 2336 3732 Vitelliani
2361 3681 2571 3739 milites.
2593 3683 2714 3732 ‘ob-

1647 3759 1814 3808 noxiis
1844 3759 2083 3814 dueibns.
2114 3764 2168 3809 et
2195 3759 2472 3822 probibere
2496 3772 2596 3808 non
2621 3773 2715 3809 an·

1645 3835 1753 3893 sis.’
1791 3838 2062 3898 eleganter
2105 3835 2324 3898 exponit
2356 3835 2531 3885 Tacit.
2566 3835 2716 3886 Htsr.

1647 3925 1711 3962 ιι.
1732 3917 1815 3964 66.
1879 3913 1950 3963 Et
1985 3914 2096 3963 Cic.
2119 3913 2232 3976 jam
2269 3913 2322 3960 in
2357 3911 2628 3976 republica
2650 3913 2714 3962 li·

1647 3987 1792 4045 bera.
1814 3988 1880 4038 de
1903 3988 2197 4052 hujusmodi
2233 3988 2454 4038 ducibus
2492 3988 2714 4051 impera·

1647 4065 1950 4131 toribnsque
1974 4065 2227 4128 queritur,
2258 4077 2353 4128 pro
2387 4065 2505 4128 lege
2528 4065 2713 4114 Manil-

1646 4154 1697 4191 ο.
1719 4143 1799 4189 la.
1829 4139 1846 4166 ⁴
1869 4140 2099 4202 Propter
2135 4140 2266 4189 banc
2302 4140 2577 4190 avaritiam
2615 4140 2712 4189 im·

1647 4225 1963 4281 peratorum‚
1983 4224 2206 4280 quantas
2228 4216 2569 4272 calamitates,
2590 4230 2712 4280 quo·

1644 4306 1868 4359 cumque
1890 4299 2100 4345 ventum
2130 4293 2219 4359 sit,
2246 4292 2414 4345 nostri
2445 4292 2709 4343 exercitus
