3060 4902
570 320 702 386 946

567 493 669 543 que
702 476 879 540 fldem,
912 482 972 528 nt
1007 484 1252 543 tauquam
1288 492 1426 529 verre
1451 486 1504 530 et
1530 479 1636 528 sin-

566 569 702 605 ceras
753 553 1138 604 crederentur?
1195 554 1260 602 R.
1307 556 1635 617 potissimum

564 630 912 680 testimouium
948 629 1286 679 conscientiae
1323 630 1473 680 bonne
1508 632 1637 679 Tra·

553 705 670 769 jani
695 706 944 769 principis
967 706 1148 766 optimi
1172 720 1189 766 ;
1222 720 1339 754 curn
1365 706 1445 754 uic
1477 706 1631 755 intel·

562 784 771 843 lexerit,
799 782 1141 844 sciveritque,
1177 796 1230 829 se
1266 782 1377 830 istis
1418 795 1516 843 uon
1558 782 1631 829 in-

562 859 774 921 dignum
820 872 954 907 esse.
1040 858 1241 908 Quaerit
1290 872 1462 921 porro,
1506 855 1631 921 quid

561 935 850 986 istiusmodi
888 935 1099 985 vocibus
1123 934 1409 982 detraxerit
1434 933 1589 981 fidem
1612 934 1631 980 ἓ

560 1013 629 1062 R.
678 1013 1030 1062 testimonium
1089 1010 1422 1059 conscientia!
1480 1012 1630 1058 malae

559 1088 810 1137 malorum
837 1087 1121 1151 principum
1147 1101 1163 1144 ς
1201 1101 1313 1133 eum
1339 1086 1388 1134 lii
1415 1101 1513 1134 nou
1542 1100 1629 1146 po-

561 1166 757 1213 tuerint
781 1178 882 1213 nou
906 1177 1056 1211 nosse
1091 1173 1145 1210 et
1177 1175 1480 1223 agnoscere,
1517 1169 1630 1209 tau-

561 1247 643 1290 tas
678 1239 871 1295 leudes,
900 1248 1105 1301 tamque
1131 1238 1280 1285 laetas
1305 1251 1477 1301 voces,
1500 1237 1552 1285 in
1575 1251 1629 1285 se

559 1331 663 1369 ιιοιι
690 1315 988 1364 convenire.
1026 1314 1271 1363 Solatur-2.

629 1391 899 1441 Credebant
939 1390 1059 1454 sibi]
1119 1390 1164 1437 1.
1206 1405 1255 1437 e.
1294 1389 1628 1439 conscientie

562 1481 687 1518 suae.
758 1467 1020 1517 Librarius
1067 1466 1258 1515 codicis
1304 1466 1627 1528 Gnelpberb.

561 1559 837 1608 perperam
864 1545 1035 1593 omisit
1070 1556 1349 1606 pronomen
1379 1544 1501 1599 ribi‚·
1539 1558 1627 1591 eu·

550 1623 639 1685 jus
667 1631 834 1671 tamen
871 1620 1180 1682 singularem
1218 1617 1423 1680 ἔμφασιν
1451 1622 1545 1667 boc
1577 1620 1626 1667 in

558 1699 673 1748 loco
697 1698 1037 1760 agnoscimus.
1104 1697 1190 1745 Sic
1227 1697 1490 1745 Minucius
1530 1697 1627 1745 Fe-

558 1776 636 1825 lix
658 1791 775 1838 cap.
800 1780 883 1824 24.
921 1781 935 1802 ⁴
961 1774 1097 1822 Fieri
1136 1774 1332 1821 malunt
1371 1773 1523 1822 alieni
1547 1787 1629 1821 er-

561 1853 692 1899 roris
737 1852 989 1906 accessio.
1034 1865 1184 1914 quam
1230 1850 1325 1898 sibi
1375 1849 1631 1899 credere.'

562 1926 714 1975 Idem.

622 2002 750 2067 Sibi]
786 2000 1127 2051 Conscientiae
1164 2016 1293 2063 suae,
1328 2015 1479 2065 quam
1514 2018 1628 2052 sce·

557 2080 770 2135 ieribus,
801 2079 1020 2143 odioque
1048 2081 1098 2127 in
1124 2078 1264 2127 cives
1291 2079 1630 2143 inquinatam,

559 2165 615 2206 et
638 2158 861 2213 noxiam,
887 2163 1157 2205 noverant.
1193 2156 1413 2204 Puturol.

626 2233 782 2295 Super
804 2233 930 2297 hoec]
967 2232 1015 2281 1.
1040 2247 1088 2281 e.
1120 2239 1312 2295 praeter
1336 2233 1468 2295 liaec,
1497 2247 1628 2295 proe·

563 2316 730 2359 terea.
786 2309 985 2357 Plinius
1027 2310 1197 2371 Epist.
1235 2322 1318 2357 xv.
1352 2313 1436 2357 26.
1482 2310 1498 2337 ‘
1535 2309 1630 2356 Vir

561 2384 913 2447 gravissimus,
960 2384 1313 2447 doctissimus,
1352 2384 1629 2434 disertissi-

557 2475 691 2520 mus,
727 2475 883 2523 super
917 2462 1026 2508 liaec
1063 2461 1525 2522 occupastisimusss
1561 2463 1628 2511 E-

559 2536 683 2598 pist.
724 2548 806 2583 tx.
839 2540 921 2583 25.
963 2538 978 2563 ‘
1005 2536 1120 2583 Viri
1164 2533 1470 2598 gravissimi,
1511 2552 1629 2586 eru·

558 2612 816 2666 ditissimi,
861 2626 922 2660 ac
966 2627 1121 2673 super
1163 2614 1262 2662 ista
1308 2613 1368 2676 (i.
1408 2628 1456 2662 e.
1496 2629 1627 2677 prae-

559 2688 734 2752 terea)
759 2689 1047 2740 verissimi?
1111 2689 1263 2738 Amat
1284 2690 1412 2739 banc
1435 2690 1626 2739 sormu-

557 2765 661 2814 lam
706 2766 862 2814 etium
907 2766 1018 2813 Liv.
1054 2778 1117 2813 ιι.
1154 2769 1235 2813 27.
1277 2770 1292 2794 ⁸
1315 2767 1484 2827 Super
1516 2768 1627 2816 liaec

559 2843 716 2890 timor
770 2840 980 2890 incessit
1034 2840 1215 2889 Sabini
1261 2840 1419 2889 belli!
1475 2841 1627 2891 Idem

563 2929 703 2966 xxx.
725 2920 775 2967 1.
810 2918 825 2945 ‘
853 2917 1023 2980 Super
1056 2917 1166 2965 liaec
1207 2916 1407 2965 bellicae
1447 2918 1625 2967 laudes

559 2995 858 3044 consulatus
896 3001 1189 3057 compotem
1230 2990 1502 3042 fecerent!
1536 3008 1628 3044 xx..

557 3075 641 3122 23.
674 3074 687 3100 ⁸
718 3073 850 3122 Haec
884 3087 1041 3135 super
1080 3079 1260 3121 cetera
1297 3072 1497 3121 tristem
1537 3074 1624 3122 ad-

562 3157 773 3198 ventum
822 3149 874 3198 in
929 3147 1292 3198 Macedoniam
1331 3149 1443 3213 regi
1481 3147 1624 3198 fece-

563 3227 719 3277 runt.’
752 3228 993 3277 Schmun.

632 3302 777 3364 Quis]
828 3303 890 3351 Iu
936 3302 1203 3352 codicibus
1243 3302 1484 3358 Venetis,
1525 3303 1626 3352 Ps-

564 3376 784 3437 risiensi,
825 3378 1224 3442 Salisburgensi,
1264 3379 1537 3434 Patavium
1572 3384 1628 3428 et

560 3452 695 3499 libro
747 3454 1018 3514 vossiano,
1062 3455 1315 3517 scriptum
1368 3464 1447 3504 est
1506 3454 1626 3510 Qui.

562 3528 781 3576 Constat
810 3530 1037 3593 quidem,
1059 3546 1342 3593 pronomen
1366 3532 1450 3595 qui
1469 3533 1625 3582 etiam

562 3617 659 3666 pro
691 3604 795 3665 quis
841 3606 1003 3666 poni;
1051 3607 1139 3654 sed
1180 3613 1303 3657 tuuc
1346 3610 1528 3672 magis,
1561 3609 1625 3666 si,

562 3685 622 3728 nt
645 3679 718 3727 ita
740 3679 940 3743 loquar.
965 3681 1243 3744 adjective,
1269 3698 1420 3746 quam
1446 3686 1485 3731 si
1505 3684 1622 3734 sub·

561 3756 811 3819 stautive,
870 3765 1165 3818 usurpetur.
1246 3757 1403 3807 Quod
1454 3759 1625 3810 Toub-

561 3846 777 3881 mannus
806 3830 872 3880 sd
908 3831 1291 3894 Virgil.Eclog.
1316 3846 1379 3881 ιι.
1417 3837 1496 3883 19.
1533 3849 1618 3883 ex·

562 3910 737 3973 emplo
759 3907 992 3958 Terentii
1014 3906 1282 3958 declarat:
1317 3913 1332 3935 ‘
1359 3908 1491 3959 Quis
1523 3907 1626 3960 fuit

561 3985 756 4046 igitur?
793 3985 976 4034 Pru-11.
1014 3985 1121 4034 Iste
1144 3985 1501 4034 Cboerem'l'n.
1519 3987 1626 4038 Qui

563 4063 784 4114 Cbaeres
799 4063 834 4112 ἒ·
903 4062 1009 4113 Sed
1035 4063 1086 4112 iu
1111 4063 1188 4112 bis
1218 4061 1331 4113 fere
1368 4071 1626 4128 perpetuo

561 4141 766 4189 variare
798 4140 1026 4199 codices,
1065 4155 1163 4190 uec
1197 4141 1417 4191 multum
1461 4140 1623 4190 iuter·

1271 335 1491 385 NOTA-3
1542 334 1952 384 VARIORUM
2003 334 2083 384 m

1713 478 1990 540 elegantiae
2024 493 2153 542 snae,
2182 484 2240 528 et
2269 476 2360 528 ubi
2395 478 2499 542 qni,
2532 478 2626 530 ubl
2656 479 2785 544 γάρ,

1712 560 2007 617 prestaret,
2050 568 2150 604 usu
2197 554 2358 603 fuisse
2402 553 2616 617 doctos,
2656 556 2783 605 lieet

1712 643 1805 677 nos
1840 643 1984 692 saepe
2022 630 2073 678 in
2114 629 2193 678 his
2226 627 2566 691 fluctuemus,
2605 631 2783 680 obser-

1711 706 1852 754 vavit
1892 706 2140 755 Burman.
2178 705 2244 754 sd
2279 703 2497 755 Pbaedr.
2537 719 2579 753 1.
2619 709 2699 755 13.
2724 711 2779 755 6.

1710 781 1965 830 Conferas
1989 781 2286 831 Bentleium
2308 780 2373 829 sd
2396 779 2716 830 Horat.8st.
2736 794 2776 830 ι.

1707 864 1755 907 4.
1781 865 1829 908 4.
1877 860 2038 909 Nolui
2071 875 2199 923 ergo
2212 860 2326 921 jam
2356 872 2385 908 a
2422 859 2642 922 vulgata
2675 859 2777 909 lec·

1708 936 1844 984 tione
1870 936 2140 986 recedere.
2178 937 2331 985 Ideni.

1772 1011 1875 1060 Aue
1888 1012 2118 1075 principi]
2140 1012 2320 1061 Malim
2338 1010 2573 1074 principe,
2586 1016 2644 1060 et
2659 1024 2776 1061 nox

1704 1092 1910 1136 amate.
1950 1088 2091 1151 Lips.

1774 1164 1996 1226 Principi
2049 1161 2254 1227 diceret]
2320 1162 2518 1213 Maluit
2574 1162 2776 1226 Lipsim

1699 1243 1932 1306 principe,
1956 1249 2009 1291 et
2033 1256 2150 1290 mox
2172 1246 2383 1290 amante.
2452 1240 2524 1288 Et
2545 1254 2670 1289 sane
2693 1254 2774 1288 co-

1707 1318 1807 1367 dex
1844 1333 1989 1368 meus
2025 1318 2185 1367 habet
2217 1318 2467 1381 principe,-
2504 1316 2662 1365 immo
2694 1329 2778 1365 co-

1705 1394 1808 1443 dex
1836 1395 2141 1449 Pataviuus,
2166 1400 2220 1442 et
2244 1393 2377 1442 liber
2400 1392 2705 1451 Vossianus,
2723 1393 2779 1440 de

1701 1473 1953 1533 principa
1994 1469 2083 1519 sed
2119 1469 2305 1518 omli
2333 1468 2527 1533 ubique
2560 1482 2777 1529 expres·

1704 1561 1816 1595 sum
1850 1554 1951 1596 est.
2021 1547 2385 1595 constitueret
2414 1544 2627 1608 quidem
2659 1544 2776 1607 Lip-

1706 1624 1850 1672 siana
1888 1621 2184 1671 emendatio
2219 1621 2532 1670 seutentiam
2567 1635 2674 1669 non
2708 1621 2779 1667 in·

1706 1708 2112 1764 congruentem;
2151 1698 2315 1761 majus
2352 1704 2526 1744 tamen
2561 1707 2778 1744 acumen

1707 1775 1758 1824 iu
1804 1777 2014 1839 vulgata
2053 1775 2279 1824 lectione
2321 1772 2487 1822 latere
2528 1772 2777 1821 arbitror.

1709 1854 1869 1902 Patet
1893 1854 2048 1910 enim,
2067 1851 2324 1900 neminem
2341 1847 2496 1896 facile
2514 1861 2776 1908 ausurum,

1708 1929 1932 1993 principi
1967 1926 2300 1977 mediocriter
2322 1925 2520 1973 amanti
2543 1924 2595 1972 in
2620 1938 2679 1973 os
2699 1923 2772 1971 di-

1706 2019 1846 2062 cere,
1870 2005 1956 2054 δίο
1986 2010 2034 2053 te
2060 2008 2218 2053 ornent
2250 2002 2361 2059 Dii.
2391 2001 2776 2065 qno-adnuda-

1706 2088 1758 2131 ιιι
1787 2087 1904 2130 nos?
1969 2081 2088 2130 Hoc
2124 2078 2261 2128 euim
2297 2078 2432 2127 idem
2464 2075 2607 2125 foret
2636 2090 2703 2126 ac
2730 2076 2773 2125 si

1705 2157 1926 2219 diceret,
1945 2158 2019 2206 Te
2040 2154 2374 2204 mediocriter
2390 2153 2579 2203 saltem
2602 2160 2773 2202 ament

1704 2234 1818 2289 Dii,
1842 2231 2273 2298 quemadmodum
2299 2238 2352 2278 tu
2380 2244 2472 2278 nos
2505 2230 2771 2279 mediocri·

1706 2318 1789 2361 ter
1821 2310 1991 2360 amas!
2062 2308 2233 2359 Multo
2259 2307 2425 2355 miuus
2449 2306 2656 2363 liceret,
2679 2307 2772 2357 hoc

1706 2388 1929 2454 principi
1951 2386 2085 2436 mslo
2109 2394 2163 2434 et
2186 2381 2383 2434 offenso
2406 2383 2459 2431 in
2483 2396 2543 2431 os
2563 2380 2778 2444 dicere;

1702 2465 1837 2515 foret
1859 2465 1996 2515 enim
2015 2465 2114 2515 boc
2133 2462 2358 2527 satyrice
2378 2460 2597 2509 dictum.
2647 2459 2774 2510 Inde

1703 2557 1828 2592 vero
1850 2541 2102 2591 accidisse
2127 2547 2272 2601 puto,
2298 2546 2356 2588 ut
2379 2537 2591 2602 quidm
2622 2538 2776 2588 libre·

1705 2619 1766 2667 rii
1787 2617 2114 2681 reposuerint
2128 2615 2363 2680 principe·
2379 2622 2434 2664 et
2453 2616 2516 2665 dc
2533 2615 2778 2679 pri-dp«,-

1702 2697 1824 2759 quia
1858 2693 1994 2744 sorte
2027 2694 2208 2757 inepte
2232 2691 2432 2754 opinati
2457 2697 2605 2755 sunt,
2626 2706 2773 2754 opor·

1705 2781 1816 2822 tere
1839 2772 1954 2821 hoec
1977 2772 2138 2820 verbs
2159 2768 2366 2832 penitus
2381 2781 2501 2816 curn
2525 2769 2774 2830 proximis

1703 2847 1939 2909 vocibus,
1968 2848 2027 2895 de
2056 2860 2128 2907 se,
2156 2842 2456 2894 convenire.
2522 2844 2770 2894 Ceteru-

1703 2924 1968 2974 Gesnerus
1993 2920 2333 2974 existimavit,
2353 2919 2451 2969 lioc
2469 2919 2777 2982 menbrum,

1706 3000 1829 3056 Quis
1848 3000 1934 3049 hoc
1958 3032 1973 3049 .
1997 3030 2013 3046 .
2038 3029 2053 3045 .
2073 2996 2273 3053 munti,
2297 3009 2396 3045 non
2421 2995 2540 3044 loco
2561 3009 2657 3045 suo
2682 3010 2772 3061 po-

1703 3078 1880 3138 situm,
1924 3074 2257 3126 tenebrarum
2305 3071 2502 3136 aliquid
2550 3074 2773 3124 orationi

1702 3151 1982 3213 offudisse3
2013 3148 2366 3214 reponendum
2399 3153 2521 3211 post
2552 3149 2773 3199 alterans
2820 3191 2825 3195 .

1702 3225 1992 3283 formulam,
2024 3225 2132 3273 Nos
2166 3222 2237 3272 sie
2269 3226 2483 3272 merent
2518 3221 2635 3284 Dii,
2660 3239 2772 3287 qoo-

1699 3305 1835 3352 medo
1868 3307 1937 3352 tu.
2006 3301 2144 3350 Nam
2179 3299 2257 3348 sic
2286 3297 2493 3347 demunt
2521 3307 2671 3348 recte
2696 3300 2774 3349 in·

1700 3376 1849 3441 ferri,
1888 3378 2012 3434 Quis
2045 3378 2130 3426 hoc
2165 3375 2425 3438 posterius
2460 3375 2522 3423 de
2555 3389 2648 3431 se,-
2687 3381 2772 3426 nt

1698 3460 1947 3518 “tranique
1968 3455 2065 3503 hoc
2091 3450 2300 3516 principi
2319 3449 2499 3500 diceret
2522 3451 2776 3501 mediocri·

1698 3536 1777 3580 ter
1809 3527 2028 3582 amanti?
2092 3529 2304 3583 Verum,
2335 3526 2773 3576 dissentientibus

1699 3608 1933 3657 omnibus
1957 3605 2123 3665 libris,
2145 3605 2272 3655 nibil
2296 3602 2468 3652 adbuc
2490 3610 2661 3653 muto.
2708 3603 2770 3653 In

1700 3683 1880 3734 codice
1918 3680 2380 3744 Gnelpberbytsuo
2425 3691 2641 3741 prorsus
2682 3679 2770 3728 ab·

1698 3767 1818 3809 suut
1842 3761 1921 3809 bne
1947 3767 2054 3809 tres
2078 3759 2350 3816 vocene-l
2372 3754 2432 3803 de
2448 3767 2538 3812 se,-
2572 3755 2766 3804 utina-

1699 3836 1908 3885 deesset
1928 3843 1979 3884 et
1996 3846 2237 3899 sequeus,
2253 3845 2421 3894 eaque
2439 3837 2633 3893 quarte
2653 3845 2771 3884 rex,

1696 3911 1824 3962 cut!
1886 3911 1987 3960 Hae
2019 3910 2155 3958 euim
2190 3914 2416 3971 quet-or
2446 3918 2605 3955 voces
2643 3913 2767 3955 tune

1699 3988 1938 4036 videntur
1968 3983 2235 4036 commode
2259 3983 2428 4033 locum
2460 3995 2613 4032 snum
2635 3983 2771 4032 obti-

1699 4077 1822 4113 nere
1849 4076 2023 4126 posse,
2043 4060 2087 4110 si
2113 4057 2463 4123 precesserit.
2481 4057 2670 4120 pree-ti
2689 4071 2769 4107 sn-

1696 4143 1892 4196 mmt
1919 4138 1992 4187 sic
2020 4132 2766 4196 romanarumque-aaa&

561 4231 717 4280 esse3
750 4227 957 4272 veteres
992 4219 1201 4287 quidem
1242 4226 1418 4272 certos
1460 4217 1624 4271 fuisse
1693 4217 1805 4267 duni
1826 4219 2063 4274 nostae!
2084 4210 2279 4264 tem!
2342 4209 2501 4263 Quod
2525 4209 2571 4261 si
2589 4217 2764 4264 sutem
