3060 4902
751 409 813 457 c.
863 408 1099 457 ninii
1151 407 1482 457 saeuum
1536 409 1812 458 Panno.
1887 409 1934 457 1.
1966 396 2075 458 41.

306 563 377 601 m
409 549 549 600 babet
574 548 858 614 frugalitas
888 551 1139 615 principis,
1171 553 1253 613 ξε.
1320 552 1385 601 In

304 627 750 692 subsequentibus
788 628 961 676 verbis
999 628 1182 676 vitiose
1219 628 1384 691 scrip-

306 716 411 757 tum
435 713 519 757 est
544 707 598 755 in
621 707 806 757 codice
835 706 1112 757 parisiensi
1135 707 1265 754 solus
1286 706 1385 764 sus·

294 784 467 849 ficiam
501 794 555 834 et
582 786 635 833 in
663 784 1063 846 salisburgensi,
1082 785 1181 831 sola
1204 785 1385 848 suffice·

305 850 392 910 rei.
460 861 717 910 Ceterum
766 859 869 909 huc
909 860 1116 909 omnino
1168 859 1384 915 faciunt,

307 951 418 998 qua·
443 937 511 985 de
538 935 854 1000 frugalitate
893 937 1027 999 regis
1069 937 1150 984 vel
1188 937 1384 999 prinei-

309 1014 383 1075 pis
419 1014 631 1063 disserit
657 1014 770 1064 cic.
797 1014 851 1061 in
876 1014 1031 1062 Orat.
1069 1028 1161 1076 pro
1199 1014 1381 1062 Deiot.

308 1104 421 1152 eap-
440 1094 490 1139 9.
544 1093 561 1118 ⁸
590 1090 794 1138 Omnes
818 1089 871 1138 iu
896 1089 981 1137 ἰΙΙο
1006 1096 1126 1138 sunt
1154 1091 1382 1152 egregie

310 1165 520 1214 virtutes
538 1165 569 1226 ;'
590 1165 696 1228 [ita
721 1165 859 1213 enim
882 1179 997 1213 cuin
1024 1166 1258 1215 Patricio
1277 1180 1382 1215 ma·

308 1242 355 1291 lo
377 1243 570 1305 legere,
597 1257 755 1307 quiam
780 1256 897 1290 cnm
935 1242 1051 1290 aliis
1078 1242 1383 1304 editoribus,

309 1320 391 1384 qui
439 1335 531 1383 pro
577 1333 716 1369 voce
758 1318 965 1380 egregie
1010 1317 1200 1367 liabent
1246 1319 1383 1379 Rege

311 1395 475 1459 regie]
530 1400 547 1425 ⁸
573 1395 669 1446 sed
721 1396 986 1460 praecipue
1024 1394 1298 1457 singularis
1328 1402 1382 1444 et

312 1472 608 1522 admiranda
648 1470 946 1535 frugalitas3
982 1471 1080 1518 etsi
1107 1472 1201 1519 lioc
1227 1471 1383 1521 verbo

311 1549 413 1599 scio
436 1549 639 1598 laudari
666 1562 818 1611 reges
842 1561 943 1597 nen
968 1548 1154 1596 solere.
1226 1548 1382 1610 Frugi

310 1624 557 1674 hominem
583 1625 717 1685 dici,
740 1638 841 1673 non
870 1623 1081 1672 multum
1098 1623 1253 1672 habet
1275 1623 1383 1673 lau·

309 1700 384 1750 dis
423 1703 475 1751 iu
515 1716 686 1764 rege:
722 1699 933 1761 fortem,
967 1701 1189 1763 justum,
1235 1714 1381 1748 seve·

308 1793 434 1836 rum,
469 1792 705 1841 gravem,
740 1777 1140 1840 magnanimum,
1166 1776 1382 1838 largum,

311 1855 624 1916 beneficum,
649 1854 938 1910 liberalem,
963 1853 1041 1901 lire
1079 1860 1197 1901 sunt
1225 1853 1380 1914 regiae

309 1931 512 1993 laudes;
562 1933 654 1980 ills
694 1931 902 1994 privata
939 1938 1038 1979 est.
1107 1930 1178 1978 Ut
1222 1930 1384 1990 volet,

308 2009 514 2072 quisque
537 2007 800 2071 accipiat:
837 2020 937 2067 ego
972 2015 1143 2054 tamen
1170 2003 1381 2067 frugali·

310 2092 487 2146 tatem,
522 2085 578 2133 id
615 2091 715 2140 est,
752 2082 1070 2138 modestiam,
1096 2090 1150 2131 et
1183 2092 1381 2145 tempe·

308 2161 541 2223 tantiam,
568 2161 816 2208 virtutem
856 2173 969 2206 esse
1003 2159 1274 2207 maximam
1297 2161 1381 2221 ju-

305 2236 451 2286 diem’
517 2239 788 2290 Quantum
822 2249 946 2283 vero
981 2236 1133 2283 etiam
1176 2236 1380 2297 privata

310 2311 582 2376 frugalitas
614 2313 679 2361 ad
716 2311 998 2373 augendam
1028 2326 1132 2360 rem
1160 2310 1378 2361 familia-

309 2403 409 2438 rem
430 2391 627 2445 valeat,
643 2401 734 2437 suo
752 2401 900 2437 exem
910 2388 994 2450 plo
1012 2395 1374 2438 commonstrat

309 2466 440 2517 Pnn.
465 2468 644 2531 Epist.
670 2479 731 2516 ιι.
753 2469 804 2516 4.
838 2472 851 2493 ¹
877 2466 1012 2515 Sunt
1037 2466 1243 2528 quidem
1271 2482 1376 2515 om·

306 2544 420 2593 nino
443 2543 601 2593 uobis
626 2540 842 2593 medicae
884 2541 1185 2601 facultates,
1210 2542 1373 2604 digni·

306 2628 383 2669 tas
402 2628 729 2683 sumptuosa,
754 2617 968 2671 reditus.
1008 2626 1223 2681 propter
1256 2633 1374 2667 con-

307 2695 555 2747 ditionem
581 2695 883 2759 agellorum,
909 2695 1077 2742 nescio
1100 2694 1283 2750 minor.
1310 2711 1372 2744 an

305 2776 588 2834 incertior3
635 2771 749 2831 sed,
774 2770 910 2835 quod
948 2782 1117 2818 cessat
1153 2786 1216 2819 ex
1243 2772 1374 2820 redi-

306 2860 378 2906 tu,
401 2850 700 2914 frugalitate
721 2849 1019 2909 suppletur,
1034 2862 1098 2896 ex
1124 2864 1242 2910 qnia,
1269 2849 1373 2897 vel·

300 2939 359 2978 ut
398 2945 460 2979 ex
513 2927 680 2986 fonte,
738 2925 1027 2975 liberalitas
1065 2936 1242 2975 nostra
1282 2927 1370 2974 de·

304 3008 481 3056 currit.
551 3005 684 3056 Qun
718 3011 889 3052 tamen
923 3002 994 3049 ita
1032 3004 1373 3065 temperanda

304 3093 399 3143 est,
436 3097 507 3132 ne
548 3081 704 3131 nimia
741 3078 1039 3144 profusione
1077 3080 1371 3129 inarescat!

307 3160 554 3209 Schwen-

304 3268 311 3273 ·
368 3238 456 3286 Tot
479 3232 743 3300 inpendiis]
783 3234 847 3283 In
872 3233 1077 3290 milites,
1102 3234 1371 3298 magistra·

300 3322 398 3369 tus,
420 3313 596 3374 ludos,
620 3326 801 3375 opera,
822 3318 980 3374 atque
1006 3311 1124 3372 alia,
1154 3325 1369 3375 quorum

300 3392 564 3453 specimen
589 3390 641 3437 in
678 3387 868 3438 nostris
904 3387 1254 3453 Adiuirandis,
1285 3389 1372 3440 lib.

306 3481 368 3517 n.
403 3468 541 3531 Lipa-

367 3545 550 3594 Omnia
599 3541 848 3607 raperent]
923 3543 1007 3591 De
1070 3543 1371 3593 Domitiano

301 3626 517 3675 Baeton.
556 3640 603 3673 c.
646 3628 725 3673 12.
762 3623 776 3649 ‘
805 3622 950 3672 Nihil
990 3624 1135 3686 pensi
1170 3624 1370 3686 habuit,

302 3699 419 3764 quin
445 3699 771 3762 praedaretur
789 3699 923 3746 omni
944 3698 1130 3748 modo.'
1153 3700 1370 3749 Patarol.

2403 396 2537 461 679

1466 551 1618 601 bene.
1656 553 1809 603 Idem.

1536 629 1677 677 Nihil
1713 629 2043 693 retinuissent]
2082 628 2216 679 Haec
2241 628 2399 678 verba
2423 644 2538 679 ora·

1464 707 1590 756 tioni
1642 708 1896 756 Pliniana
1952 709 2183 758 inserunt
2244 708 2540 771 Rhenanus,

1458 784 1750 847 ,Gryphium
1769 784 2069 845 Sieliardus,
2096 784 2323 847 Lipsius,
2343 783 2538 833 Grute-

1462 875 1571 917 rus,
1611 862 1898 923 Puteanus,
1939 862 2188 919 Patar013
2244 860 2535 925 eademque

1462 938 1747 996 Livineius,
1810 938 2126 1001 Stephanus.
2180 943 2238 985 et
2300 936 2540 997 Rivinus,

1460 1015 1677 1078 margini
1702 1013 1969 1064 addidere.
2011 1014 2195 1077 Neque
2220 1014 2286 1062 ab
2309 1014 2385 1062 liis
2404 1015 2534 1063 mul·

1460 1097 1569 1139 tum
1590 1089 1786 1140 abeunt
1813 1091 2186 1154 cuspinianus,
2217 1091 2533 1155 Bernegger,

1459 1164 1718 1221 Graevius,
1743 1166 1825 1214 De
1862 1167 1909 1215 la
1947 1166 2148 1221 Baune,
2181 1165 2276 1213 Th.
2302 1164 2534 1228 Harae,

1461 1241 1624 1304 Ceva,
1648 1243 1934 1304 Gesnerus‚
1970 1244 2057 1306 qui
2093 1258 2188 1306 pro
2215 1241 2376 1291 verbo
2418 1243 2536 1293 reti·

1457 1318 1670 1368 nui-ssent
1703 1329 2048 1382 reposuerunt
2076 1320 2407 1370 detinuissent.
2463 1320 2536 1370 At

1461 1408 1520 1441 ea
1563 1395 1742 1456 verba,
1762 1396 1884 1444 nihil
1915 1398 2243 1460 retinuissent,
2276 1398 2384 1445 sive
2412 1397 2536 1446 nihil

1457 1469 1791 1526 detinuissent,
1816 1486 2021 1534 prorsus
2039 1476 2222 1521 omissa
2241 1482 2360 1522 sunt
2379 1473 2430 1522 in
2447 1488 2533 1523 co·

1462 1543 1664 1595 dicibus
1688 1548 1812 1596 Mss.
1848 1549 1897 1595 in
1937 1548 2069 1598 libro
2097 1550 2363 1604 Vossiano,
2389 1559 2442 1598 et
2479 1552 2533 1598 in

1459 1621 1774 1672 editionibus
1817 1625 2118 1685 Puteolani,
2141 1625 2409 1684 Beroe-idi,
2435 1627 2531 1675 Ca-

1462 1700 1633 1755 tanaei,
1670 1700 1811 1760 Aldi,
1855 1702 2163 1764 Philomusi,
2186 1702 2383 1756 Juntae‚
2413 1703 2532 1752 Cel·

1457 1774 1591 1822 larii.
1650 1776 1961 1826 Arntzenius
1986 1792 2109 1826 vero
2134 1793 2199 1826 ex
2226 1792 2404 1827 errore
2428 1787 2530 1827 tra·

1458 1851 1680 1913 diuum:
1702 1853 1855 1901 verba
1874 1870 2071 1919 quoque
2090 1857 2137 1904 in
2160 1856 2387 1905 editione
2407 1856 2531 1904 Fro-

1461 1927 1620 1987 benii,
1660 1930 1767 1977 sive
1805 1931 2055 1994 Rlienani,
2083 1931 2391 1993 desiderari,
2418 1948 2530 1982 cuin

1459 2006 1509 2052 in
1527 2020 1643 2054 meo
1662 2008 1945 2068 exemplari
1965 2008 2140 2071 utique
2161 2015 2366 2057 extent.
2402 2009 2532 2058 Pos-

1458 2085 1562 2130 sint
1590 2091 1762 2132 autem
1800 2084 1910 2133 liaec
1950 2085 2057 2147 ipsa
2085 2086 2242 2132 verba
2267 2083 2530 2148 superflua

1459 2160 1656 2219 videri;
1691 2162 1829 2224 qinia,
1851 2162 1935 2223 qui
1976 2162 2099 2210 nihil
2130 2171 2429 2223 rapuerunt,
2455 2164 2531 2211 ni·

1456 2234 1524 2283 liil
1551 2237 1707 2283 etiam
1736 2245 1996 2298 raptorum
2034 2236 2277 2284 bonorum
2305 2239 2530 2285 retinere

1456 2320 1759 2376 potuerunt.
1831 2312 2007 2360 Nihilo
2043 2313 2206 2360 minus
2245 2327 2305 2360 ea
2343 2313 2531 2362 admit-

1458 2389 1618 2437 tenda
1653 2388 1813 2448 duxi3
1848 2389 1968 2450 quia
2006 2403 2192 2451 nempe
2232 2396 2284 2437 et
2312 2389 2417 2451 isti,
2441 2391 2531 2454 qui

1451 2468 1625 2516 omnia
1652 2475 1959 2528 rapuerunt,
1994 2468 2034 2514 si
2070 2480 2170 2515 non
2199 2468 2386 2528 omnia,
2413 2482 2530 2529 par·

1455 2552 1560 2593 tem
1607 2553 1777 2593 tamen
1805 2543 2051 2592 bonorum
2080 2544 2303 2591 retinere
2329 2544 2529 2607 potuis-

1451 2631 1600 2682 seut3
1639 2623 1843 2677 deinde,
1865 2622 1983 2685 qnia
2001 2622 2076 2671 sic
2092 2622 2393 2669 concinnior
2414 2621 2525 2684 ple·

1451 2701 1666 2762 ninrque
1692 2698 1931 2747 redditur
1953 2699 2212 2747 sententia
2239 2698 2427 2757 Plinii;
2462 2713 2522 2746 ac

1449 2777 1696 2840 deniqne,
1724 2776 1843 2839 quia
1867 2776 2171 2838 eadeinjam
2201 2791 2229 2822 a
2254 2783 2332 2823 tot
2357 2776 2521 2824 edito-

1451 2852 1611 2908 ribus,
1639 2854 1722 2916 qui
1749 2856 1935 2915 partim
1961 2854 2116 2900 etiam
2140 2852 2212 2899 usi
2238 2860 2354 2900 sunt
2380 2852 2519 2899 codi-

1448 2930 1593 2978 cibus
1632 2929 1873 2992 anitiquis,
1913 2927 2270 2976 animadversa
2303 2936 2421 2974 suut
2448 2936 2521 2974 at·

1445 3020 1546 3069 que
1591 3006 1853 3067 evulgata.
1923 3002 2138 3052 Praetuli
2179 3009 2351 3049 autem
2402 3016 2517 3049 ver·

1451 3081 1569 3131 bum
1616 3082 1921 3130 retinuissent
1970 3078 2121 3126 alteri
2172 3078 2481 3127 detinuissent
2501 3096 2519 3135 ;

1447 3159 1570 3223 quia
1594 3159 1667 3207 sic
1694 3157 1982 3217 elegantius
2023 3153 2251 3202 refertur
2289 3156 2350 3200 ad
2376 3161 2518 3203 ante·

1447 3236 1637 3283 cedens
1681 3234 1892 3283 verbum
1935 3232 2217 3292 retinerent,
2251 3231 2335 3280 cui
2370 3247 2518 3295 aeque

1450 3312 1649 3374 injuriae
1677 3318 1802 3359 nota
1837 3310 2086 3364 adliaeret,
2111 3324 2172 3358 ac
2210 3310 2370 3358 verbo
2392 3311 2516 3358 deti-

1446 3389 1658 3437 nuissent
1680 3402 1699 3444 ,·
1729 3401 1843 3436 cum
1870 3402 1969 3435 non
1990 3388 2083 3434 nisi
2102 3386 2165 3434 de
2188 3387 2404 3435 retentis
2428 3386 2514 3436 bo·

1446 3465 1544 3523 nis,
1581 3478 1696 3527 qnae
1739 3471 1888 3525 rapta
1933 3461 2156 3519 suerunt,
2203 3464 2270 3511 sit
2310 3477 2513 3521 sernio;

1446 3558 1563 3606 quae
1588 3542 1651 3590 ad
1678 3539 1968 3589 diluendam
1985 3539 2203 3589 Gesneri
2219 3540 2516 3603 opinionem

1447 3617 1689 3667 addenda
1713 3618 1855 3666 duxi.
1892 3616 2127 3665 Schwarz.

1516 3699 1636 3747 Cum
1660 3704 1760 3746 tam
1782 3698 1930 3746 multa
1953 3695 2197 3757 largiaris.
2225 3702 2269 3745 et
2294 3696 2414 3745 nihil
2435 3711 2520 3744 au·

300 3796 307 3809 ‹
367 3776 633 3840 Ruperat]
687 3773 772 3823 Aa
810 3775 1166 3824 Domitianum
1210 3779 1368 3840 perti·
1430 3774 1601 3837 seras]
1654 3775 1721 3823 Ut
1758 3774 1800 3821 si
1836 3774 1959 3822 nihii
1991 3773 2220 3834 largiaris
2241 3778 2288 3821 et
2327 3774 2515 3833 auferas

301 3861 445 3902 nent.
516 3851 616 3900 Adi
638 3850 918 3900 Sueton.c.
944 3854 1023 3898 12.
1061 3850 1192 3913 Lips.

369 3929 437 3978 Ut
457 3928 505 3978 si
524 3926 648 3976 nihil
667 3927 957 3989 rapuissent,
991 3926 1111 3975 nihil
1145 3929 1365 3978 retinuis-

298 4009 415 4059 sent,
434 4002 709 4066 defuerint]
751 4003 830 4063 Ue,
852 4003 896 4049 si
929 4002 1054 4051 nillil
1084 4004 1369 4065 rapuissent,

297 4080 531 4138 defui-int
559 4079 725 4130 Livia.
749 4078 799 4127 in
826 4085 994 4128 textu.
1041 4080 1142 4129 Sed
1162 4083 1212 4127 iu
1236 4097 1368 4131 mar-

298 4156 432 4218 gine,
462 4155 530 4205 Ut
553 4155 598 4204 si
618 4155 744 4204 nihil
774 4158 1061 4218 rapuissent,
1098 4158 1218 4205 nituit
1250 4159 1367 4207 reti-

297 4231 782 4289 manuducti-t
800 4232 861 4280 C.
877 4231 945 4281 G.
963 4241 1125 4280 recte.
1162 4234 1367 4285 Ritters.

304 4304 448 4373 Post,
468 4315 522 4361 ut
543 4309 590 4360 si
610 4307 735 4357 uiuit
763 4307 993 4368 largiaris
1025 4314 1071 4359 et
1096 4308 1284 4369 auferas
1308 4313 1366 4362 C.

1448 3854 1508 3903 C·
1542 3851 1705 3900 Lirin.

1514 3929 1583 3978 Et
1607 3928 1728 3976 nihil
1750 3925 1965 3988 auferas]
1993 3926 2119 3975 Cum
2148 3925 2365 3985 primum
2393 3925 2513 3976 ede-

1446 4019 1555 4054 rem
1597 4003 1988 4053 observationes
2025 4002 2087 4050 nd
2133 4000 2512 4064 Panegyricum

1446 4082 1628 4136 Plinii,
1675 4081 1938 4135 annotavi,
1981 4092 2075 4140 pro
2121 4078 2198 4125 his
2248 4078 2416 4126 verbis
2460 4080 2512 4127 iu

1444 4161 1628 4208 codice
1670 4157 2155 4220 Guelplierbytsno,
2187 4164 2240 4203 et
2281 4156 2331 4203 in
2378 4155 2511 4205 libro

1447 4237 1718 4288 vossiano,
1755 4235 1855 4295 legi
1896 4248 1977 4281 nec
2017 4230 2209 4290 auferas
2241 4233 2510 4294 quidquam.

1445 4315 1578 4366 Qua.»
1627 4311 1838 4361 variatio
1883 4309 2175 4373 perplacuit
2212 4308 2512 4364 Armenio,
