3060 4902
515 385 649 450 604

519 545 673 594 Lucr.
702 555 782 593 vt.
808 546 954 592 1263.
978 540 1113 591 dixit
1145 542 1423 606 ‘aquarum
1451 546 1582 591 stra·

517 621 607 671 ta.'
675 620 876 669 Plinius
909 619 1082 683 Major
1120 633 1197 668 tv.
1240 623 1319 668 15.
1353 619 1580 667 ‘Insulae

518 704 825 745 sternuntur
860 694 997 745 in‘ter
1026 695 1228 745 Heliam
1251 712 1311 744 ac
1332 694 1583 745 Flevum.'

518 771 677 831 Hinc,
717 770 856 834 quod
894 770 957 818 ad
994 769 1210 819 verbum
1240 772 1581 832 compositum

519 854 532 875 4
554 856 884 911 prosternere
905 846 919 867 '
943 848 1150 908 attinet,
1175 846 1476 910 praepositio
1495 862 1583 909 pro

1214 396 1429 447 NO'PAE.
1477 395 1889 446 VARlORUM
1942 394 2019 445 ΙΝ

1658 546 1838 590 noster
1859 545 2120 605 praeterea
2141 538 2234 597 ait,
2268 537 2539 604 ‘campum
2561 540 2726 590 virtu·

1660 618 1797 666 tibus
1835 617 2047 681 Trajani
2083 618 2343 680 prosterni
2363 617 2397 679 ;’
2429 616 2724 681 significare

1659 696 1844 755 voluit,
1879 695 2046 758 parari
2087 709 2325 758 campum
2351 694 2725 757 planissimum,

1660 771 1711 820 in
1748 785 1851 834 quo
1888 784 2167 820 excurrere
2205 770 2427 820 virtutes
2460 770 2573 833 ejus
2600 785 2726 834 cog·

1660 848 1905 909 noscique
1942 847 2176 909 possint:
2213 847 2345 896 sicut
2381 847 2581 896 Plinius
2610 849 2726 896 Ma-

518 939 661 988 saepe
702 938 800 972 non
839 930 1004 973 mutat
1046 924 1292 988 simplicis
1322 922 1581 987 significa·
1650 923 1758 985 jor,
1794 937 1881 984 ¹¹¹.-
1918 929 1966 972 5.
2006 923 2225 986 simplici
2258 923 2419 972 verbo
2443 937 2583 985 usus,
2605 937 2725 986 pro·

524 1001 740 1057 tionem,
779 1000 876 1048 nisi
910 1000 1067 1064 quod,
1092 1000 1331 1049 tradente
1357 1000 1581 1048 Priscia-

523 1090 612 1139 no,
634 1077 668 1124 l.
693 1091 818 1126 xrv.
842 1093 895 1141 p.
918 1082 1034 1127 996.
1063 1085 1076 1105 4
1096 1092 1188 1140 pro
1207 1078 1221 1099 ’
1243 1086 1369 1126 tunc
1393 1091 1581 1126 conno-

526 1161 604 1203 tat
624 1155 638 1181 4
656 1153 815 1215 ante,'
839 1157 890 1203 in
916 1154 1122 1218 longum
1143 1171 1157 1215 ;
1196 1162 1252 1203 ut
1273 1157 1288 1183 4
1312 1153 1586 1218 proclivis,'

520 1229 926 1295 ‘procumbens,’
954 1230 1304 1293 ‘prostratus‚'
1324 1245 1418 1293 pro
1440 1228 1583 1278 ‘sub-

522 1307 706 1368 igens.’
764 1309 827 1356 In
852 1322 952 1372 qua
973 1308 1151 1355 ultima
1174 1306 1432 1356 Prisciani
1458 1320 1586 1354 voce

521 1386 536 1412 4
567 1383 842 1447 subigens·
891 1384 1052 1432 baeret
1100 1384 1337 1432 mendum
1362 1398 1376 1444 ς
1434 1382 1589 1431 scribi

521 1462 657 1510 enim
698 1461 876 1510 debuit
920 1459 1170 1520 subjectus.
1258 1461 1394 1509 Nam
1436 1460 1588 1523 ‘pro-

522 1544 758 1585 sternere
780 1534 795 1558 ’
838 1544 940 1597 est,
984 1536 1179 1597 facere,
1228 1544 1286 1586 ut
1333 1537 1467 1601 quis,
1508 1537 1589 1586 vel

524 1616 669 1679 quid,
695 1622 814 1664 ante
839 1616 967 1664 alios
999 1615 1196 1678 jaceat,
1223 1621 1311 1664 aut
1336 1616 1410 1664 eis
1435 1615 1591 1679 snbji-

526 1693 714 1743 ciatur.
782 1693 923 1741 Hinc
959 1699 1013 1740 et
1048 1693 1132 1755 qui
1158 1693 1403 1741 dicuntur
1435 1695 1450 1720 4
1473 1707 1590 1755 pro·

524 1773 756 1816 sternere
775 1782 846 1821 se,
871 1775 926 1816 et
942 1769 1236 1831 supplicare
1258 1768 1358 1827 iis‚'
1379 1769 1462 1832 (ut
1483 1771 1592 1820 Cic.

525 1842 660 1892 dixit
688 1857 780 1904 pro
800 1843 980 1892 Plane.
1003 1859 1117 1906 cap.
1140 1843 1249 1908 20.)
1273 1845 1305 1893 ii
1331 1847 1590 1909 projicere

526 1932 581 1966 se
603 1919 664 1965 ad
692 1920 871 1981 pedes,
895 1935 954 1968 ae
978 1921 1242 1983 supplices
1273 1922 1388 1971 aliis
1411 1922 1474 1970 ad
1501 1938 1590 1986 pe-

526 1992 618 2043 des
655 1995 854 2056 jacere,
894 2002 949 2044 et
991 2009 1167 2045 eorum
1220 1998 1478 2046 voluntati
1536 2012 1593 2046 se

523 2070 796 2135 subjicere,
842 2072 1223 2135 intelliguntur.
1294 2073 1440 2123 Idem
1482 2074 1595 2123 Cic.

525 2163 621 2213 pro
659 2150 829 2212 Ligar.
871 2165 988 2213 cap.
1025 2156 1075 2199 5.
1111 2152 1124 2176 ‘
1149 2150 1383 2200 Petimus
1424 2152 1592 2214 preci·

526 2227 620 2275 bus
644 2233 697 2275 et
718 2227 942 2276 lacrimis
963 2228 1206 2291 prostrati
1229 2228 1292 2277 ad
1313 2228 1501 2291 pedes:
1519 2264 1534 2278 .
1552 2262 1566 2275 .
1581 2262 1595 2276 .

526 2313 582 2353 tu
609 2319 703 2354 nos
732 2305 975 2368 jacentes
1009 2304 1072 2353 ad
1110 2306 1268 2367 pedes
1299 2307 1592 2370 supplicum

528 2397 654 2431 voce
680 2382 974 2445 prohibebis
992 2382 1028 2430 θ’
1092 2383 1312 2431 Sueton.
1346 2383 1455 2433 Jul.
1480 2398 1598 2448 cap.

524 2464 576 2507 2.
605 2461 621 2485 4
649 2460 768 2510 Non
804 2460 912 2508 sine
943 2473 1148 2507 rumore
1181 2466 1456 2522 prostratas
1482 2461 1592 2523 regi

526 2534 794 2598 pudicitiae
814 2535 847 2595 ς’
867 2536 972 2597 ubi,
993 2535 1293 2598 pudicitiam
1313 2536 1422 2598 regi
1442 2537 1457 2563 4
1476 2551 1593 2598 pro·

525 2612 793 2672 sternere‚’
829 2618 929 2671 est,
967 2612 1303 2660 substernere
1342 2619 1398 2661 et
1434 2613 1594 2675 subji-

527 2702 645 2736 cere
694 2688 1000 2750 pudicitiam
1042 2688 1245 2736 libidini
1285 2689 1440 2751 regis.
1505 2689 1592 2738 Sic

528 2764 664 2811 enim
710 2764 843 2812 idem
894 2763 1138 2828 loquitur,
1184 2764 1320 2826 Aug.
1361 2779 1477 2827 cap.
1512 2769 1595 2813 68.

528 2842 541 2866 4
562 2837 875 2889 Pudicitiam
901 2839 1037 2888 Aulo
1075 2839 1230 2887 etiam
1266 2838 1444 2889 Hirtio
1475 2841 1594 2889 sub-

528 2916 752 2967 stravit.'
797 2919 886 2968 Sic
910 2918 1132 2980 Piinius,
1156 2918 1241 2968 ubi
1274 2919 1424 2978 dixit,
1461 2925 1476 2948 ‘
1494 2920 1596 2968 vir-

530 2997 728 3045 tutibus
751 2996 960 3059 Trajani
985 2997 1254 3045 materiem
1279 2996 1542 3059 prosterni
1561 2994 1596 3056 ;’

530 3072 581 3121 id
622 3072 709 3122 alii
747 3073 1015 3128 dixissent,
1051 3075 1066 3101 4
1091 3074 1357 3122 materiem
1390 3073 1597 3135 subjici,

530 3158 619 3198 aut
641 3149 895 3213 praeberi!
951 3151 1039 3199 Sic
1063 3150 1174 3199 Cic.
1199 3151 1264 3198 de
1289 3149 1459 3199 Finib.
1483 3164 1598 3213 cap.

531 3229 612 3274 18.
646 3227 775 3273 ‘Est
808 3226 896 3273 illa
926 3226 1164 3287 subjecta
1194 3225 1341 3289 quasi
1379 3227 1597 3275 materia

530 3301 844 3364 sapientiae)
930 3302 1075 3351 Idem
1123 3302 1188 3352 de
1243 3304 1396 3354 Orat.
1434 3319 1473 3354 1.
1513 3309 1599 3354 46.

529 3385 544 3408 ‘
565 3378 714 3440 Haec,
735 3387 975 3443 tanquam
1002 3380 1173 3442 aliqua
1197 3381 1461 3439 materies,
1484 3395 1598 3429 ora·

531 3456 729 3506 toribus
755 3455 990 3521 subjecta
1011 3470 1124 3505 esse
1147 3454 1379 3506 debent.'
1432 3458 1598 3505 Sene·

528 3547 589 3581 ca
625 3540 796 3579 autem
834 3532 899 3579 de
937 3531 1154 3580 Provid.
1188 3545 1308 3593 cap.
1330 3534 1380 3577 4.
1411 3531 1600 3594 ‘Mag-

530 3623 626 3657 nus
652 3623 706 3656 es
735 3609 838 3668 vir;
873 3606 964 3655 sed
987 3608 1123 3655 unde
1147 3608 1273 3664 scio,
1304 3608 1345 3655 si
1374 3608 1470 3656 tibi
1494 3607 1599 3657 for·

533 3695 657 3735 tuna
690 3700 794 3734 non
828 3684 918 3733 dat
950 3683 1256 3732 facultatem
1283 3684 1598 3735 exhibendae

532 3764 738 3813 virtutis
757 3763 776 3810 ἒ
800 3798 813 3813 .
829 3793 843 3810 .
860 3793 875 3809 .
893 3761 1031 3824 Ipsis
1050 3761 1197 3808 Deus
1218 3762 1458 3824 consulit,
1473 3776 1600 3827 quos

530 3856 645 3891 esse
679 3856 829 3905 quam
863 3838 1253 3889 honestissimos
1287 3840 1452 3903 cupit,
1476 3854 1601 3903 qno·

532 3920 630 3967 ties
675 3918 775 3966 illis
821 3915 1092 3965 materiem
1150 3915 1354 3977 praebet
1400 3916 1597 3980 aliquid

529 3995 758 4044 animose
772 3989 1321 4056 fortiterquefaciendi
1338 4007 1353 4053 ;
1367 3992 1429 4040 ad
1445 4006 1600 4056 qnam

531 4086 637 4122 rem
663 4085 795 4133 opus
818 4076 899 4118 est
921 4060 1102 4130 aliqua
1126 4082 1296 4117 rerum
1325 4067 1604 4119 difficulta-

529 4147 617 4199 te)
685 4147 754 4196 Et
788 4145 933 4202 alibi,
959 4146 975 4173 4
997 4143 1198 4192 Felicia
1227 4145 1396 4194 omnia
1431 4152 1488 4195 et
1509 4144 1602 4194 ob·

528 4224 802 4287 sequentia
824 4235 924 4271 nou
951 4219 1188 4284 prebent
1210 4221 1480 4270 materiem
1506 4235 1599 4270 ex·

530 4302 771 4355 ercendae
813 4297 1175 4351 fortitudinis.’
1242 4297 1346 4350 Ubi
1395 4300 1599 4352 Plinius

1660 1001 1772 1063 prie
1795 1001 1948 1062 dixit,
1986 1008 1999 1029 ‘
2019 1000 2158 1049 Hinc
2182 999 2306 1050 felix
2332 1001 2415 1049 illa
2442 1001 2728 1064 Campania

1660 1085 1755 1125 est.
1781 1111 1794 1125 .
1814 1109 1826 1123 .
1845 1110 1857 1124 .
1884 1077 1966 1126 Ibi
2006 1077 2253 1127 Laborini
2290 1078 2459 1139 campi
2485 1087 2726 1127 sternun-

1661 1153 1784 1205 tur.’
1853 1156 2026 1205 Verbo
2051 1157 2186 1205 enim
2222 1156 2321 1206 hoc
2358 1157 2729 1221 maximema-

1661 1232 1845 1281 niciem
1866 1247 2166 1294 camporum
2194 1235 2443 1297 respexit.
2480 1235 2633 1283 Idem.

1726 1310 1942 1358 Adversa
1963 1310 2183 1374 magnos]
2228 1311 2429 1359 Seneca
2451 1311 2518 1359 de
2542 1311 2730 1361 Provi-

1662 1385 1866 1434 dentia:
1909 1387 2167 1444 ‘Magnus
2208 1401 2263 1435 es
2309 1388 2423 1448 vir3
2461 1387 2551 1436 sed
2586 1387 2726 1436 unde

1663 1463 1789 1523 scio,
1826 1464 1868 1511 si
1909 1463 1999 1511 tibi
2041 1461 2248 1512 fortuna
2291 1478 2390 1512 non
2434 1464 2527 1513 dat
2561 1459 2729 1513 facul-

1666 1546 1825 1588 tatem
1861 1540 2167 1588 exhibendae
2204 1540 2410 1589 virtutis
2436 1539 2473 1588 ?’
2523 1546 2580 1590 et
2612 1547 2726 1590 toto

1665 1629 1726 1663 eo
1750 1615 1924 1664 libello
1946 1619 2114 1677 (certe
2145 1616 2329 1680 aureo)
2361 1625 2727 1681 argumentum

1665 1692 1758 1740 hoc
1789 1700 2097 1754 pertractat.
2133 1694 2271 1755 Lips.

1731 1768 2075 1818 Percrebuerat
2128 1769 2419 1833 antiquitus]
2478 1771 2545 1820 Et
2600 1785 2728 1822 sane

1666 1844 1798 1893 bene
1822 1847 2107 1909 antiquitus
2142 1861 2292 1907 opem
2318 1847 2460 1895 illine
2485 1861 2517 1896 a
2542 1849 2731 1897 Roma.

1666 1921 1744 1969 nis
1782 1922 1983 1983 reperio
2024 1923 2263 1984 petitam.
2319 1922 2382 1971 In
2425 1924 2730 1988 Polybianis

1665 1995 2009 2058 fragmentis:
2059 1998 2121 2047 Oi
2166 1998 2380 2059 Ῥωμαῖοι
2433 2001 2732 2063 πρεσβευτὰς

1667 2072 2006 2134 ἐξαπέστειλαν
2025 2074 2138 2136 πρὸς
2159 2077 2472 2138 Πτολεμαῖον,
2494 2076 2734 2137 βουλόμε-

1666 2168 1737 2197 νοι
1780 2149 1898 2210 σίτῳ
1940 2152 2285 2212 χορηγηθῆναι,
2313 2152 2388 2200 διὰ
2420 2151 2480 2200 τὸ
2509 2152 2734 2214 μεγάλην

1666 2227 1781 2278 εἶναι
1794 2229 1903 2292 παρ’
1921 2228 2079 2277 αὐτοῖς
2099 2227 2285 2276 σπάνιν.
2323 2230 2527 2279 Romani
2548 2232 2736 2294 legatos

1666 2309 1729 2356 ad
1764 2308 2070 2355 Ptolemoeum
2107 2306 2356 2367 miserunt,
2388 2312 2604 2369 petentes
2616 2309 2736 2368 fra·

1666 2382 1817 2432 menti
1831 2382 1924 2431 sibi
1946 2384 2124 2445 copiam
2133 2382 2272 2447 fieri,
2289 2382 2424 2444 cnjus
2444 2383 2605 2446 inopia
2624 2398 2734 2448 pre·

1667 2461 1933 2510 mebantur.
2001 2460 2119 2509 Hoc
2142 2458 2342 2509 factum
2371 2459 2504 2510 bello
2530 2462 2737 2512 Punico

1668 2537 1915 2598 secundo,
1958 2551 2074 2586 cum
2122 2536 2277 2586 Italia
2323 2544 2436 2585 tota
2481 2546 2629 2587 vasta
2666 2538 2734 2589 ab

1670 2612 1963 2662 Hannibale
1988 2612 2106 2661 fnit.
2149 2613 2363 2661 Factum
2383 2620 2437 2661 et
2462 2613 2588 2662 alias
2604 2630 2620 2675 ;
2638 2612 2734 2663 sed

1671 2690 1830 2739 Plinii
1867 2697 2039 2739 tamen
2076 2690 2161 2738 hic
2203 2688 2366 2739 dictio
2395 2699 2602 2752 spectat
2625 2689 2735 2740 Au·

1672 2768 1811 2830 gusti
1848 2775 2084 2829 tempora
2121 2767 2365 2823 maxime,
2388 2774 2443 2816 et
2464 2766 2737 2832 deinceps,

1671 2859 1787 2893 cum
1848 2843 2057 2906 publica
2110 2843 2351 2891 instituta
2394 2841 2737 2894 frumentatio

1671 2918 1887 2969 fundum
1925 2928 1980 2969 et
2017 2919 2410 2969 fundamentum
2441 2919 2659 2970 liaberet
2683 2920 2736 2971 iu

1672 2994 1852 3045 Africa
1874 3003 1926 3045 et
1952 2995 2194 3059 AEgypto.
2218 2994 2368 3046 Idem.

1743 3072 2110 3134 Percrebuerat]
2147 3073 2405 3122 Discimus
2442 3088 2469 3122 e
2513 3074 2737 3140 Polybio

1673 3148 1725 3197 in
1755 3150 1954 3212 Fragm.
1979 3155 2034 3197 et
2061 3149 2174 3198 Liv.
2197 3149 2246 3198 in
2274 3148 2409 3199 bello
2433 3150 2632 3200 Punico
2657 3166 2739 3201 se·

1674 3224 1860 3280 cundo,
1908 3226 2163 3274 Romanos
2197 3225 2393 3275 misisse
2427 3227 2625 3291 legatos
2669 3228 2735 3277 ad

1676 3300 2040 3362 Ptolemaeum,
2083 3308 2349 3363 petentes,
2387 3309 2446 3352 nt
2491 3303 2589 3351 sibi
2626 3302 2739 3353 fru-

1675 3377 1832 3425 menti
1865 3377 2068 3439 copiam
2108 3375 2339 3437 faceret3
2374 3379 2523 3441 cnjus
2560 3379 2742 3442 inopia

1676 3461 1801 3501 tunc
1825 3452 2041 3502 Romani
2066 3453 2450 3515 premebantur.
2519 3455 2589 3505 Et
2610 3456 2740 3506 Sue·

1676 3536 1784 3578 ton.
1825 3528 1961 3590 Aug.
2005 3543 2122 3591 cap.
2161 3532 2242 3577 18.
2273 3530 2379 3579 ‘Ut
2419 3530 2742 3595 AEgyptum,’

1673 3605 1856 3670 inquit,
1906 3604 2270 3666 ‘feraciorem‚
2324 3606 2740 3674 habilioremque

1676 3697 1893 3732 annonoe
1917 3682 2110 3731 urbicae
2147 3681 2411 3739 redderet,
2437 3683 2605 3734 fossas
2629 3700 2742 3736 om·

1674 3774 1786 3815 nes,
1809 3760 1860 3808 in
1886 3773 2012 3824 quaa
2037 3758 2191 3809 Nilus
2223 3766 2501 3818 exaestuat,
2523 3762 2742 3813 oblima-

1677 3841 1756 3885 tas
1780 3836 1930 3898 longa
1966 3839 2249 3896 vetustate,
2288 3836 2501 3885 militari
2522 3852 2623 3900 ope
2647 3838 2742 3890 de-

1675 3911 1860 3962 tersit.'
1929 3913 2013 3961 De
2039 3911 2217 3960 eadem
2249 3912 2519 3975 provincia
2559 3914 2741 3979 Hege-

1674 3988 1871 4051 aippus,
1896 4001 1958 4036 n.
1982 3990 2031 4035 9.
2064 3988 2081 4015 4
2103 3986 2259 4050 Cujus
2282 3989 2531 4037 naturalis
2553 3988 2742 4041 fecun-

1674 4064 1813 4114 ditas
1857 4062 2103 4112 Romanis
2152 4064 2361 4126 militat,
2411 4073 2467 4114 ut
2511 4075 2742 4130 quatuor

1672 4139 1932 4188 mensibus
1955 4137 2190 4187 dominos
2214 4138 2354 4188 alat!
2387 4140 2609 4194 Patml.

1746 4215 1953 4283 Ventoso
1974 4218 2019 4263 et
2044 4212 2248 4262 imnum
2267 4213 2426 4277 natio]
2462 4216 2610 4265 Flav.
2633 4216 2742 4269 Vo-

1675 4292 1850 4361 piscus
1872 4291 1928 4342 in
1959 4290 2175 4342 saturn.
2201 4294 2252 4340 7.
2298 4292 2314 4319 4
2331 4291 2462 4341 Sunt
2485 4289 2745 4359 AEgyptii,
