3060 4902
518 388 651 452 620

585 530 866 612 auaritiam]
882 547 955 595 Ut
974 546 1112 609 leges
1127 559 1300 594 arenae
1318 552 1553 595 servaret
1568 561 1584 605 ;

522 628 750 689 itemque
796 624 1004 685 praemia
1051 623 1301 685 promissa
1355 621 1586 672 fideliter

523 709 833 765 praestaret3
867 699 959 748 sed
998 700 1184 747 necin
1222 700 1314 747 lios
1343 706 1432 746 aut
1468 699 1584 747 illos

523 778 625 839 (ita
649 776 852 839 subdit)
877 772 1120 823 affectum
1146 775 1434 823 inclinaret.
1466 774 1585 837 Lip-

521 868 640 901 stas.

596 930 741 977 Omni
767 928 1040 992 affectione]
1077 927 1241 976 Vide:
1279 941 1450 975 rarum
1481 933 1584 987 est,

525 1007 614 1055 ubi
651 1015 912 1054 certamen
949 1015 1002 1054 et
1042 1005 1352 1063 commissio,
1379 1010 1437 1052 nt
1473 1004 1584 1052 cdi-

525 1092 627 1144 tor,
649 1093 736 1131 aut
760 1090 1046 1145 spectator,
1070 1096 1171 1129 non
1196 1083 1284 1129 det
1311 1096 1366 1127 se
1393 1081 1442 1128 in
1469 1096 1582 1143 par-

524 1167 622 1210 tes.
691 1160 820 1208 Haec
852 1167 930 1207 est
969 1159 1231 1207 inclinatio
1268 1158 1471 1206 humani
1509 1159 1585 1206 in·

525 1238 687 1299 genii,
712 1252 960 1300 pugnare,
997 1246 1085 1284 aut
1125 1236 1473 1297 pugnantibus
1511 1236 1586 1285 fa·

523 1329 666 1364 vere.
737 1315 923 1377 Itaque
947 1329 1046 1361 non
1073 1312 1241 1362 dicam
1269 1313 1465 1375 vulgus,
1491 1313 1583 1361 sed

527 1392 791 1454 principes
842 1391 935 1452 ipsi
980 1391 1098 1438 huic
1149 1398 1238 1439 aut
1284 1392 1357 1439 illi
1407 1392 1589 1453 generi

526 1469 680 1531 (puta
705 1469 1006 1530 Threcibus,
1031 1469 1589 1533 atttMyrminoninus)

525 1544 794 1606 favebant,
834 1555 889 1595 et
932 1547 1140 1596 vincere
1187 1549 1300 1595 illos
1339 1548 1461 1608 jure
1509 1548 1590 1595 vel

526 1622 717 1684 injuria
741 1623 1012 1672 volebant:
1049 1630 1206 1686 atque
1235 1622 1415 1671 fraude
1439 1624 1588 1683 adeo,

528 1700 611 1746 vel
634 1700 870 1760 imperio,
893 1714 998 1747 rem
1024 1713 1087 1747 eo
1118 1698 1404 1748 trabebant.
1462 1699 1591 1747 Sue-

531 1784 640 1824 ton.
672 1775 773 1824 Tit.
800 1789 847 1822 c.
877 1779 926 1823 8.
949 1775 1197 1830 ostendit,
1222 1782 1276 1823 et
1301 1790 1348 1824 c.
1375 1779 1451 1824 10.
1484 1775 1592 1823 Do-

529 1852 641 1900 mit.
667 1859 725 1899 ut
750 1850 932 1899 dicam.
965 1851 1117 1900 Idem.

599 1927 747 1974 Omni
767 1925 1041 1990 affectione]
1077 1925 1215 1976 Alias
1240 1934 1353 1976 erat
1372 1936 1386 1958 ⁸
1404 1942 1593 1976 cunea-

531 2006 571 2053 ti
606 2004 726 2053 licta
757 2004 943 2054 theatri
966 2003 1200 2054 Seditio!
1270 2003 1464 2053 Auson.
1520 2002 1594 2052 At

531 2081 599 2129 de
622 2081 851 2144 Trajano
886 2080 1116 2129 Martial.
1151 2081 1394 2143 Spectac.
1423 2094 1518 2129 xx.
1548 2086 1593 2130 l.

529 2161 546 2185 ‘
575 2157 707 2207 Cum
752 2163 961 2220 peteret
1007 2170 1126 2219 pars
1169 2157 1280 2205 ltaec
1313 2157 1596 2220 Myrinum,

531 2250 654 2298 pars
673 2234 1121 2297 illaTriumpbum,
1139 2235 1381 2284 Promisit
1400 2235 1598 2298 pariter

532 2312 711 2362 Coesar
751 2321 972 2376 utraque
1010 2326 1181 2361 mamt.
1262 2313 1384 2360 Non
1426 2311 1597 2374 potuit

531 2390 711 2439 melius
734 2390 876 2439 litem
907 2388 1056 2438 finire
1072 2389 1326 2450 jocosam.
1371 2388 1420 2436 Ο
1442 2390 1596 2438 dulce

528 2468 713 2516 invicti
738 2467 988 2529 principis
1012 2466 1273 2529 ingenium
1292 2465 1326 2514 !'
1356 2466 1509 2515 Rern.

596 2546 699 2593 Δια
747 2545 972 2602 intactas,
1017 2548 1101 2591 aut
1146 2543 1320 2603 major]
1376 2543 1598 2592 Intactas

530 2620 724 2669 dicitur
748 2634 929 2684 purus,
955 2621 1176 2682 integer,
1199 2634 1259 2668 ac
1294 2633 1359 2667 ne
1387 2620 1596 2682 quidem

532 2704 767 2745 tentatus
789 2704 1179 2759 occupatusque
1204 2694 1370 2744 adhuc
1397 2712 1425 2744 a
1450 2705 1598 2745 certo

530 2773 702 2835 aliquo
726 2773 873 2829 vitio,
898 2781 985 2822 aut
1012 2771 1307 2821 affectione.
1353 2773 1437 2822 Sic
1457 2774 1596 2822 Plin.

532 2849 703 2912 Epist.
726 2865 775 2899 v.
793 2855 841 2900 8.
861 2855 876 2880 4
898 2853 1092 2900 intacta
1113 2858 1166 2900 et
1186 2866 1315 2899 nova
1339 2852 1600 2915 tempora'

535 2935 708 2986 vocat,
728 2941 944 2991 quorum
970 2926 1076 2975 fata
1114 2935 1165 2976 et
1206 2942 1285 2976 res
1312 2935 1484 2990 gestas
1510 2942 1599 2976 ne-

533 3018 618 3052 mo
646 3003 815 3053 adbuc
837 3005 1132 3054 describere
1165 3006 1407 3054 tentavit·
1473 3019 1599 3056 vm.

533 3086 615 3130 24.
649 3084 666 3110 4
691 3083 943 3132 intactum
969 3084 1213 3131 honorem
1232 3082 1246 3103 ’
1271 3083 1421 3139 dixit,
1446 3098 1598 3147 quem

533 3159 657 3209 Jun.
683 3161 886 3214 Avitus,
917 3159 1068 3207 ruodo
1090 3159 1391 3220 designatus
1415 3160 1599 3222 aedilis,

534 3248 601 3283 ne
641 3236 848 3299 quidem
886 3237 1053 3284 adbuc
1087 3244 1318 3285 tentarat
1357 3237 1599 3286 adminis-

536 3318 694 3360 trare.
746 3312 831 3359 Sic
856 3327 885 3360 a
911 3311 1078 3374 poetis
1104 3312 1292 3375 passim
1319 3314 1599 3363 laudantur

530 3389 547 3414 ⁸
574 3387 798 3449 virgines
823 3387 1072 3449 intactae,’
1096 3389 1127 3438 i.
1150 3404 1198 3439 e.
1224 3390 1461 3454 integrae.
1512 3392 1598 3440 De

533 3464 721 3519 milite,
747 3465 831 3527 qui
855 3466 1027 3513 salvus
1048 3465 1345 3529 illaesusque
1373 3481 1438 3514 ex
1465 3480 1597 3528 prae·

533 3539 605 3587 lio
639 3540 856 3595 abierat,
895 3542 1109 3589 Sallust.
1147 3542 1268 3603 Jug.
1307 3556 1352 3590 c.
1386 3545 1469 3589 67.
1506 3543 1599 3604 ait,

531 3616 547 3642 4
567 3615 711 3663 Unus
733 3628 798 3663 ex
817 3617 1052 3663 omnibus
1077 3614 1309 3680 profugit
1337 3617 1600 3668 intactus!

533 3691 608 3740 Et
640 3690 825 3739 Tacito
860 3691 1000 3741 Hist.
1033 3705 1093 3742 tt.
1117 3697 1199 3742 78.
1236 3694 1446 3749 dicitur,
1480 3698 1494 3720 4
1522 3697 1598 3744 in-

536 3775 709 3817 tactus
728 3766 1138 3831 superstitione.'
1198 3768 1287 3829 At,
1310 3777 1323 3798 ‘
1350 3772 1597 3834 rtiajorem

535 3846 671 3894 omni
706 3843 1015 3894 affectione'
1049 3847 1220 3894 vocari
1251 3856 1396 3908 puto,
1418 3850 1503 3912 qui
1528 3850 1598 3897 la-

534 3923 712 3971 cessit-i
749 3921 954 3985 quidem
980 3922 1045 3971 ab
1070 3919 1342 3973 affectibus
1371 3926 1599 3989 potuisse

533 3997 763 4059 videtur,
794 3997 883 4046 sed
921 4000 984 4047 iis
1017 4006 1098 4047 est
1125 4001 1377 4062 superior,
1408 4017 1599 4066 easque

535 4076 695 4125 vincit
718 4083 771 4125 et
797 4076 1062 4138 opprimit.
1129 4076 1282 4134 Nam,
1313 4086 1371 4127 ut
1405 4081 1601 4130 Seneca

536 4152 631 4213 ait,
657 4152 822 4215 Epist.
844 4157 896 4202 o.
921 4155 936 4181 4
959 4154 1197 4208 Dolores,
1221 4154 1505 4215 molestias,
1523 4158 1601 4206 in-

529 4229 716 4293 jurias,
747 4231 906 4280 virtus
938 4230 1294 4294 magnitudine
1317 4245 1409 4280 sua
1434 4233 1604 4292 elidit,

538 4313 694 4372 atque
731 4306 1013 4371 opprimit!
1079 4308 1250 4372 Epist.
1284 4311 1368 4358 66.
1400 4311 1415 4337 4
1441 4308 1604 4361 ⁴iubes

1217 399 1435 448 No'rAE
1486 398 1891 447 vammum
1946 399 2023 448 m

1662 559 1744 594 me
1771 544 1945 594 vivere
1970 542 2144 607 capite
2177 543 2426 594 demisso?
2447 581 2459 595 .
2481 579 2493 594 .
2515 580 2529 595 .
2552 545 2730 610 Major

1658 634 1788 679 stim,
1809 629 1865 669 et
1897 620 1961 669 ad
2003 621 2204 681 majora
2241 622 2482 684 genitus.’
2549 624 2635 679 Et,
2660 624 2728 672 de

1660 698 1870 746 Provid.
1899 712 1945 745 c.
1969 703 2017 745 2.
2049 700 2064 725 4
2092 698 2189 746 Est
2224 698 2360 745 enim
2404 698 2481 746 vir
2518 700 2730 760 sapiens

1656 774 1894 822 omuibus
1913 774 2141 822 externis
2163 773 2445 835 potentior.
2497 776 2610 823 Nec
2629 776 2729 824 hoc

1659 850 1795 912 dico,
1831 864 1932 898 nou
1966 851 2125 898 sentit
2160 850 2276 908 ille;
2328 849 2421 896 sed
2459 850 2642 911 vincit,
2674 856 2730 899 et

1660 926 1882 990 alioquin
1921 926 2124 988 quietus
2165 925 2503 987 placidusque
2546 933 2729 974 contra

1659 1002 1978 1050 incurrentia
2004 1001 2295 1049 attollitur.’
2324 1001 2569 1050 Schwarz.

1728 1082 1864 1134 Quod
1884 1080 2238 1142 postulabatur]
2260 1079 2376 1127 Mos
2397 1080 2588 1141 populo
2613 1079 2733 1142 fuit,

1658 1157 1770 1205 ltaec
1820 1158 1896 1204 vel
1940 1157 2025 1204 illa
2069 1156 2412 1218 gladiatorum
2465 1158 2629 1218 paria,
2670 1163 2732 1206 ut

1659 1233 2130 1291 committerentur,
2158 1240 2265 1294 aut,
2299 1241 2357 1281 ut
2394 1233 2466 1281 illi
2502 1232 2733 1283 dimitte-

1662 1321 1859 1373 rentur,
1914 1312 1995 1360 liic
2039 1312 2393 1374 jugularetur,
2447 1313 2735 1375 postulare.

1661 1390 1835 1438 Testis
1872 1398 1950 1438 est
1990 1390 2249 1438 Martialis
2286 1391 2531 1452 Spectac.
2558 1404 2659 1440 xx.
2687 1395 2732 1439 1.

1664 1467 1747 1514 ubi
1773 1465 1929 1528 poeta
1946 1466 2187 1527 iutelligit
2206 1465 2333 1513 duas
2356 1464 2615 1515 factiones
2633 1480 2736 1515 am·

1666 1543 2067 1605 phitlieatrales3
2109 1556 2324 1606 quarum
2366 1544 2529 1591 altera
2569 1543 2733 1607 Myri-

1665 1632 1804 1672 num,
1832 1619 1999 1667 altera
2023 1620 2383 1682 Triumphum,
2411 1619 2732 1683 gladiatores

1666 1695 1897 1750 eximios,
1922 1694 2231 1758 postularat.
2292 1697 2511 1744 Sueten.
2536 1697 2733 1749 Domit.

1666 1785 1715 1820 c.
1749 1776 1799 1819 4.
1835 1773 1850 1798 4
1881 1773 2145 1820 Praeterea
2182 1774 2474 1835 quaestoriis
2510 1776 2731 1824 muneri·

1670 1850 1782 1904 bus,
1823 1864 1938 1912 quae
1987 1850 2106 1897 olim
2149 1851 2337 1899 omissa
2379 1859 2734 1907 revocaverat,

1669 1927 1744 1975 ita
1783 1940 1985 1988 semper
2022 1923 2280 1981 interfuit,
2316 1935 2375 1977 ut
2414 1928 2608 1990 populo
2641 1943 2735 1993 po·

1671 2010 1914 2052 testatem
1970 2002 2172 2052 faceret
2218 2002 2340 2053 bina
2380 2005 2527 2066 paria
2569 2020 2599 2054 e
2642 2020 2734 2055 suo

1671 2080 1791 2130 ludo
1818 2081 2133 2144 postulandi,
2155 2097 2270 2145 quae
2296 2082 2574 2132 novissima
2606 2083 2735 2134 auli·

1670 2173 1733 2207 co
1769 2166 2024 2220 apparatu
2061 2157 2373 2208 induceret.'
2437 2158 2522 2211 ef.
2558 2168 2613 2210 et
2643 2162 2735 2211 Se-

1672 2248 1784 2282 nec.
1808 2235 1975 2298 Epist·
1998 2247 2095 2282 vn.
2130 2234 2269 2298 apud
2309 2250 2460 2298 quem
2499 2237 2735 2301 legimns,

1672 2312 1687 2338 ‘
1714 2312 1855 2374 paria
1878 2311 2220 2374 gladiatorum
2246 2312 2612 2376 postulatitia.'
2638 2316 2735 2364 Pa·

1674 2390 1811 2438 turol-

1740 2469 1880 2525 Quod
1910 2469 2262 2534 postulabatur]
2301 2471 2606 2521 Liberalitas
2628 2472 2737 2521 lau·

1673 2544 1798 2593 data
1837 2552 1936 2604 est,
1976 2553 2030 2594 et
2064 2546 2305 2608 justitia3
2343 2548 2487 2597 addit
2524 2549 2739 2597 comita-

1675 2627 1796 2670 tem.
1866 2621 2127 2685 Quidquid
2171 2622 2324 2671 turba
2368 2625 2605 2687 petebat,
2648 2624 2739 2673 fie-

1678 2696 1785 2756 bat,
1807 2704 1861 2744 et
1885 2712 2060 2746 eornm
2087 2698 2337 2747 voluntati
2361 2714 2473 2748 sese
2497 2700 2739 2762 aptabat.

1672 2774 1935 2823 Volebant
1957 2774 2046 2822 hos
2070 2783 2124 2823 et
2149 2775 2259 2824 illos
2293 2787 2460 2839 notos,
2495 2778 2577 2826 vel
2612 2778 2742 2827 auli·

1671 2865 1777 2906 cos,
1833 2851 2178 2914 gladiatores?
2233 2854 2530 2902 veniebant.
2616 2852 2743 2902 Illos

1674 2926 1885 2990 dimitti,
1908 2929 2041 2977 hunc
2070 2930 2341 2991 jugulari?
2374 2931 2741 2993 impetrabant.

1678 3003 1780 3052 Adi
1819 3019 1917 3064 me,
1943 3005 2008 3051 de
2044 3006 2395 3054 Postulaticiis
2417 3006 2743 3057 Gladiatori-

1677 3080 1790 3135 bus,
1815 3095 1877 3129 n.
1902 3085 1980 3129 16.
2003 3090 2056 3131 et
2078 3082 2143 3130 de
2163 3083 2355 3146 Populi
2375 3082 2746 3149 Petitionibus,

1674 3170 1717 3205 c.
1741 3162 1822 3206 22.
1856 3158 1992 3221 Lips.
2407 3193 2409 3196 v

1739 3234 2029 3298 Admonuit]
2064 3234 2325 3284 Praestitit
2357 3235 2457 3284 hoc
2492 3245 2547 3286 et
2569 3236 2743 3296 Titus.

1677 3310 1740 3358 de
1775 3325 1875 3375 quo
1909 3311 2123 3360 Sueten.
2161 3326 2210 3361 c.
2234 3315 2282 3360 8.
2325 3311 2343 3339 4
2367 3310 2631 3376 Populum
2667 3314 2746 3363 in·

1676 3388 1855 3450 primis
1892 3389 2185 3437 universum
2226 3396 2374 3438 tanta
2420 3403 2517 3452 per
2560 3405 2743 3441 omnes

1676 3465 1973 3514 occasiones
2034 3467 2282 3515 comitate
2349 3468 2616 3524 tractavit,
2667 3475 2745 3532 ut,

1674 3541 1940 3605 proposito
1984 3542 2296 3604 gladiatorio
2356 3557 2589 3606 munere,
2640 3559 2745 3594 nou

1676 3618 1739 3667 ad
1782 3633 1950 3674 suum,
1979 3619 2071 3665 sed
2114 3618 2179 3666 ad
2217 3622 2570 3681 spectantium
2604 3621 2744 3671 arbi-

1678 3696 1853 3755 trium,
1913 3694 2171 3743 editurum
2227 3710 2281 3743 se
2336 3694 2598 3758 professus
2655 3698 2746 3747 sit.

1674 3772 1741 3820 Et
1768 3773 1919 3834 plane
1948 3772 2018 3821 ita
2058 3770 2203 3820 fecit.
2274 3772 2407 3820 Nam
2445 3787 2617 3837 neque
2653 3788 2746 3824 ue-

1676 3850 1818 3911 gavit
1859 3850 2137 3913 quidquam
2185 3849 2524 3911 petentibus;
2583 3858 2641 3899 et
2687 3859 2747 3904 ut

1675 3941 1791 3990 quae
1818 3927 2012 3975 vellent
2044 3935 2307 3989 peterent,
2331 3928 2471 3976 ultro
2504 3926 2749 3978 adhorta-

1677 4014 1760 4056 tus
1783 4005 1903 4055 est!
1936 4007 2155 4055 Patarol.

1740 4085 1815 4132 Ac
1834 4085 1903 4131 sic
1934 4095 2110 4146 quoque
2136 4081 2303 4145 plara]
2337 4080 2563 4131 Codices
2595 4082 2747 4134 vsti-

1676 4161 1793 4208 cani
1837 4161 2025 4209 babent
2050 4161 2119 4212 At
2144 4159 2217 4207 sic
2250 4160 2388 4221 plum
2412 4174 2610 4223 qnoque.
2675 4162 2747 4211 Et

1679 4249 1817 4297 mox,
1875 4249 1971 4298 pro
2029 4248 2157 4284 voce
2191 4237 2528 4297 spectantium,
2576 4236 2747 4286 codex

1680 4313 2172 4377 Guelpberbytanus
2231 4312 2445 4364 exhibet
2500 4316 2749 4378 speculan.
