3060 4902
766 400 831 446 c.
879 398 1126 447 eamn
1174 397 1506 448 suenum
1561 397 1836 448 nnec.
1913 400 1963 446 1.
1993 381 2102 447 54.

324 541 400 591 uti
421 540 523 590 hoe
546 540 602 590 in
626 540 763 603 loeo,
794 542 848 590 in
872 543 1060 592 malam
1085 549 1286 606 partem
1309 558 1395 593 sc·

322 617 532 681 cipitur,
555 617 650 680 its,
671 625 731 667 nt
750 616 1032 681 significet,
1061 621 1077 647 ‘
1097 635 1198 668 non
1222 619 1393 678 bene,'

321 692 526 742 ‘mstel
595 694 706 743 Cic.
729 694 869 742 Fsm.
895 708 983 743 ιιι.
1004 699 1055 744 6.
1087 696 1203 745 ‘De
1228 702 1315 745 tuo
1339 697 1390 745 in

322 785 405 820 me
441 771 617 820 animo
656 770 847 834 iniquis
882 785 1032 819 secus
1062 771 1390 822 existimandi

324 845 517 895 videris
541 860 643 895 non
665 846 788 895 nibil
818 846 915 895 loci
938 845 1178 895 dedisse.’
1243 848 1389 897 Idem

322 922 491 973 Attio.
529 936 568 972 ι.
610 927 689 972 19.
729 929 745 953 ‘
765 923 1022 974 Quinetus
1056 922 1222 974 frater
1256 923 1392 973 affir-

323 1007 452 1060 mat,
475 999 603 1048 nibil
636 1015 668 1049 a
699 1014 756 1049 se
788 1002 1027 1064 cuiquam
1051 999 1119 1049 de
1155 1008 1207 1050 te
1242 1016 1390 1051 secus

323 1089 443 1124 esse
465 1075 700 1124 dictum.’
763 1075 932 1126 Tacit.
958 1076 1144 1125 Annal.
1183 1090 1314 1125 xm.
1341 1081 1393 1126 6.

317 1152 338 1180 ⁴
358 1153 618 1203 Daturum
640 1153 791 1215 plane
806 1153 1190 1217 documentum,
1211 1154 1390 1204 bones·

322 1227 413 1289 tis,
438 1241 506 1276 an
527 1241 675 1277 secus
697 1228 891 1290 amicis,
911 1228 1186 1278 uteretur.'
1245 1230 1392 1293 Sym-

321 1304 538 1354 machus
584 1305 752 1369 Epist.
798 1319 856 1356 x.
900 1311 982 1355 56.
1015 1306 1031 1334 ‘
1053 1306 1391 1356 Macedonins

322 1395 480 1431 secus
504 1381 568 1429 de
592 1381 856 1444 republica
882 1381 1130 1430 meritus!
1196 1382 1390 1432 Ritter-

318 1457 524 1506 abusius
563 1463 742 1507 noster
779 1459 961 1520 voluit,
994 1465 1051 1508 nt
1088 1473 1189 1508 non
1225 1461 1390 1509 solum

322 1535 467 1597 apud
502 1534 750 1595 Plinium,
772 1536 864 1584 sed
898 1536 1026 1584 alios
1050 1537 1207 1584 etiam
1230 1537 1390 1600 scrip·

319 1616 484 1671 tores,
519 1626 612 1674 pro
643 1626 789 1668 secus,
822 1612 1143 1662 scriberetur
1173 1614 1395 1676 sequius,-

319 1686 416 1735 sed
440 1687 637 1751 optime
673 1688 728 1739 J.
767 1688 824 1736 Ρ.
848 1687 1145 1737 Gronovius
1180 1688 1244 1736 ad
1279 1689 1392 1738 Lis.

322 1775 426 1813 vn.
461 1768 511 1813 6.
560 1764 782 1819 censuit,
821 1764 921 1813 etsi
969 1764 1162 1814 alicubi
1207 1767 1388 1829 scripti

318 1840 444 1890 libri
467 1840 689 1890 babeant
712 1843 919 1905 sequius,
945 1841 1031 1890 nbi
1055 1843 1208 1904 vulgo
1239 1858 1388 1908 secus,

319 1929 423 1965 non
452 1915 569 1966 ideo
607 1925 780 1966 tamen
815 1917 913 1966 boe
949 1920 1140 1981 passim
1163 1933 1274 1969 esse
1297 1933 1387 1969 es·

319 1991 721 2042 terminandum.
754 1994 904 2045 Idem.

386 2067 540 2118 See-s
570 2070 757 2133 anili]
795 2069 974 2132 Forte,
997 2071 1189 2133 sequius
1210 2072 1388 2123 meriti.

316 2145 615 2209 Syr-macb-
653 2159 710 2196 x.
740 2150 822 2195 49.
856 2145 1050 2195 ‘Secus
1082 2149 1297 2197 meritus
1322 2149 1389 2199 de

316 2221 628 2286 republica-⁹
693 2223 794 2272 Ubi
836 2222 1073 2272 similiter
1110 2225 1280 2273 malim
1316 2240 1388 2274 se-

315 2299 477 2363 quius.
554 2300 643 2350 Sic
686 2300 807 2349 olim
850 2301 902 2349 in
956 2309 1066 2364 opt.
1108 2301 1388 2353 Camerarii

315 2376 636 2427 membranis
659 2375 836 2426 Plauti
853 2376 1087 2427 Aulular.
1116 2392 1200 2428 ιιι.
1223 2385 1273 2428 2.
1300 2380 1387 2429 ubi

316 2453 480 2517 vulgo
519 2453 778 2515 vulgatur,
819 2454 992 2506 ‘Quid
1031 2453 1251 2506 diximus
1292 2458 1386 2508 tibi

316 2543 491 2590 secus,
524 2544 678 2594 quam
716 2529 914 2589 venes:
954 2532 1126 2595 reperi
1165 2534 1387 2595 vestigia

318 2604 518 2655 veteris
546 2612 604 2654 et
639 2618 778 2654 vero
812 2605 1106 2667 scripturae,
1138 2609 1271 2672 sequi
1306 2625 1386 2658 us-

314 2696 463 2746 quen
491 2684 653 2743 velles,
690 2696 757 2731 ex
787 2697 891 2746 quo
927 2683 1093 2732 cuivis
1131 2685 1180 2733 in
1218 2699 1386 2747 prom·

318 2766 380 2811 tn
424 2767 511 2809 est
558 2757 732 2807 facere
785 2760 975 2820 sequius
1023 2775 1161 2822 quam
1203 2763 1345 2810 telles
1363 2779 1384 2819 ,-

316 2852 424 2888 non
474 2846 534 2888 ut
586 2835 793 2900 quidam
839 2836 1012 2900 fingit,
1052 2839 1204 2888 secius
1243 2856 1387 2903 quam

311 2916 476 2965 vesse&
573 2912 756 2962 Placet
828 2913 1081 2976 impense,
1142 2915 1279 2979 quod
1333 2917 1382 2966 in

314 2989 607 3055 posthumis
651 2989 778 3038 Vsr.
825 2990 972 3038 Leet.
1029 2991 1174 3039 libris
1218 3006 1387 3055 nuper

315 3067 574 3130 Angusta
617 3064 800 3126 editis,
841 3066 1052 3129 scripsit
1107 3067 1382 3118 Muretus:

310 3146 329 3173 ⁸
350 3142 442 3193 Ita
480 3142 672 3206 ubique
707 3141 943 3190 librarios
976 3141 1036 3189 τὸ
1067 3143 1257 3205 sequius
1294 3158 1384 3193 ex·

314 3220 585 3283 punxisse.
601 3226 656 3268 et
675 3217 812 3266 aliud
839 3232 932 3281 pro
954 3232 1015 3267 eo
1038 3218 1388 3282 substituisse,

312 3295 466 3360 quasi
509 3294 564 3342 in
607 3294 721 3356 ejus
764 3307 943 3343 necem
989 3294 1385 3357 conjurassent!

313 3370 558 3422 amma.

382 3447 520 3498 Car.
556 3458 665 3497 ιιν.
737 3446 800 3495 Et
837 3443 967 3509 quis]
1003 3446 1180 3510 Ecquis
1215 3449 1283 3497 V.
1324 3448 1384 3500 C.

313 3523 485 3575 Lisia.

380 3600 453 3650 Εε
470 3598 605 3663 quis]
639 3599 704 3648 In
727 3598 932 3648 excusis
955 3599 1118 3655 libris,
1143 3601 1380 3664 cuspini-

314 3691 470 3738 anus,
505 3676 689 3732 Jonta,
723 3684 780 3725 et
817 3675 1127 3724 Arntsenius
1169 3676 1382 3726 edidere

315 3754 519 3819 Ecquis.
586 3754 942 3803 Annotaverat
970 3754 1080 3816 jam
1120 3754 1381 3803 Livineius

309 3832 364 3881 in
387 3830 622 3893 margine
644 3828 890 3878 editionis
914 3844 1020 3879 suae
1047 3829 1179 3878 banc
1202 3831 1381 3880 lectio·

309 3921 432 3959 nem
470 3921 504 3955 e
539 3920 630 3955 suo
664 3905 862 3955 codice.
930 3905 1000 3955 At
1032 3920 1228 3970 omnes,
1249 3922 1378 3970 quos

310 3987 507 4046 evolvi,
543 3982 708 4033 ceteri
743 3982 863 4032 libri
899 3983 1081 4046 scripti
1120 3984 1380 4046 impressi-

313 4077 432 4127 (με.
466 4059 728 4111 distinctis
769 4059 982 4121 voculis,
1017 4060 1265 4111 exhibent
1312 4062 1380 4110 Et

310 4139 434 4203 quis.
504 4135 675 4185 Nemo
705 4133 894 4196 nescit,
928 4136 1001 4183 ita
1032 4134 1144 4185 baee
1177 4151 1207 4184 a
1230 4136 1378 4184 libra·

314 4215 404 4264 riis
426 4210 714 4276 sepissime
737 4207 1006 4274 confundi,
1028 4219 1081 4261 et
1103 4211 1380 4275 aliquando

313 4304 495 4356 parum
518 4289 793 4352 iuteresse,
809 4292 978 4338 utram
997 4287 1273 4340 lectionem
1299 4302 1380 4340 re-

2405 382 2539 449 773

1471 542 1667 607 cipias:
1708 543 1863 593 malni
1891 550 2062 593 tamen
2084 543 2183 592 boe
2206 543 2320 592 loeo
2345 544 2536 593 retine·

1471 633 1527 667 re
1565 620 1902 681 scripturam,
1925 625 2002 668 tot
2037 619 2284 668 librorum
2310 621 2536 668 auctori·

1470 702 1578 744 tate
1617 694 1994 758 confirmatam,
2028 697 2268 757 maxime,
2304 710 2422 746 cum
2461 698 2537 746 sie

1468 772 1726 836 particula
1747 776 1812 830 et,
1837 785 2067 820 seorsum
2084 772 2302 836 scripta,
2318 774 2417 821 vim
2444 773 2538 822 ad·

1466 847 1691 897 mirandi
1733 861 1929 910 augere
1975 846 2251 907 videatur3
2300 849 2351 896 id
2393 848 2536 913 quod

1467 939 1645 989 snpra,
1688 923 1753 972 sd
1794 937 2003 974 xxvm.
2033 928 2081 972 6.
2121 933 2176 974 et
2223 924 2275 974 in
2314 926 2533 975 Excurs-

1466 1013 1654 1050 xxxn.
1677 1000 1900 1049 ostendi.
1934 1000 2176 1049 Schwarz.

1537 1077 1604 1125 Et
1621 1079 1726 1141 quis
1745 1079 1852 1139 jam
1873 1079 2022 1142 locus]
2059 1078 2175 1127 Nec
2197 1078 2399 1141 mirum,
2416 1093 2534 1130 cum

1469 1153 1659 1217 ubique
1672 1154 1783 1218 jam
1805 1153 2196 1217 imperatorum,
2212 1163 2269 1203 ut
2287 1156 2534 1217 synesius

1470 1229 1519 1277 in
1558 1238 1691 1280 orat.
1727 1229 1794 1278 de
1829 1244 1988 1291 regno
2021 1231 2270 1294 loquitur,
2306 1231 2380 1279 ὑπ’
2403 1232 2537 1282 ἑταί-

1467 1322 1561 1354 νων
1579 1306 1641 1355 τὰ
1662 1304 1761 1354 ὦτα
1782 1305 2058 1372 indemnem,
2080 1322 2219 1356 aures
2249 1309 2537 1359 laudationi·

1469 1383 1555 1432 bus
1595 1384 1864 1446 depravate
1905 1389 2062 1444 erant,
2110 1383 2174 1431 ad
2220 1400 2347 1449 quas
2401 1387 2533 1436 tales

1468 1457 1733 1509 confluere
1762 1462 1930 1509 solent
1969 1460 2014 1509 οἱ
2053 1458 2231 1520 ἀγῶνες
2262 1465 2360 1510 τῶν
2390 1462 2532 1524 ῥητό-

1465 1554 1575 1598 ρων,
1597 1538 1944 1586 commissiones
1963 1537 2351 1586 rhetorculorum.
2390 1538 2529 1588 'rhu-

1467 1614 1586 1677 cyd.
1611 1614 1695 1662 Ill.
1720 1619 1769 1663 6.
1792 1619 1871 1662 35.
1896 1614 2046 1664 Rern.

1535 1693 1729 1741 Miseroe
1742 1691 2053 1755 adulationis]
2077 1690 2394 1741 Foedissimae
2411 1705 2535 1756 qno·

1467 1783 1587 1833 que,
1612 1769 1708 1818 sub
1746 1769 1952 1819 Nerone
1983 1770 2299 1833 praesertim,
2330 1775 2386 1817 et
2423 1770 2533 1818 Do·

1465 1845 1695 1894 mitiano·
1760 1846 1879 1894 Non
1908 1859 2059 1894 unum
2083 1845 2346 1909 specimen
2371 1844 2530 1895 liabe-

1463 1936 1578 1971 mus
1604 1923 1653 1970 in
1677 1922 1903 1983 Lucano,
1916 1921 2081 1970 Statio
2104 1922 2153 1969 in
2178 1921 2369 1983 Sylvis,
2386 1921 2530 1970 Mar·

1463 1997 1589 2047 tiele
1633 1999 1841 2060 passim,
1885 2005 1938 2046 et
1979 1996 2237 2048 Juvenale
2281 1996 2395 2048 Sat.
2442 2010 2527 2048 ur.

1462 2075 1684 2124 Patare!-

1528 2149 1756 2198 Manebat
1779 2148 2002 2212 ignurss]
2040 2150 2084 2196 E
2116 2147 2346 2210 plurimis
2384 2148 2529 2198 libris

1461 2227 1611 2290 hujus
1638 2225 1974 2289 Panegyriei,
1999 2239 2157 2288 usque
2181 2222 2244 2271 ad
2272 2225 2386 2273 haec
2409 2238 2529 2272 nos-

1464 2309 1543 2352 tra
1585 2312 1837 2365 tempora,
1877 2301 2106 2349 exulavit
2149 2313 2251 2347 vox
2295 2301 2529 2359 ignum,-

1463 2386 1518 2428 et
1558 2380 1739 2428 mirum
1779 2386 1878 2438 est,
1911 2378 2049 2426 inter
2085 2383 2165 2426 tot
2203 2375 2429 2425 editores
2464 2391 2529 2427 ae

1464 2457 1765 2521 philologos,
1789 2455 1995 2515 nemini,
2027 2469 2088 2503 ae
2125 2469 2189 2503 ne
2228 2456 2527 2506 acutissimo

1463 2533 1669 2598 quidem
1711 2534 1906 2597 Lipsio‚
1951 2533 2039 2597 qui
2083 2532 2273 2596 alioqui
2329 2533 2529 2582 levissi-

1463 2624 1600 2658 mum
1626 2624 1881 2673 quemque
1914 2609 2110 2659 hiatum
2144 2608 2391 2658 odoratus
2424 2614 2529 2671 est,

1461 2684 1725 2736 defectum
1751 2688 1885 2736 bunc
1915 2686 2214 2735 suboluisse.
2285 2686 2529 2750 vestigia

1463 2763 1679 2812 verioris
1736 2764 1970 2812 lectionis
2027 2761 2333 2825 indagandas
2381 2764 2527 2826 quasi

1461 2840 1659 2888 eminus
1712 2839 2005 2901 iudicarunt
2049 2839 2385 2893 Puteolanos,
2424 2839 2528 2887 Be·

1461 2915 1687 2972 roaldus,
1724 2923 1779 2964 et
1823 2915 2171 2967 Philomusus.
2212 2914 2297 2974 qui
2333 2912 2526 2962 excudi

1459 2995 1709 3038 curarunt
1731 2989 1945 3038 manebat
1958 3001 2158 3047 gnarus.
2212 2988 2342 3037 Quae
2361 2988 2526 3051 scrip·

1462 3074 1576 3114 tura
1599 3066 1754 3115 etiam
1777 3066 2037 3128 reperitur
2071 3064 2123 3111 iu
2158 3063 2339 3111 codice
2374 3064 2528 3113 Pari·

1458 3141 1635 3198 siensi,
1659 3150 1714 3190 et
1734 3148 1955 3205 utroque
1973 3139 2203 3200 Veneto;
2224 3153 2376 3202 quam
2400 3153 2527 3190 vero

1459 3218 1566 3279 alii,
1592 3225 1832 3282 tanquam
1868 3217 2124 3277 inutilem,
2154 3215 2362 3279 penitus
2388 3216 2527 3278 reje-

1459 3309 1612 3355 cere;
1647 3295 1766 3354 nisi,
1804 3294 1937 3359 qnod
1975 3292 2323 3354 Cuspinianus
2363 3292 2527 3343 etiam

1461 3370 1689 3420 ediderit
1719 3370 1937 3418 manebat
1954 3382 2170 3430 gunnas,-
2204 3375 2259 3418 at
2280 3369 2418 3418 inter
2441 3384 2522 3420 er-

1460 3454 1576 3496 rata
1610 3444 1982 3509 typographica
2009 3459 2113 3492 suae
2147 3444 2392 3494 editionis
2417 3446 2527 3508 pri-

1458 3537 1570 3571 mus
1605 3523 1878 3578 monuerit.
1917 3522 2192 3582 legendum
2216 3535 2329 3570 esse
2362 3536 2524 3572 mane·

1456 3599 1539 3648 bat
1580 3601 1794 3660 ignarus.
1878 3598 2018 3647 Hinc
2059 3595 2198 3645 forte
2246 3598 2522 3648 Rhenanus

1455 3689 1659 3740 quoqne
1698 3675 1830 3723 banc
1865 3675 2141 3722 lectionem
2167 3677 2385 3738 recepit.
2453 3676 2526 3724 Et

1456 3762 1633 3802 recte:
1670 3766 1786 3800 uam
1828 3765 1944 3799 eam
1981 3749 2288 3799 confirmant
2328 3753 2524 3801 diserta

1451 3826 1697 3890 suffragia
1734 3826 1972 3876 codicum
2011 3826 2399 3882 vaticanorum,
2431 3828 2525 3876 Sa-

1453 3902 1805 3963 lisburgensis,
1839 3901 2307 3965 Guelpherbytani,
2331 3911 2385 3952 et
2406 3905 2524 3952 mei.

1454 3981 1673 4030 Interim
1711 3978 1828 4028 inde
1868 3993 2026 4041 usque
2063 3993 2092 4025 a
2132 3980 2432 4041 Cuspiniani
2464 3992 2524 4033 et

1456 4057 1688 4107 Rhenani
1736 4054 2052 4117 temporibus
2097 4055 2353 4103 neminem
2395 4058 2520 4122 scio,

1456 4135 1543 4199 qui
1570 4134 1701 4182 bunc
1724 4133 1893 4181 locunt
1931 4145 2030 4179 nou
2064 4129 2356 4192 prodiderit
2380 4147 2520 4182 man·

1454 4224 1591 4259 cum.
1662 4208 1946 4270 Postquam
1980 4218 2102 4253 vero
2140 4218 2257 4253 eum
2297 4206 2348 4254 in
2386 4207 2521 4259 inte·

1453 4300 1604 4351 grum
1641 4284 1920 4334 restituere
1953 4287 2168 4331 conatus
2200 4296 2332 4348 sum,
2363 4284 2520 4339 editis
