3060 4902
755 383 817 430 C.
863 383 1114 435 PLtNu
1166 387 1496 441 suevum
1552 395 1826 447 PANEG.

309 516 437 567 libro
466 519 766 586 Vossian03
799 539 979 577 verum
1011 533 1177 582 ceteri
1199 548 1377 585 omues

306 592 498 644 habent
539 601 724 662 amnis,
764 616 794 650 a
837 604 1028 668 quibus
1060 608 1195 661 baud
1231 627 1376 663 rece·

306 668 531 723 dendum
555 688 775 726 censeo.
806 679 1052 732 Selinous-z.

370 747 474 796 Nec
491 751 714 814 malimus
739 756 901 821 tellas]
934 758 969 808 i.
993 776 1042 819 e.
1066 762 1155 812 Ita
1177 771 1266 815 tuo
1289 765 1373 815 be·

305 822 483 874 aeficio
505 841 610 877 nec
634 836 785 880 terra
808 833 1190 899 AEgyptiorum,
1212 842 1262 890 in
1299 843 1376 908 ip-

307 915 361 949 sa
398 905 684 956 sterilitate
732 925 848 966 sua,
882 913 994 963 visa
1034 925 1117 966 est
1148 921 1375 981 sterilis;

307 974 422 1025 dum
446 981 660 1031 scilicet
685 992 747 1033 ιιι
772 1001 950 1037 eornm
976 990 1179 1057 horrea,
1213 993 1376 1059 frugi-

305 1050 395 1100 bus
417 1069 481 1102 ex
515 1056 680 1106 Italia
718 1060 1004 1126 subrectiS‚
1037 1073 1160 1116 tunc
1195 1071 1377 1134 imple-

307 1128 442 1178 visti.
502 1132 594 1183 Sic
644 1150 773 1187 vero
828 1141 1039 1192 verbnm
1086 1153 1102 1175 ‘
1137 1147 1379 1207 videtur,’

306 1205 322 1232 ⁴
348 1205 506 1257 risum
551 1210 679 1275 est,'
719 1228 825 1263 uon
866 1231 983 1268 raro
1023 1236 1118 1285 per
1163 1223 1380 1289 ἔλλιιψιν

306 1282 470 1332 omitti
494 1284 806 1340 observavit
830 1292 1037 1346 Curtius
1073 1299 1137 1348 ad
1164 1302 1377 1354 Sallust.

309 1358 456 1409 Catil.
492 1376 568 1413 rr.
590 1370 643 1413 2-
677 1373 737 1416 et
760 1368 888 1433 Jug.
922 1385 1116 1425 Lxxxr.
1141 1382 1188 1427 1.
1217 1382 1233 1406 ⁸
1261 1381 1374 1447 Ma:

307 1434 468 1498 lignns
494 1436 506 1457 ’
541 1448 625 1489 est
650 1440 967 1498 infecundus
1001 1461 1056 1500 et
1078 1455 1292 1517 sterilis,
1317 1464 1375 1507 ut

311 1511 443 1574 apud
480 1514 679 1580 virgil.
716 1519 912 1587 Georg.
944 1539 1008 1575 ιι.
1033 1531 1147 1578 179.
1178 1533 1195 1559 ⁴
1220 1532 1372 1582 Diffi-

309 1587 431 1637 ciles
453 1592 680 1653 primum
703 1601 882 1661 terrae,
903 1602 1167 1669 collesque
1191 1610 1373 1674 malig-

306 1663 392 1714 ni!
454 1668 615 1732 Cujus
664 1676 984 1727 eontrarium
1031 1689 1110 1731 est
1150 1691 1166 1712 ⁴
1192 1684 1375 1750 benig-

305 1738 430 1801 nus,’
451 1741 484 1791 i.
507 1759 557 1794 e.
589 1744 877 1814 fecundus,
909 1761 964 1803 et
987 1752 1193 1807 fertilis.
1263 1762 1370 1810 Pli-

306 1817 412 1866 nius
454 1819 654 1883 Major,
703 1838 871 1876 xvm.
918 1833 963 1879 1.
1005 1832 1022 1859 ‘
1059 1835 1274 1899 Fruges,
1318 1847 1372 1889 et

308 1889 473 1951 flores.
499 1912 731 1963 qnaeque
765 1902 887 1966 alia,
922 1915 1117 1969 praeter
1140 1913 1369 1970 arbores,

310 1978 395 2019 aut
417 1969 654 2032 frutices,
678 1976 901 2042 benigna
925 1983 1109 2035 tellure
1131 1993 1369 2051 proveni·

305 2047 432 2097 unt.'
494 2050 631 2102 Qui·
659 2052 973 2108 Arntzeuius
993 2062 1371 2118 animadverte-

309 2130 404 2183 rat,
438 2124 487 2174 in
511 2127 704 2179 codice
728 2132 1217 2207 Gnelpherbytano‚
1239 2153 1294 2194 et
1317 2146 1366 2194 in

306 2204 562 2264 excerptis
607 2206 899 2273 Vossianis,
953 2217 1202 2279 seriptum
1239 2234 1369 2271 esse

306 2275 403 2324 Nec
437 2279 646 2343 ben-'gna
676 2286 833 2347 tellas,
863 2288 1081 2341 adscivit
1115 2295 1201 2343 ille
1237 2297 1366 2348 lianc

306 2351 595 2405 lectionem.
669 2358 762 2421 At,
798 2376 1109 2428 quamquam
1149 2372 1365 2422 eandem

306 2428 456 2479 etism
491 2430 697 2483 referat
720 2437 889 2489 codex
914 2441 1194 2496 Vaticanus
1220 2453 1367 2500 3461.

304 2503 422 2556 ilem
442 2515 497 2558 et
516 2510 952 2576 Salisburgensis,
979 2519 1086 2583 (cni
1125 2539 1248 2574 vero
1261 2528 1363 2589 jam

305 2591 503 2633 vetusta
538 2601 731 2635 manus
756 2590 1050 2657 adscripsit,
1086 2600 1362 2662 legendnm

301 2669 403 2706 esse
438 2675 521 2709 aec
561 2664 776 2725 maligna
809 2669 995 2735 tellas)
1030 2687 1129 2724 uon
1172 2687 1365 2744 tamen,

301 2735 392 2784 uisi
452 2752 517 2786 ex
593 2742 919 2802 glossemate,
984 2749 1137 2801 istam
1197 2756 1361 2805 varie-

302 2818 453 2862 tatem
476 2823 674 2879 ortam,
697 2819 747 2867 in
779 2823 1027 2885 quosdam
1054 2830 1259 2880 codices
1283 2833 1360 2882 di·

298 2901 547 2954 manasse,
573 2893 812 2960 adeoque
840 2899 973 2950 haud
1013 2908 1357 2960 recedendum

299 2977 403 3013 esse
426 2977 560 3030 puto
590 2983 620 3017 a
647 2972 858 3036 vulgata
894 2979 1140 3042 lectione,
1165 2999 1279 3048 qnae
1304 2993 1361 3035 et

298 3054 330 3087 a
357 3045 551 3092 ceteris
578 3045 844 3099 codicibus
867 3053 998 3102 Mss.
1017 3061 1358 3127 omnibusque

298 3116 406 3167 aliis
423 3121 744 3174 editionibus
763 3129 1113 3197 confirmatur,
1137 3145 1192 3186 et
1216 3139 1359 3189 lucu·

297 3193 632 3248 lentissimam
657 3199 802 3252 affert
829 3213 1164 3262 sententiam.
1185 3217 1334 3266 Idem.

358 3274 461 3324 Nec
486 3278 704 3339 ”saligna
720 3283 883 3347 tellus]
914 3287 988 3336 Tu
1014 3287 1185 3342 fecisti
1216 3296 1359 3344 vide-

296 3348 336 3400 ri
362 3357 557 3401 terram
581 3352 830 3420 fertilem,
850 3369 905 3412 et
932 3364 1106 3417 Nilum
1131 3384 1355 3432 evagan-

298 3434 395 3474 tem
415 3443 432 3487 ;
464 3443 590 3479 nam
606 3431 914 3495 babuerunt,
930 3455 1044 3503 qnoe
1061 3444 1167 3510 illa,
1186 3458 1235 3496 et
1253 3450 1356 3510 illo,

293 3501 413 3552 dare
433 3506 642 3569 solent;
673 3511 764 3559 sed
795 3512 1051 3567 beneficio
1078 3528 1184 3573 tuo.
1216 3526 1354 3589 Lips.

358 3580 425 3629 Et
457 3582 717 3645 obsequens
750 3589 918 3654 Nilus]
953 3592 1265 3661 obsequens
1300 3611 1353 3653 et

294 3653 969 3722 obsequiosum,generatim
986 3669 1353 3740 dicitnr,qnid-

295 3731 413 3794 qnid
449 3744 653 3785 naturae
679 3739 894 3807 alicujus
917 3746 1010 3806 rei,
1033 3756 1086 3799 et
1118 3754 1352 3804 volunta·

296 3808 354 3868 ti,
375 3818 536 3874 atque
561 3823 681 3863 voto
704 3824 757 3864 et
784 3821 891 3868 usui
917 3833 1111 3887 nostro,
1136 3844 1252 3880 sese
1276 3831 1347 3881 fa·

293 3884 389 3935 cile
437 3892 814 3946 accommodat.
900 3898 1101 3952 Seneca
1157 3906 1205 3954 N
1214 3918 1353 3958 atur.

296 3960 494 4015 Qnoest.
528 3979 608 4016 vr.
635 3971 716 4017 32.
750 3971 766 3994 ⁸
791 3972 950 4023 Cibus
986 3992 1164 4039 parum
1201 3985 1350 4034 obse·

292 4050 446 4100 quens
495 4044 804 4095 stomacb0.'
883 4050 1084 4103 Colum.
1149 4072 1237 4108 ιιι.
1299 4069 1349 4112 5.

291 4111 307 4138 ⁴
331 4112 479 4164 Cnrae
533 4120 834 4172 mortalium
886 4126 1351 4194 obsequentissima

293 4192 369 4236 est
392 4188 566 4254 Italis,
587 4209 704 4259 qnoe
726 4205 1056 4261 penetotius
1081 4211 1219 4262 orbis
1240 4212 1350 4266 fru-

294 4275 396 4327 ges,
416 4267 647 4320 adhibito
669 4272 849 4322 studio
872 4279 1186 4344 colonorum,
1213 4288 1349 4339 ferre

411 4346 580 4414 Delptu.
603 4357 651 4403 ee
683 4354 806 4407 γαν.
824 4358 954 4407 Clas.

1229 4372 1415 4438 Paneg.
1449 4376 1556 4427 Vct.

1910 405 1957 451 1.
1990 389 2101 453 31.
2396 396 2529 461 609

1450 537 1741 592 didicerit.'
1804 546 2008 598 Seneca
2045 550 2098 598 in
2137 551 2299 601 Praef.
2336 552 2528 605 Natur·

1451 616 1650 668 Qua-st.
1676 620 1765 670 lib.
1789 637 1827 670 1.
1860 624 1877 650 ‘
1903 625 2134 675 Materia
2168 624 2513 696 inobsequens

1452 694 1591 744 arti!
1658 697 1802 748 Alias
1825 702 1922 750 hoc
1948 703 2193 767 elogium,
2221 706 2272 754 in
2299 710 2529 771 antiquis

1449 772 1713 836 lapidibus
1737 784 1790 826 et
1816 781 2053 837 nummis,
2082 779 2307 830 maxime
2333 784 2518 834 tribui-

1451 851 1537 892 tur
1554 847 1797 901 Fortunae
1818 868 1832 913 ;
1858 867 1908 901 v.
1924 869 1973 917 g.
1995 871 2082 918 ap.
2103 856 2257 906 Gmt.
2281 873 2333 921 p.
2355 872 2526 910 mxxv.

1447 925 1496 969 6.
1556 936 1876 976 nourvuaa.
1940 943 2311 983 onsssovssurt.
2368 948 2520 984 ortuo

1452 1010 1689 1051 comeus,
1719 1018 1876 1055 voro.
1895 1021 2027 1058 Pno-
2050 1022 2278 1059 saanss.
2298 1024 2521 1060 svscap·

1450 1087 1539 1123 το.
1610 1080 1677 1128 Et
1723 1096 1862 1133 num.
1899 1089 1949 1134 8.
2001 1098 2327 1137 roa-rvmoe.
2362 1103 2518 1139 oasa·

1453 1163 1681 1205 Qvnmrr.
1718 1172 1959 1212 sacuvm.
1984 1178 2210 1214 ΡιΑνιΑ.
2244 1180 2520 1217 monnau·

1454 1243 1547 1279 NA.
1573 1245 1736 1284 enne.
1763 1250 1902 1286 atvs.
1936 1254 2217 1294 an‘risras.
2246 1248 2347 1293 διο.
2414 1245 2519 1294 Sed

1450 1315 1506 1353 et
1552 1315 1843 1369 generatim
1882 1314 1949 1364 de
1997 1318 2114 1366 Diis
2154 1320 2285 1369 dixit
2321 1321 2518 1370 Plinius

1453 1383 1650 1448 MaJor,
1682 1397 1888 1440 xxx-2.
1924 1400 1937 1421 ‘
1960 1393 2093 1444 Sunt
2127 1397 2365 1460 quaedam
2402 1400 2516 1448 Ma-

1450 1460 1527 1521 gis
1554 1460 1809 1528 perfugia,
1825 1467 1985 1518 veluti
2006 1472 2307 1535 lentiginem
2324 1474 2514 1524 baben·

1451 1536 1592 1584 tibus
1612 1552 1714 1587 non
1733 1542 1952 1606 obsequi
1978 1549 2207 1605 numina,
2227 1560 2312 1597 aut
2340 1552 2519 1600 cerni.‘

1448 1611 1568 1661 Hoc
1593 1614 1709 1665 loco
1735 1617 1886 1668 Nilus
1909 1620 2101 1672 dicitnr
2122 1624 2390 1689 obsequens.
2414 1629 2446 1676 i.
2468 1643 2515 1678 e.

1449 1687 1722 1755 benignus,
1747 1702 1798 1742 et
1823 1693 2004 1748 favens
2030 1707 2171 1750 voto.
2240 1703 2374 1755 Quae
2400 1718 2515 1752 ver.-

1448 1763 1533 1828 ba,
1572 1774 1817 1832 tanquam
1843 1774 1855 1799 ⁸
1884 1777 2172 1837 propositio
2198 1779 2512 1843 complexu.'

1449 1844 1523 1890 uti
1572 1844 1850 1908 loquuntur
1898 1851 2069 1914 logici,
2117 1857 2372 1918 explicari
2420 1856 2509 1907 de·

1448 1919 1610 1975 bent:
1645 1932 1692 1975 ee
1725 1929 1892 1993 Nilus,
1926 1942 2177 1996 quatenus
2213 1946 2268 1988 et
2303 1944 2509 2003 quando

1444 2000 1697 2064 obsequens
1724 2005 1852 2067 suit,
1893 2011 2106 2076 AEgypto
2156 2016 2342 2076 quidem
2384 2032 2510 2081 ηερε

1431 2077 1594 2140 fiuxit
1617 2081 1817 2141 largior,
1837 2085 1917 2144 δῖε.
1956 2090 2212 2140 Schwart-

1513 2154 1698 2203 Glorioe
1721 2162 1921 2224 nostr-ce]
1971 2164 2218 2228 Trajanus
2247 2185 2371 2220 saue
2413 2174 2508 2223 hoc

1444 2231 1495 2279 in
1521 2246 1616 2281 sua
1640 2238 1836 2297 posuit,
1871 2248 1926 2286 et
1960 2256 2192 2294 nummos
2226 2248 2388 2305 cudit,
2422 2253 2505 2312 qui

1443 2317 1655 2357 exstant
1683 2327 1694 2356 :
1733 2326 1854 2361 me.
1880 2329 2030 2366 cans.
2064 2333 2274 2372 uentus.
2308 2340 2509 2377 τιιΑιΛ-

1444 2397 1566 2432 uvs.
1590 2398 1724 2436 AVG.
1753 2398 1901 2449 parte
1927 2393 1977 2440 in
2011 2397 2197 2456 altera,
2233 2415 2274 2447 s.
2299 2414 2348 2449 Ρ.
2370 2414 2425 2456 Q.
2450 2417 2507 2455 a.

1442 2476 1678 2513 omnmo,
1708 2479 1981 2519 narseum.
2013 2486 2187 2523 mnvs.
2254 2479 2408 2529 Picta
2430 2481 2506 2530 ef-

1441 2539 1592 2604 figies
1617 2543 1726 2591 Nili
1761 2547 2070 2612 recubantis,
2092 2566 2207 2603 cnm
2243 2559 2504 2607 crocodilo

1439 2631 1534 2666 suo
1558 2626 1613 2667 et
1636 2618 2030 2683 hippopotamo.
2066 2629 2197 2692 Lips.

1504 2694 1717 2754 Largior
1758 2698 1941 2762 fluxit]
1992 2706 2360 2773 Cuspinianus,
2406 2728 2500 2775 pro

1426 2767 1609 2830 fluxit,
1638 2772 1794 2822 babet
1818 2777 1960 2839 fluit.
2026 2782 2209 2832 Codex
2242 2788 2502 2837 Parisieu·

1439 2847 1509 2894 sis
1532 2849 1766 2910 defluxit,-
1803 2863 2039 2905 neutrum
2065 2862 2387 2912 commodum
2410 2875 2506 2913 est.

1439 2924 1593 2974 Quod
1620 2929 1659 2975 si
1694 2943 1786 2989 pro
1804 2931 1980 2993 finxit,
2013 2937 2091 2983 vel
2112 2936 2257 2999 fluit,
2283 2955 2503 3000 reponas

1427 3000 1551 3059 suit,
1577 3003 1627 3051 id
1664 3006 1867 3068 quidem
1906 3011 2127 3074 facilius,
2162 3023 2217 3062 et
2251 3017 2313 3063 ad
2351 3018 2503 3066 tellu-

1440 3091 1568 3139 rem,
1623 3090 1677 3129 et
1731 3084 1794 3130 ad
1857 3085 2056 3151 Nilum,
2112 3090 2259 3139 simul
2318 3093 2500 3144 referri

1436 3163 1634 3217 queat;
1671 3159 1782 3219 sed,
1822 3169 2067 3225 quantum
2110 3168 2230 3215 mihi
2274 3169 2502 3235 videtur,

1438 3231 1817 3292 quodammodo
1880 3237 2159 3301 languente
2221 3248 2499 3298 sententia.

1439 3305 1620 3356 Malim
1647 3323 1788 3373 ergo,
1815 3316 1894 3361 vel
1927 3325 2047 3365 ante
2082 3322 2385 3372 vocabulum
2412 3326 2499 3374 AE-

1430 3387 1604 3447 gypto,
1628 3399 1911 3447 pronomen
1948 3394 2219 3444 relativum
2244 3401 2343 3462 qui,
2364 3416 2499 3465 prve-

1435 3461 1593 3509 missa
1616 3464 1822 3526 quidem
1860 3469 2280 3532 interpunctione
2301 3478 2391 3524 τοῦ
2411 3479 2500 3528 κῶ-

1434 3543 1544 3590 λου,
1568 3538 1649 3585 vel
1677 3548 1792 3601 post
1818 3545 2125 3604 particulam
2150 3551 2357 3614 quidem,
2382 3568 2499 3617 pro-

1434 3626 1619 3662 nomen
1663 3615 2127 3673 demoustrativnm
2163 3628 2242 3677 hic
2270 3644 2497 3693 ponere:

1434 3687 1533 3748 Ita,
1550 3689 1772 3756 beneficio
1794 3698 1891 3752 tao,
1915 3713 1998 3748 nec
2020 3703 2233 3764 maligna
2250 3709 2403 3764 tellus,
2429 3716 2499 3772 et,

1431 3761 1481 3811 iu
1502 3764 1631 3826 ipsis
1647 3772 1901 3830 angustiis
1917 3775 2040 3836 suis,
2056 3778 2309 3844 obsequens
2324 3784 2469 3833 Nilus
2483 3804 2500 3834 .-

1429 3840 1511 3901 qui
1532 3842 1748 3905 AEgypto
1769 3848 1958 3908 quidem
1980 3867 2121 3918 κτρα,
2143 3859 2241 3917 sed,
2261 3862 2342 3921 &e-
2407 3862 2495 3912 Sic

1429 3917 1569 3965 enim
1595 3921 1806 3970 verbum
1830 3925 1989 3988 fluxit
2022 3934 2191 3993 aptius
2229 3936 2290 3984 ad
2329 3940 2493 3989 solum

1432 3989 1607 4040 Nilum
1636 3994 1941 4051 referretur.
1995 4006 2207 4069 Verum,
2231 4025 2346 4060 cum
2374 4026 2494 4062 nus·

1427 4082 1582 4131 qnam
1606 4075 1824 4135 vestigia
1851 4079 2140 4141 hujusmodi
2178 4091 2491 4148 pronominis

1428 4144 1876 4214 animadvertam3
1909 4157 2006 4205 uisi
2040 4161 2153 4222 quis
2178 4164 2495 4228 suspicetur,

1429 4231 1646 4286 propter
1668 4230 1886 4290 primam
1905 4235 2153 4294 syllabam
2173 4239 2490 4307 subseqnen-

1430 4299 1496 4344 tis
1537 4303 1804 4362 particulae
1857 4310 2042 4369 quidem
2085 4327 2366 4378 pronomen
2407 4321 2490 4383 qni

2242 4401 2356 4451 20
