<?xml version="1.0" encoding="UTF-8"?>
<!DOCTYPE html PUBLIC "-//W3C//DTD XHTML 1.0 Transitional//EN"
    "http://www.w3.org/TR/xhtml1/DTD/xhtml1-transitional.dtd">
<html xmlns="http://www.w3.org/1999/xhtml" xml:lang="en" lang="en">
 <head>
  <title>
</title>
<meta http-equiv="Content-Type" content="text/html;charset=utf-8" />
  <meta name='ocr-system' content='tesseract 3.04.00' />
  <meta name='ocr-capabilities' content='ocr_page ocr_carea ocr_par ocr_line ocrx_word'/>
</head>
<body>
  <div class='ocr_page' id='page_1' title='image "./panegyriciveter02unkngoog_0188.png"; bbox 0 0 3060 4902; ppageno 0'>
   <div class='ocr_carea' id='block_1_1' title="bbox 533 385 660 450">
    <p class='ocr_par' dir='ltr' id='par_1_1' title="bbox 533 385 660 450">
     <span class='ocr_line' id='line_1_1' title="bbox 533 385 660 450; baseline 0 0"><span class='ocrx_word' id='word_1_1' title='bbox 533 385 660 450; x_wconf 75' lang='lat'><strong>6:34</strong></span> 
     </span>
    </p>
   </div>
   <div class='ocr_carea' id='block_1_2' title="bbox 530 541 1598 759">
    <p class='ocr_par' dir='ltr' id='par_1_2' title="bbox 530 541 1598 759">
     <span class='ocr_line' id='line_1_2' title="bbox 530 541 1597 601; baseline -0.004 -7"><span class='ocrx_word' id='word_1_2' title='bbox 530 545 831 599; x_wconf 83' lang='lat' dir='ltr'><strong>doctissimi.</strong></span> <span class='ocrx_word' id='word_1_3' title='bbox 868 543 1129 593; x_wconf 87' lang='lat' dir='ltr'><strong>Gesnerus</strong></span> <span class='ocrx_word' id='word_1_4' title='bbox 1175 550 1229 592; x_wconf 82' lang='lat' dir='ltr'><strong>et</strong></span> <span class='ocrx_word' id='word_1_5' title='bbox 1271 541 1597 601; x_wconf 78' lang='lat' dir='ltr'><strong>Arutzenius‚</strong></span> 
     </span>
     <span class='ocr_line' id='line_1_3' title="bbox 531 617 1596 683; baseline -0.006 -14"><span class='ocrx_word' id='word_1_6' title='bbox 531 634 624 669; x_wconf 87' lang='lat' dir='ltr'><strong>nos</strong></span> <span class='ocrx_word' id='word_1_7' title='bbox 654 634 857 683; x_wconf 89' lang='lat' dir='ltr'><strong>quoque</strong></span> <span class='ocrx_word' id='word_1_8' title='bbox 899 621 1062 667; x_wconf 84' lang='lat' dir='ltr'><strong>locum</strong></span> <span class='ocrx_word' id='word_1_9' title='bbox 1100 618 1356 680; x_wconf 81' lang='lat' dir='ltr'><strong>dedimus,</strong></span> <span class='ocrx_word' id='word_1_10' title='bbox 1391 618 1464 667; x_wconf 82' lang='lat' dir='ltr'><strong>ita</strong></span> <span class='ocrx_word' id='word_1_11' title='bbox 1486 617 1596 680; x_wconf 88' lang='lat' dir='ltr'><strong>qui·</strong></span> 
     </span>
     <span class='ocr_line' id='line_1_4' title="bbox 534 694 1598 759; baseline -0.004 -13"><span class='ocrx_word' id='word_1_12' title='bbox 534 698 670 757; x_wconf 86' lang='lat' dir='ltr'><strong>dem,</strong></span> <span class='ocrx_word' id='word_1_13' title='bbox 708 703 761 745; x_wconf 90' lang='lat' dir='ltr'><strong>ut</strong></span> <span class='ocrx_word' id='word_1_14' title='bbox 810 704 1081 759; x_wconf 86' lang='lat' dir='ltr'><strong>utrumque</strong></span> <span class='ocrx_word' id='word_1_15' title='bbox 1138 709 1438 759; x_wconf 85' lang='lat' dir='ltr'><strong>pronomen,</strong></span> <span class='ocrx_word' id='word_1_16' title='bbox 1479 694 1598 742; x_wconf 80' lang='lat' dir='ltr'><strong>illud</strong></span> 
     </span>
    </p>
   </div>
   <div class='ocr_carea' id='block_1_3' title="bbox 1232 396 2044 447">
    <p class='ocr_par' dir='ltr' id='par_1_3' title="bbox 1232 396 2044 447">
     <span class='ocr_line' id='line_1_5' title="bbox 1232 396 2044 447; baseline -0.004 0"><span class='ocrx_word' id='word_1_17' title='bbox 1232 399 1449 447; x_wconf 73' lang='lat' dir='ltr'><strong>No‘rAE</strong></span> <span class='ocrx_word' id='word_1_18' title='bbox 1497 396 1913 446; x_wconf 62' lang='lat' dir='ltr'><strong>vatttoRtJM</strong></span> <span class='ocrx_word' id='word_1_19' title='bbox 1968 396 2044 444; x_wconf 86' lang='grc' dir='ltr'><strong>ΙΝ</strong></span> 
     </span>
    </p>
   </div>
   <div class='ocr_carea' id='block_1_4' title="bbox 1673 535 2748 759">
    <p class='ocr_par' dir='ltr' id='par_1_4' title="bbox 1673 535 2748 759">
     <span class='ocr_line' id='line_1_6' title="bbox 1675 535 2746 602; baseline -0.003 -13"><span class='ocrx_word' id='word_1_20' title='bbox 1675 554 1740 589; x_wconf 84' lang='lat' dir='ltr'><strong>ex</strong></span> <span class='ocrx_word' id='word_1_21' title='bbox 1761 540 1971 602; x_wconf 77' lang='lat' dir='ltr'><strong>vossio,</strong></span> <span class='ocrx_word' id='word_1_22' title='bbox 2006 543 2061 587; x_wconf 90' lang='lat' dir='ltr'><strong>et</strong></span> <span class='ocrx_word' id='word_1_23' title='bbox 2092 537 2318 601; x_wconf 84' lang='lat' dir='ltr'><strong>Guelpb.</strong></span> <span class='ocrx_word' id='word_1_24' title='bbox 2355 536 2554 592; x_wconf 84' lang='lat' dir='ltr'><strong>codice,</strong></span> <span class='ocrx_word' id='word_1_25' title='bbox 2587 535 2746 586; x_wconf 83' lang='lat' dir='ltr'><strong>etiam</strong></span> 
     </span>
     <span class='ocr_line' id='line_1_7' title="bbox 1674 616 2748 681; baseline -0.004 -14"><span class='ocrx_word' id='word_1_26' title='bbox 1674 618 1935 681; x_wconf 71' lang='lat' dir='ltr'>recepisse</span> <span class='ocrx_word' id='word_1_27' title='bbox 1976 631 2117 671; x_wconf 76' lang='lat' dir='ltr'><strong>nanc,</strong></span> <span class='ocrx_word' id='word_1_28' title='bbox 2151 616 2202 664; x_wconf 91' lang='lat' dir='ltr'><strong>in</strong></span> <span class='ocrx_word' id='word_1_29' title='bbox 2240 617 2350 679; x_wconf 89' lang='lat' dir='ltr'><strong>ipso</strong></span> <span class='ocrx_word' id='word_1_30' title='bbox 2386 621 2557 663; x_wconf 89' lang='lat' dir='ltr'><strong>tamen</strong></span> <span class='ocrx_word' id='word_1_31' title='bbox 2590 629 2748 675; x_wconf 85' lang='lat' dir='ltr'><strong>pane·</strong></span> 
     </span>
     <span class='ocr_line' id='line_1_8' title="bbox 1673 693 2748 759; baseline -0.003 -16"><span class='ocrx_word' id='word_1_32' title='bbox 1673 696 1850 759; x_wconf 77' lang='lat' dir='ltr'><strong>gyrico</strong></span> <span class='ocrx_word' id='word_1_33' title='bbox 1868 702 1980 744; x_wconf 75' lang='lat' dir='ltr'><strong>tuac</strong></span> <span class='ocrx_word' id='word_1_34' title='bbox 2004 696 2241 744; x_wconf 89' lang='lat' dir='ltr'><strong>relictum</strong></span> <span class='ocrx_word' id='word_1_35' title='bbox 2270 693 2505 750; x_wconf 72' lang='lat' dir='ltr'><strong>legimus.</strong></span> <span class='ocrx_word' id='word_1_36' title='bbox 2560 693 2630 741; x_wconf 87' lang='lat' dir='ltr'><strong>Ut</strong></span> <span class='ocrx_word' id='word_1_37' title='bbox 2658 707 2748 741; x_wconf 87' lang='lat' dir='ltr'><strong>au·</strong></span> 
     </span>
    </p>
   </div>
   <div class='ocr_carea' id='block_1_5' title="bbox 532 769 2746 834">
    <p class='ocr_par' dir='ltr' id='par_1_5' title="bbox 532 769 2746 834">
     <span class='ocr_line' id='line_1_9' title="bbox 532 769 2746 834; baseline -0.002 -15"><span class='ocrx_word' id='word_1_38' title='bbox 532 774 684 834; x_wconf 79' lang='lat' dir='ltr'><strong>ipsum</strong></span> <span class='ocrx_word' id='word_1_39' title='bbox 722 770 1003 820; x_wconf 74' lang='lat' dir='ltr'><strong>rest-ramus</strong></span> <span class='ocrx_word' id='word_1_40' title='bbox 1039 772 1102 820; x_wconf 88' lang='lat' dir='ltr'><strong>ad</strong></span> <span class='ocrx_word' id='word_1_41' title='bbox 1134 787 1280 828; x_wconf 80' lang='lat' dir='ltr'><strong>mare,</strong></span> <span class='ocrx_word' id='word_1_42' title='bbox 1305 786 1417 819; x_wconf 87' lang='lat' dir='ltr'><strong>cum</strong></span> <span class='ocrx_word' id='word_1_43' title='bbox 1446 771 1593 831; x_wconf 67' lang='grc' dir='ltr'><strong><em>ἐμφα·</em></strong></span> <span class='ocrx_word' id='word_1_44' title='bbox 1619 791 1653 822; x_wconf 73' lang='grc' dir='ltr'><strong><em>ο</em></strong></span> <span class='ocrx_word' id='word_1_45' title='bbox 1675 780 1777 820; x_wconf 90' lang='lat' dir='ltr'><strong>tem</strong></span> <span class='ocrx_word' id='word_1_46' title='bbox 1809 771 2080 834; x_wconf 63' lang='lat' dir='ltr'><strong>particula</strong></span> <span class='ocrx_word' id='word_1_47' title='bbox 2105 785 2251 829; x_wconf 73' lang='lat' dir='ltr'><strong>uuae,</strong></span> <span class='ocrx_word' id='word_1_48' title='bbox 2277 770 2445 818; x_wconf 89' lang='lat' dir='ltr'><strong>locum</strong></span> <span class='ocrx_word' id='word_1_49' title='bbox 2481 769 2746 830; x_wconf 70' lang='lat' dir='ltr'><strong>daremus,-</strong></span> 
     </span>
    </p>
   </div>
   <div class='ocr_carea' id='block_1_6' title="bbox 527 847 1603 4357">
    <p class='ocr_par' dir='ltr' id='par_1_6' title="bbox 527 847 1599 1739">
     <span class='ocr_line' id='line_1_10' title="bbox 531 847 1596 910; baseline -0.003 -14"><span class='ocrx_word' id='word_1_50' title='bbox 531 851 672 897; x_wconf 78' lang='grc' dir='ltr'><strong>τικῶς</strong></span> <span class='ocrx_word' id='word_1_51' title='bbox 694 847 974 910; x_wconf 79' lang='lat' dir='ltr'><strong>significet,</strong></span> <span class='ocrx_word' id='word_1_52' title='bbox 996 848 1190 907; x_wconf 87' lang='lat' dir='ltr'><strong>statim,</strong></span> <span class='ocrx_word' id='word_1_53' title='bbox 1216 848 1301 895; x_wconf 91' lang='lat' dir='ltr'><strong>ubi</strong></span> <span class='ocrx_word' id='word_1_54' title='bbox 1337 847 1596 895; x_wconf 70' lang='lat' dir='ltr'>delatores</span> 
     </span>
     <span class='ocr_line' id='line_1_11' title="bbox 528 924 1597 988; baseline -0.001 -15"><span class='ocrx_word' id='word_1_55' title='bbox 528 926 613 973; x_wconf 90' lang='lat' dir='ltr'><strong>isti</strong></span> <span class='ocrx_word' id='word_1_56' title='bbox 652 926 866 988; x_wconf 82' lang='lat' dir='ltr'><strong>navigiis</strong></span> <span class='ocrx_word' id='word_1_57' title='bbox 903 925 1145 988; x_wconf 85' lang='lat' dir='ltr'><strong>impositi.</strong></span> <span class='ocrx_word' id='word_1_58' title='bbox 1168 933 1221 972; x_wconf 94' lang='lat' dir='ltr'><strong>et</strong></span> <span class='ocrx_word' id='word_1_59' title='bbox 1247 924 1450 986; x_wconf 81' lang='lat' dir='ltr'><strong>navigia</strong></span> <span class='ocrx_word' id='word_1_60' title='bbox 1477 938 1597 972; x_wconf 83' lang='lat' dir='ltr'><strong>mox</strong></span> 
     </span>
     <span class='ocr_line' id='line_1_12' title="bbox 535 998 1596 1063; baseline -0.003 -14"><span class='ocrx_word' id='word_1_61' title='bbox 535 1009 852 1063; x_wconf 69' lang='lat' dir='ltr'><strong>tempestate</strong></span> <span class='ocrx_word' id='word_1_62' title='bbox 877 1008 931 1050; x_wconf 92' lang='lat' dir='ltr'><strong>et</strong></span> <span class='ocrx_word' id='word_1_63' title='bbox 962 1001 1106 1050; x_wconf 81' lang='lat' dir='ltr'><strong>iratis</strong></span> <span class='ocrx_word' id='word_1_64' title='bbox 1130 998 1369 1048; x_wconf 83' lang='lat' dir='ltr'><strong>fluctibus</strong></span> <span class='ocrx_word' id='word_1_65' title='bbox 1394 1000 1596 1062; x_wconf 84' lang='lat' dir='ltr'><strong>disper·</strong></span> 
     </span>
     <span class='ocr_line' id='line_1_13' title="bbox 533 1076 1596 1139; baseline -0.002 -14"><span class='ocrx_word' id='word_1_66' title='bbox 533 1090 591 1126; x_wconf 88' lang='lat' dir='ltr'><strong>sa</strong></span> <span class='ocrx_word' id='word_1_67' title='bbox 613 1076 827 1139; x_wconf 82' lang='lat' dir='ltr'><strong>fuerint,</strong></span> <span class='ocrx_word' id='word_1_68' title='bbox 851 1078 1078 1126; x_wconf 79' lang='lat' dir='ltr'><strong>divinam</strong></span> <span class='ocrx_word' id='word_1_69' title='bbox 1114 1078 1165 1126; x_wconf 92' lang='lat' dir='ltr'><strong>iu</strong></span> <span class='ocrx_word' id='word_1_70' title='bbox 1196 1077 1318 1124; x_wconf 85' lang='lat' dir='ltr'><strong>istos</strong></span> <span class='ocrx_word' id='word_1_71' title='bbox 1351 1076 1596 1124; x_wconf 90' lang='lat' dir='ltr'><strong>ultionem</strong></span> 
     </span>
     <span class='ocr_line' id='line_1_14' title="bbox 533 1153 1598 1216; baseline -0.001 -15"><span class='ocrx_word' id='word_1_72' title='bbox 533 1153 678 1202; x_wconf 80' lang='lat' dir='ltr'><strong>exeri</strong></span> <span class='ocrx_word' id='word_1_73' title='bbox 713 1156 952 1215; x_wconf 82' lang='lat' dir='ltr'><strong>coepisse,</strong></span> <span class='ocrx_word' id='word_1_74' title='bbox 987 1153 1061 1201; x_wconf 90' lang='lat' dir='ltr'><strong>ita</strong></span> <span class='ocrx_word' id='word_1_75' title='bbox 1098 1162 1152 1200; x_wconf 89' lang='lat' dir='ltr'><strong>ut</strong></span> <span class='ocrx_word' id='word_1_76' title='bbox 1199 1159 1598 1216; x_wconf 70' lang='lat' dir='ltr'><strong>prospectantes</strong></span> 
     </span>
     <span class='ocr_line' id='line_1_15' title="bbox 527 1229 1597 1295; baseline -0.002 -17"><span class='ocrx_word' id='word_1_77' title='bbox 527 1232 638 1295; x_wconf 85' lang='lat' dir='ltr'><strong>jam</strong></span> <span class='ocrx_word' id='word_1_78' title='bbox 683 1230 821 1294; x_wconf 89' lang='lat' dir='ltr'><strong>apud</strong></span> <span class='ocrx_word' id='word_1_79' title='bbox 868 1229 990 1280; x_wconf 89' lang='lat' dir='ltr'><strong>illud</strong></span> <span class='ocrx_word' id='word_1_80' title='bbox 1040 1230 1206 1291; x_wconf 86' lang='lat' dir='ltr'><strong>ipsum</strong></span> <span class='ocrx_word' id='word_1_81' title='bbox 1253 1244 1413 1289; x_wconf 86' lang='lat' dir='ltr'><strong>mare,</strong></span> <span class='ocrx_word' id='word_1_82' title='bbox 1453 1237 1597 1277; x_wconf 82' lang='lat' dir='ltr'><strong>ante·</strong></span> 
     </span>
     <span class='ocr_line' id='line_1_16' title="bbox 534 1305 1596 1370; baseline -0.003 -15"><span class='ocrx_word' id='word_1_83' title='bbox 534 1320 689 1370; x_wconf 86' lang='lat' dir='ltr'><strong>quam</strong></span> <span class='ocrx_word' id='word_1_84' title='bbox 736 1306 857 1355; x_wconf 84' lang='lat' dir='ltr'><strong>iude</strong></span> <span class='ocrx_word' id='word_1_85' title='bbox 903 1306 1226 1366; x_wconf 70' lang='lat' dir='ltr'><strong>recesserint,</strong></span> <span class='ocrx_word' id='word_1_86' title='bbox 1273 1320 1337 1353; x_wconf 87' lang='lat' dir='ltr'><strong>eo</strong></span> <span class='ocrx_word' id='word_1_87' title='bbox 1391 1305 1596 1354; x_wconf 83' lang='lat' dir='ltr'><strong>nomine</strong></span> 
     </span>
     <span class='ocr_line' id='line_1_17' title="bbox 536 1383 1598 1447; baseline -0.001 -15"><span class='ocrx_word' id='word_1_88' title='bbox 536 1384 730 1447; x_wconf 85' lang='lat' dir='ltr'><strong>gratias</strong></span> <span class='ocrx_word' id='word_1_89' title='bbox 754 1383 956 1443; x_wconf 74' lang='lat' dir='ltr'><strong>egerint</strong></span> <span class='ocrx_word' id='word_1_90' title='bbox 984 1383 1222 1446; x_wconf 75' lang='lat' dir='ltr'><strong>principi.</strong></span> <span class='ocrx_word' id='word_1_91' title='bbox 1280 1383 1447 1432; x_wconf 85' lang='lat' dir='ltr'><strong>Nimis</strong></span> <span class='ocrx_word' id='word_1_92' title='bbox 1473 1396 1598 1431; x_wconf 82' lang='lat' dir='ltr'><strong>vero</strong></span> 
     </span>
     <span class='ocr_line' id='line_1_18' title="bbox 536 1458 1598 1524; baseline 0 -16"><span class='ocrx_word' id='word_1_93' title='bbox 536 1468 773 1522; x_wconf 78' lang='lat' dir='ltr'><strong>argutum</strong></span> <span class='ocrx_word' id='word_1_94' title='bbox 805 1458 962 1517; x_wconf 76' lang='lat' dir='ltr'><strong>foret.</strong></span> <span class='ocrx_word' id='word_1_95' title='bbox 988 1462 1061 1510; x_wconf 83' lang='lat' dir='ltr'><strong>ita</strong></span> <span class='ocrx_word' id='word_1_96' title='bbox 1100 1461 1433 1524; x_wconf 86' lang='lat' dir='ltr'><strong>interpretari</strong></span> <span class='ocrx_word' id='word_1_97' title='bbox 1464 1461 1598 1509; x_wconf 82' lang='lat' dir='ltr'><strong>velle</strong></span> 
     </span>
     <span class='ocr_line' id='line_1_19' title="bbox 536 1537 1598 1600; baseline -0.001 -14"><span class='ocrx_word' id='word_1_98' title='bbox 536 1537 782 1593; x_wconf 83' lang='lat' dir='ltr'><strong>Plinium,</strong></span> <span class='ocrx_word' id='word_1_99' title='bbox 804 1552 866 1587; x_wconf 88' lang='lat' dir='ltr'><strong>ac</strong></span> <span class='ocrx_word' id='word_1_100' title='bbox 900 1537 942 1585; x_wconf 85' lang='lat' dir='ltr'><strong>si</strong></span> <span class='ocrx_word' id='word_1_101' title='bbox 981 1537 1191 1598; x_wconf 84' lang='lat' dir='ltr'><strong>dixerit,</strong></span> <span class='ocrx_word' id='word_1_102' title='bbox 1216 1537 1352 1599; x_wconf 89' lang='lat' dir='ltr'><strong>apud</strong></span> <span class='ocrx_word' id='word_1_103' title='bbox 1391 1545 1598 1600; x_wconf 88' lang='lat' dir='ltr'><strong>portum</strong></span> 
     </span>
     <span class='ocr_line' id='line_1_20' title="bbox 535 1613 1599 1677; baseline 0 -17"><span class='ocrx_word' id='word_1_104' title='bbox 535 1626 677 1661; x_wconf 87' lang='lat' dir='ltr'><strong>mare</strong></span> <span class='ocrx_word' id='word_1_105' title='bbox 714 1613 881 1675; x_wconf 89' lang='lat' dir='ltr'><strong>ipsum</strong></span> <span class='ocrx_word' id='word_1_106' title='bbox 920 1613 1113 1676; x_wconf 81' lang='lat' dir='ltr'><strong>gratias</strong></span> <span class='ocrx_word' id='word_1_107' title='bbox 1148 1614 1315 1675; x_wconf 75' lang='lat' dir='ltr'><strong>egisse</strong></span> <span class='ocrx_word' id='word_1_108' title='bbox 1355 1613 1599 1677; x_wconf 83' lang='lat' dir='ltr'><strong>principi.</strong></span> 
     </span>
     <span class='ocr_line' id='line_1_21' title="bbox 539 1688 785 1739; baseline -0.004 -1"><span class='ocrx_word' id='word_1_109' title='bbox 539 1688 785 1739; x_wconf 74' lang='lat' dir='ltr'><strong>Schmun.</strong></span> 
     </span>
    </p>

    <p class='ocr_par' dir='ltr' id='par_1_7' title="bbox 533 1764 1603 2823">
     <span class='ocr_line' id='line_1_22' title="bbox 607 1764 1602 1829; baseline 0.006 -19"><span class='ocrx_word' id='word_1_110' title='bbox 607 1765 868 1814; x_wconf 77' lang='lat' dir='ltr'><strong>Clementia</strong></span> <span class='ocrx_word' id='word_1_111' title='bbox 890 1780 976 1814; x_wconf 81' lang='lat' dir='ltr'><strong>sua</strong></span> <span class='ocrx_word' id='word_1_112' title='bbox 997 1764 1151 1827; x_wconf 80' lang='lat' dir='ltr'><strong>salva]</strong></span> <span class='ocrx_word' id='word_1_113' title='bbox 1185 1764 1395 1814; x_wconf 87' lang='lat' dir='ltr'><strong>Scilicet</strong></span> <span class='ocrx_word' id='word_1_114' title='bbox 1421 1767 1602 1829; x_wconf 82' lang='lat' dir='ltr'><strong>Traja-</strong></span> 
     </span>
     <span class='ocr_line' id='line_1_23' title="bbox 536 1841 1602 1904; baseline 0.001 -15"><span class='ocrx_word' id='word_1_115' title='bbox 536 1855 632 1889; x_wconf 88' lang='lat' dir='ltr'><strong>uus</strong></span> <span class='ocrx_word' id='word_1_116' title='bbox 673 1841 724 1889; x_wconf 91' lang='lat' dir='ltr'><strong>in</strong></span> <span class='ocrx_word' id='word_1_117' title='bbox 772 1842 1043 1904; x_wconf 83' lang='lat' dir='ltr'><strong>puniendis</strong></span> <span class='ocrx_word' id='word_1_118' title='bbox 1084 1842 1400 1890; x_wconf 75' lang='lat' dir='ltr'><strong>delatoribus</strong></span> <span class='ocrx_word' id='word_1_119' title='bbox 1442 1843 1602 1891; x_wconf 81' lang='lat' dir='ltr'><strong>nihilo</strong></span> 
     </span>
     <span class='ocr_line' id='line_1_24' title="bbox 535 1918 1603 1982; baseline 0.002 -16"><span class='ocrx_word' id='word_1_120' title='bbox 535 1918 701 1966; x_wconf 88' lang='lat' dir='ltr'><strong>miuus</strong></span> <span class='ocrx_word' id='word_1_121' title='bbox 724 1932 840 1967; x_wconf 90' lang='lat' dir='ltr'><strong>cum</strong></span> <span class='ocrx_word' id='word_1_122' title='bbox 858 1919 1070 1982; x_wconf 77' lang='lat' dir='ltr'><strong>justitia</strong></span> <span class='ocrx_word' id='word_1_123' title='bbox 1092 1920 1357 1981; x_wconf 86' lang='lat' dir='ltr'><strong>conjunxit</strong></span> <span class='ocrx_word' id='word_1_124' title='bbox 1378 1921 1603 1968; x_wconf 88' lang='lat' dir='ltr'><strong>clemen·</strong></span> 
     </span>
     <span class='ocr_line' id='line_1_25' title="bbox 538 1993 1601 2058; baseline 0.003 -16"><span class='ocrx_word' id='word_1_125' title='bbox 538 1995 683 2054; x_wconf 89' lang='lat' dir='ltr'><strong>tiam,</strong></span> <span class='ocrx_word' id='word_1_126' title='bbox 718 1993 838 2042; x_wconf 89' lang='lat' dir='ltr'><strong>dum</strong></span> <span class='ocrx_word' id='word_1_127' title='bbox 878 2009 965 2042; x_wconf 86' lang='lat' dir='ltr'><strong>eos</strong></span> <span class='ocrx_word' id='word_1_128' title='bbox 1002 2009 1100 2042; x_wconf 90' lang='lat' dir='ltr'><strong>non</strong></span> <span class='ocrx_word' id='word_1_129' title='bbox 1140 1995 1348 2057; x_wconf 84' lang='lat' dir='ltr'><strong>impunc</strong></span> <span class='ocrx_word' id='word_1_130' title='bbox 1391 1994 1601 2058; x_wconf 86' lang='lat' dir='ltr'><strong>quidem</strong></span> 
     </span>
     <span class='ocr_line' id='line_1_26' title="bbox 537 2070 1600 2133; baseline 0.003 -15"><span class='ocrx_word' id='word_1_131' title='bbox 537 2070 751 2133; x_wconf 88' lang='lat' dir='ltr'><strong>dimisit,</strong></span> <span class='ocrx_word' id='word_1_132' title='bbox 777 2085 871 2118; x_wconf 85' lang='lat' dir='ltr'><strong>nec</strong></span> <span class='ocrx_word' id='word_1_133' title='bbox 909 2078 1081 2121; x_wconf 90' lang='lat' dir='ltr'><strong>tamen</strong></span> <span class='ocrx_word' id='word_1_134' title='bbox 1118 2085 1234 2120; x_wconf 86' lang='lat' dir='ltr'><strong>mox</strong></span> <span class='ocrx_word' id='word_1_135' title='bbox 1271 2072 1485 2129; x_wconf 85' lang='lat' dir='ltr'><strong>occidit,</strong></span> <span class='ocrx_word' id='word_1_136' title='bbox 1508 2072 1600 2121; x_wconf 87' lang='lat' dir='ltr'><strong>sed</strong></span> 
     </span>
     <span class='ocr_line' id='line_1_27' title="bbox 533 2146 1599 2211; baseline 0.002 -16"><span class='ocrx_word' id='word_1_137' title='bbox 533 2147 754 2210; x_wconf 79' lang='lat' dir='ltr'><strong>navigiis</strong></span> <span class='ocrx_word' id='word_1_138' title='bbox 779 2147 1047 2210; x_wconf 90' lang='lat' dir='ltr'><strong>impositos</strong></span> <span class='ocrx_word' id='word_1_139' title='bbox 1073 2146 1216 2211; x_wconf 86' lang='lat' dir='ltr'><strong>qussi</strong></span> <span class='ocrx_word' id='word_1_140' title='bbox 1247 2149 1463 2197; x_wconf 86' lang='lat' dir='ltr'><strong>arbitrio</strong></span> <span class='ocrx_word' id='word_1_141' title='bbox 1492 2149 1599 2197; x_wconf 88' lang='lat' dir='ltr'><strong>De·</strong></span> 
     </span>
     <span class='ocr_line' id='line_1_28' title="bbox 534 2224 1600 2286; baseline 0.002 -14"><span class='ocrx_word' id='word_1_142' title='bbox 534 2238 683 2273; x_wconf 89' lang='lat' dir='ltr'><strong>orum</strong></span> <span class='ocrx_word' id='word_1_143' title='bbox 724 2225 878 2273; x_wconf 86' lang='lat' dir='ltr'><strong>maris</strong></span> <span class='ocrx_word' id='word_1_144' title='bbox 923 2225 1177 2286; x_wconf 88' lang='lat' dir='ltr'><strong>permisit.</strong></span> <span class='ocrx_word' id='word_1_145' title='bbox 1243 2224 1420 2274; x_wconf 81' lang='lat' dir='ltr'><strong>Grave</strong></span> <span class='ocrx_word' id='word_1_146' title='bbox 1460 2240 1600 2274; x_wconf 87' lang='lat' dir='ltr'><strong>men·</strong></span> 
     </span>
     <span class='ocr_line' id='line_1_29' title="bbox 536 2300 1601 2353; baseline 0.002 -4"><span class='ocrx_word' id='word_1_147' title='bbox 536 2300 658 2350; x_wconf 88' lang='lat' dir='ltr'><strong>dum</strong></span> <span class='ocrx_word' id='word_1_148' title='bbox 693 2300 899 2351; x_wconf 87' lang='lat' dir='ltr'><strong>admisit</strong></span> <span class='ocrx_word' id='word_1_149' title='bbox 935 2301 1175 2351; x_wconf 85' lang='lat' dir='ltr'><strong>librarius</strong></span> <span class='ocrx_word' id='word_1_150' title='bbox 1209 2303 1261 2352; x_wconf 91' lang='lat' dir='ltr'><strong>in</strong></span> <span class='ocrx_word' id='word_1_151' title='bbox 1286 2302 1472 2353; x_wconf 91' lang='lat' dir='ltr'><strong>codice</strong></span> <span class='ocrx_word' id='word_1_152' title='bbox 1497 2302 1601 2351; x_wconf 88' lang='lat' dir='ltr'><strong>Ve-</strong></span> 
     </span>
     <span class='ocr_line' id='line_1_30' title="bbox 535 2378 1600 2442; baseline 0.001 -16"><span class='ocrx_word' id='word_1_153' title='bbox 535 2385 679 2437; x_wconf 89' lang='lat' dir='ltr'><strong>neto,</strong></span> <span class='ocrx_word' id='word_1_154' title='bbox 716 2378 836 2426; x_wconf 91' lang='lat' dir='ltr'><strong>dum</strong></span> <span class='ocrx_word' id='word_1_155' title='bbox 878 2393 973 2442; x_wconf 91' lang='lat' dir='ltr'><strong>pro</strong></span> <span class='ocrx_word' id='word_1_156' title='bbox 1011 2380 1257 2428; x_wconf 77' lang='lat' dir='ltr'><strong>clementia</strong></span> <span class='ocrx_word' id='word_1_157' title='bbox 1302 2379 1472 2442; x_wconf 85' lang='lat' dir='ltr'><strong>posuit</strong></span> <span class='ocrx_word' id='word_1_158' title='bbox 1510 2379 1600 2427; x_wconf 79' lang='lat' dir='ltr'><strong>ele·</strong></span> 
     </span>
     <span class='ocr_line' id='line_1_31' title="bbox 535 2457 1600 2506; baseline 0 0"><span class='ocrx_word' id='word_1_159' title='bbox 535 2462 711 2506; x_wconf 72' lang='lat' dir='ltr'><strong>menta.</strong></span> <span class='ocrx_word' id='word_1_160' title='bbox 790 2457 1035 2505; x_wconf 89' lang='lat' dir='ltr'><strong>Ceterum</strong></span> <span class='ocrx_word' id='word_1_161' title='bbox 1083 2458 1172 2505; x_wconf 91' lang='lat' dir='ltr'><strong>Dii</strong></span> <span class='ocrx_word' id='word_1_162' title='bbox 1230 2458 1382 2506; x_wconf 72' lang='lat' dir='ltr'><strong>utaris</strong></span> <span class='ocrx_word' id='word_1_163' title='bbox 1440 2457 1600 2506; x_wconf 84' lang='lat' dir='ltr'><strong>habiti</strong></span> 
     </span>
     <span class='ocr_line' id='line_1_32' title="bbox 534 2530 1601 2596; baseline 0 -16"><span class='ocrx_word' id='word_1_164' title='bbox 534 2530 682 2581; x_wconf 83' lang='lat' dir='ltr'><strong>fuere</strong></span> <span class='ocrx_word' id='word_1_165' title='bbox 706 2532 997 2594; x_wconf 86' lang='lat' dir='ltr'><strong>Neptunus,</strong></span> <span class='ocrx_word' id='word_1_166' title='bbox 1021 2533 1246 2596; x_wconf 87' lang='lat' dir='ltr'><strong>Nereus,</strong></span> <span class='ocrx_word' id='word_1_167' title='bbox 1267 2533 1601 2596; x_wconf 80' lang='lat' dir='ltr'><strong>Amphitrite,</strong></span> 
     </span>
     <span class='ocr_line' id='line_1_33' title="bbox 536 2608 1601 2672; baseline 0.002 -17"><span class='ocrx_word' id='word_1_168' title='bbox 536 2608 737 2670; x_wconf 79' lang='lat' dir='ltr'><strong>Thetis,</strong></span> <span class='ocrx_word' id='word_1_169' title='bbox 771 2608 1054 2671; x_wconf 79' lang='lat' dir='ltr'><strong>Palaemon,</strong></span> <span class='ocrx_word' id='word_1_170' title='bbox 1087 2609 1307 2671; x_wconf 80' lang='lat' dir='ltr'><strong>Salacia,</strong></span> <span class='ocrx_word' id='word_1_171' title='bbox 1341 2611 1601 2672; x_wconf 84' lang='lat' dir='ltr'><strong>Tritones,</strong></span> 
     </span>
     <span class='ocr_line' id='line_1_34' title="bbox 534 2683 1599 2750; baseline 0.002 -17"><span class='ocrx_word' id='word_1_172' title='bbox 534 2683 811 2746; x_wconf 81' lang='lat' dir='ltr'><strong>Nereides,</strong></span> <span class='ocrx_word' id='word_1_173' title='bbox 834 2683 1088 2747; x_wconf 82' lang='lat' dir='ltr'><strong>Nai&#39;ades,</strong></span> <span class='ocrx_word' id='word_1_174' title='bbox 1112 2693 1164 2732; x_wconf 89' lang='lat' dir='ltr'><strong>et</strong></span> <span class='ocrx_word' id='word_1_175' title='bbox 1200 2686 1303 2741; x_wconf 88' lang='lat' dir='ltr'><strong>alii,</strong></span> <span class='ocrx_word' id='word_1_176' title='bbox 1326 2700 1452 2750; x_wconf 89' lang='lat' dir='ltr'><strong>quos</strong></span> <span class='ocrx_word' id='word_1_177' title='bbox 1488 2700 1599 2749; x_wconf 87' lang='lat' dir='ltr'><strong>my·</strong></span> 
     </span>
     <span class='ocr_line' id='line_1_35' title="bbox 537 2760 1234 2823; baseline 0 -13"><span class='ocrx_word' id='word_1_178' title='bbox 537 2760 732 2823; x_wconf 87' lang='lat' dir='ltr'><strong>thologi</strong></span> <span class='ocrx_word' id='word_1_179' title='bbox 760 2767 1050 2810; x_wconf 87' lang='lat' dir='ltr'><strong>recensent.</strong></span> <span class='ocrx_word' id='word_1_180' title='bbox 1086 2762 1234 2810; x_wconf 84' lang='lat' dir='ltr'><strong>Idem.</strong></span> 
     </span>
    </p>

    <p class='ocr_par' dir='ltr' id='par_1_8' title="bbox 534 2837 1601 3572">
     <span class='ocr_line' id='line_1_36' title="bbox 605 2837 1601 2901; baseline 0.004 -15"><span class='ocrx_word' id='word_1_181' title='bbox 605 2838 865 2887; x_wconf 78' lang='lat' dir='ltr'><strong>Clementia</strong></span> <span class='ocrx_word' id='word_1_182' title='bbox 902 2854 988 2887; x_wconf 78' lang='lat' dir='ltr'><strong>sun</strong></span> <span class='ocrx_word' id='word_1_183' title='bbox 1021 2839 1174 2901; x_wconf 80' lang='lat' dir='ltr'><strong>salva]</strong></span> <span class='ocrx_word' id='word_1_184' title='bbox 1208 2837 1382 2901; x_wconf 82' lang='lat' dir='ltr'><strong>Infra,</strong></span> <span class='ocrx_word' id='word_1_185' title='bbox 1420 2846 1435 2868; x_wconf 83' lang='lat'>‘</span> <span class='ocrx_word' id='word_1_186' title='bbox 1461 2841 1601 2890; x_wconf 83' lang='lat' dir='ltr'><strong>salva</strong></span> 
     </span>
     <span class='ocr_line' id='line_1_37' title="bbox 537 2914 1601 2979; baseline 0 -15"><span class='ocrx_word' id='word_1_187' title='bbox 537 2916 764 2977; x_wconf 85' lang='lat' dir='ltr'><strong>ipsorum</strong></span> <span class='ocrx_word' id='word_1_188' title='bbox 813 2914 1058 2979; x_wconf 85' lang='lat' dir='ltr'><strong>pietate.&#39;</strong></span> <span class='ocrx_word' id='word_1_189' title='bbox 1137 2916 1377 2973; x_wconf 85' lang='lat' dir='ltr'><strong>Rursum,</strong></span> <span class='ocrx_word' id='word_1_190' title='bbox 1416 2918 1601 2965; x_wconf 69' lang='lat' dir='ltr'><strong>‘salva</strong></span> 
     </span>
     <span class='ocr_line' id='line_1_38' title="bbox 536 2990 1597 3056; baseline 0.001 -17"><span class='ocrx_word' id='word_1_191' title='bbox 536 2991 824 3056; x_wconf 72' lang='lat' dir='ltr'><strong>diligentius</strong></span> <span class='ocrx_word' id='word_1_192' title='bbox 872 2999 961 3040; x_wconf 85' lang='lat' dir='ltr'><strong>tua</strong></span> <span class='ocrx_word' id='word_1_193' title='bbox 1007 2990 1255 3041; x_wconf 85' lang='lat' dir='ltr'><strong>ratione.&#39;</strong></span> <span class='ocrx_word' id='word_1_194' title='bbox 1326 2992 1494 3055; x_wconf 84' lang='lat' dir='ltr'><strong>Epist.</strong></span> <span class='ocrx_word' id='word_1_195' title='bbox 1541 3006 1597 3041; x_wconf 82' lang='lat' dir='ltr'><strong>x.</strong></span> 
     </span>
     <span class='ocr_line' id='line_1_39' title="bbox 536 3068 1600 3130; baseline -0.001 -12"><span class='ocrx_word' id='word_1_196' title='bbox 536 3072 620 3118; x_wconf 72' lang='grc'><strong>40.</strong></span> <span class='ocrx_word' id='word_1_197' title='bbox 643 3071 658 3093; x_wconf 83' lang='lat'><strong>⁴</strong></span> <span class='ocrx_word' id='word_1_198' title='bbox 676 3068 833 3117; x_wconf 74' lang='lat' dir='ltr'><strong>Salva</strong></span> <span class='ocrx_word' id='word_1_199' title='bbox 858 3068 1217 3130; x_wconf 75' lang='lat' dir='ltr'><strong>magnitudine</strong></span> <span class='ocrx_word' id='word_1_200' title='bbox 1243 3077 1352 3126; x_wconf 85' lang='lat' dir='ltr'><strong>tua,</strong></span> <span class='ocrx_word' id='word_1_201' title='bbox 1375 3070 1600 3125; x_wconf 82' lang='lat' dir='ltr'><strong>domine,</strong></span> 
     </span>
     <span class='ocr_line' id='line_1_40' title="bbox 535 3143 1600 3206; baseline 0.001 -14"><span class='ocrx_word' id='word_1_202' title='bbox 535 3143 820 3193; x_wconf 80' lang='lat' dir='ltr'><strong>descendas</strong></span> <span class='ocrx_word' id='word_1_203' title='bbox 859 3153 1068 3205; x_wconf 86' lang='lat' dir='ltr'><strong>oportet</strong></span> <span class='ocrx_word' id='word_1_204' title='bbox 1108 3144 1172 3191; x_wconf 84' lang='lat' dir='ltr'><strong>ad</strong></span> <span class='ocrx_word' id='word_1_205' title='bbox 1216 3158 1356 3191; x_wconf 88' lang='lat' dir='ltr'><strong>meas</strong></span> <span class='ocrx_word' id='word_1_206' title='bbox 1389 3144 1600 3206; x_wconf 82' lang='lat' dir='ltr'><strong>nugas.’</strong></span> 
     </span>
     <span class='ocr_line' id='line_1_41' title="bbox 534 3219 1599 3281; baseline -0.001 -12"><span class='ocrx_word' id='word_1_207' title='bbox 534 3219 723 3269; x_wconf 83' lang='lat' dir='ltr'><strong>Junius</strong></span> <span class='ocrx_word' id='word_1_208' title='bbox 748 3219 922 3267; x_wconf 85' lang='lat' dir='ltr'><strong>Gallio</strong></span> <span class='ocrx_word' id='word_1_209' title='bbox 945 3219 1080 3281; x_wconf 90' lang='lat' dir='ltr'><strong>apud</strong></span> <span class='ocrx_word' id='word_1_210' title='bbox 1099 3219 1349 3267; x_wconf 79' lang='lat' dir='ltr'><strong>Senecam</strong></span> <span class='ocrx_word' id='word_1_211' title='bbox 1376 3229 1599 3281; x_wconf 81' lang='lat' dir='ltr'><strong>patrem,</strong></span> 
     </span>
     <span class='ocr_line' id='line_1_42' title="bbox 536 3294 1600 3359; baseline 0.001 -16"><span class='ocrx_word' id='word_1_212' title='bbox 536 3296 786 3343; x_wconf 79' lang='lat' dir='ltr'><strong>Controv.</strong></span> <span class='ocrx_word' id='word_1_213' title='bbox 815 3308 910 3343; x_wconf 78' lang='lat' dir='ltr'><strong>vit.</strong></span> <span class='ocrx_word' id='word_1_214' title='bbox 932 3300 980 3344; x_wconf 86' lang='grc'><strong>7.</strong></span> <span class='ocrx_word' id='word_1_215' title='bbox 1000 3294 1014 3319; x_wconf 83' lang='lat'><em>⁴</em></span> <span class='ocrx_word' id='word_1_216' title='bbox 1032 3294 1151 3344; x_wconf 85' lang='lat' dir='ltr'><strong>Fuit</strong></span> <span class='ocrx_word' id='word_1_217' title='bbox 1178 3295 1480 3346; x_wconf 80' lang='lat' dir='ltr'><strong>adolescens</strong></span> <span class='ocrx_word' id='word_1_218' title='bbox 1504 3312 1600 3359; x_wconf 91' lang='lat' dir='ltr'><strong>op·</strong></span> 
     </span>
     <span class='ocr_line' id='line_1_43' title="bbox 536 3370 1598 3435; baseline 0.002 -15"><span class='ocrx_word' id='word_1_219' title='bbox 536 3373 708 3426; x_wconf 84' lang='lat' dir='ltr'><strong>timus,</strong></span> <span class='ocrx_word' id='word_1_220' title='bbox 734 3370 1217 3428; x_wconf 88' lang='lat' dir='ltr'><strong>verecundissimus,</strong></span> <span class='ocrx_word' id='word_1_221' title='bbox 1238 3373 1323 3435; x_wconf 88' lang='lat' dir='ltr'><strong>qni</strong></span> <span class='ocrx_word' id='word_1_222' title='bbox 1352 3373 1483 3434; x_wconf 83' lang='lat' dir='ltr'><strong>patri</strong></span> <span class='ocrx_word' id='word_1_223' title='bbox 1504 3387 1598 3422; x_wconf 89' lang='lat' dir='ltr'><strong>suo</strong></span> 
     </span>
     <span class='ocr_line' id='line_1_44' title="bbox 534 3447 1598 3511; baseline 0.001 -17"><span class='ocrx_word' id='word_1_224' title='bbox 534 3448 797 3508; x_wconf 87' lang='lat' dir='ltr'><strong>cessisset,</strong></span> <span class='ocrx_word' id='word_1_225' title='bbox 819 3448 860 3495; x_wconf 90' lang='lat' dir='ltr'><strong>si</strong></span> <span class='ocrx_word' id='word_1_226' title='bbox 895 3449 1038 3496; x_wconf 79' lang='lat' dir='ltr'><strong>salva</strong></span> <span class='ocrx_word' id='word_1_227' title='bbox 1072 3448 1270 3510; x_wconf 87' lang='lat' dir='ltr'><strong>pietate</strong></span> <span class='ocrx_word' id='word_1_228' title='bbox 1308 3447 1598 3511; x_wconf 85' lang='lat' dir='ltr'><strong>potuisset.&#39;</strong></span> 
     </span>
     <span class='ocr_line' id='line_1_45' title="bbox 535 3523 701 3572; baseline -0.03 0"><span class='ocrx_word' id='word_1_229' title='bbox 535 3523 701 3572; x_wconf 77' lang='lat' dir='ltr'><strong>Licin.</strong></span> 
     </span>
    </p>

    <p class='ocr_par' dir='ltr' id='par_1_9' title="bbox 535 3598 1599 3877">
     <span class='ocr_line' id='line_1_46' title="bbox 605 3598 1599 3661; baseline 0.003 -14"><span class='ocrx_word' id='word_1_230' title='bbox 605 3598 859 3660; x_wconf 77' lang='lat' dir='ltr'><strong>Cautibus]</strong></span> <span class='ocrx_word' id='word_1_231' title='bbox 881 3598 1139 3661; x_wconf 85' lang='lat' dir='ltr'><strong>Scopulis,</strong></span> <span class='ocrx_word' id='word_1_232' title='bbox 1154 3599 1262 3647; x_wconf 79' lang='lat' dir='ltr'><strong>sive</strong></span> <span class='ocrx_word' id='word_1_233' title='bbox 1282 3598 1461 3649; x_wconf 84' lang='lat' dir='ltr'><strong>insulis</strong></span> <span class='ocrx_word' id='word_1_234' title='bbox 1483 3615 1599 3650; x_wconf 85' lang='lat' dir='ltr'><strong>sax·</strong></span> 
     </span>
     <span class='ocr_line' id='line_1_47' title="bbox 537 3675 1598 3739; baseline 0.002 -14"><span class='ocrx_word' id='word_1_235' title='bbox 537 3677 659 3731; x_wconf 87' lang='lat' dir='ltr'><strong>osis,</strong></span> <span class='ocrx_word' id='word_1_236' title='bbox 701 3683 760 3724; x_wconf 89' lang='lat' dir='ltr'><strong>ut</strong></span> <span class='ocrx_word' id='word_1_237' title='bbox 802 3675 1028 3738; x_wconf 79' lang='lat' dir='ltr'><strong>Gyarus,</strong></span> <span class='ocrx_word' id='word_1_238' title='bbox 1075 3676 1344 3739; x_wconf 85' lang='lat' dir='ltr'><strong>Seriphus,</strong></span> <span class='ocrx_word' id='word_1_239' title='bbox 1386 3678 1598 3735; x_wconf 87' lang='lat' dir='ltr'><strong>similes.</strong></span> 
     </span>
     <span class='ocr_line' id='line_1_48' title="bbox 535 3752 1599 3818; baseline 0 -16"><span class='ocrx_word' id='word_1_240' title='bbox 535 3753 721 3817; x_wconf 87' lang='lat' dir='ltr'><strong>quibus</strong></span> <span class='ocrx_word' id='word_1_241' title='bbox 751 3753 932 3803; x_wconf 84' lang='lat' dir='ltr'><strong>exules</strong></span> <span class='ocrx_word' id='word_1_242' title='bbox 967 3752 1201 3802; x_wconf 86' lang='lat' dir='ltr'><strong>solebant</strong></span> <span class='ocrx_word' id='word_1_243' title='bbox 1238 3753 1449 3802; x_wconf 89' lang='lat' dir='ltr'><strong>includi.</strong></span> <span class='ocrx_word' id='word_1_244' title='bbox 1480 3754 1599 3818; x_wconf 82' lang='lat' dir='ltr'><strong>Lip-</strong></span> 
     </span>
     <span class='ocr_line' id='line_1_49' title="bbox 538 3843 655 3877; baseline -0.017 0"><span class='ocrx_word' id='word_1_245' title='bbox 538 3843 655 3877; x_wconf 78' lang='lat' dir='ltr'><strong>stus.</strong></span> 
     </span>
    </p>

    <p class='ocr_par' dir='ltr' id='par_1_10' title="bbox 533 3903 1602 4357">
     <span class='ocr_line' id='line_1_50' title="bbox 602 3903 1601 3968; baseline 0.006 -15"><span class='ocrx_word' id='word_1_246' title='bbox 602 3906 750 3954; x_wconf 71' lang='lat' dir='ltr'><strong>Nune</strong></span> <span class='ocrx_word' id='word_1_247' title='bbox 770 3903 1148 3968; x_wconf 73' lang='lat' dir='ltr'><strong>nocentissimus]</strong></span> <span class='ocrx_word' id='word_1_248' title='bbox 1185 3905 1454 3956; x_wconf 73' lang='lat' dir='ltr'><strong>Particula</strong></span> <span class='ocrx_word' id='word_1_249' title='bbox 1476 3922 1601 3959; x_wconf 74' lang='lat' dir='ltr'><strong>attae</strong></span> 
     </span>
     <span class='ocr_line' id='line_1_51' title="bbox 533 3979 1599 4049; baseline 0.005 -19"><span class='ocrx_word' id='word_1_250' title='bbox 533 3988 681 4031; x_wconf 82' lang='lat' dir='ltr'><strong>extat</strong></span> <span class='ocrx_word' id='word_1_251' title='bbox 705 3982 754 4029; x_wconf 91' lang='lat' dir='ltr'><strong>in</strong></span> <span class='ocrx_word' id='word_1_252' title='bbox 778 3979 1043 4029; x_wconf 84' lang='lat' dir='ltr'><strong>codicibus</strong></span> <span class='ocrx_word' id='word_1_253' title='bbox 1073 3982 1359 4044; x_wconf 75' lang='lat' dir='ltr'><strong>Vaticanis,</strong></span> <span class='ocrx_word' id='word_1_254' title='bbox 1376 3983 1599 4049; x_wconf 87' lang='lat' dir='ltr'><strong>Veneto,</strong></span> 
     </span>
     <span class='ocr_line' id='line_1_52' title="bbox 535 4056 1599 4121; baseline 0 -13"><span class='ocrx_word' id='word_1_255' title='bbox 535 4056 1017 4121; x_wconf 78' lang='lat' dir='ltr'><strong>Guelpherbytano‚</strong></span> <span class='ocrx_word' id='word_1_256' title='bbox 1042 4066 1094 4105; x_wconf 92' lang='lat' dir='ltr'><strong>et</strong></span> <span class='ocrx_word' id='word_1_257' title='bbox 1121 4057 1290 4106; x_wconf 78' lang='lat' dir='ltr'><strong>Vossii</strong></span> <span class='ocrx_word' id='word_1_258' title='bbox 1317 4058 1465 4110; x_wconf 88' lang='lat' dir='ltr'><strong>libro.</strong></span> <span class='ocrx_word' id='word_1_259' title='bbox 1534 4062 1599 4112; x_wconf 83' lang='lat' dir='ltr'><strong>In</strong></span> 
     </span>
     <span class='ocr_line' id='line_1_53' title="bbox 534 4133 1599 4202; baseline 0.002 -16"><span class='ocrx_word' id='word_1_260' title='bbox 534 4136 726 4186; x_wconf 88' lang='lat' dir='ltr'><strong>ceteris</strong></span> <span class='ocrx_word' id='word_1_261' title='bbox 758 4133 1014 4193; x_wconf 84' lang='lat' dir='ltr'><strong>omnibus,</strong></span> <span class='ocrx_word' id='word_1_262' title='bbox 1036 4147 1163 4197; x_wconf 83' lang='lat' dir='ltr'><strong>quos</strong></span> <span class='ocrx_word' id='word_1_263' title='bbox 1200 4136 1454 4197; x_wconf 86' lang='lat' dir='ltr'><strong>consului,</strong></span> <span class='ocrx_word' id='word_1_264' title='bbox 1486 4139 1599 4202; x_wconf 80' lang='lat' dir='ltr'><strong>ejus</strong></span> 
     </span>
     <span class='ocr_line' id='line_1_54' title="bbox 534 4209 1602 4273; baseline -0.001 -12"><span class='ocrx_word' id='word_1_265' title='bbox 534 4214 652 4262; x_wconf 87' lang='lat' dir='ltr'><strong>loco</strong></span> <span class='ocrx_word' id='word_1_266' title='bbox 709 4210 942 4273; x_wconf 89' lang='lat' dir='ltr'><strong>proditur</strong></span> <span class='ocrx_word' id='word_1_267' title='bbox 1004 4209 1262 4272; x_wconf 84' lang='lat' dir='ltr'><strong>particula</strong></span> <span class='ocrx_word' id='word_1_268' title='bbox 1318 4215 1446 4262; x_wconf 66' lang='lat' dir='ltr'><strong>istnc.</strong></span> <span class='ocrx_word' id='word_1_269' title='bbox 1530 4217 1602 4266; x_wconf 80' lang='lat' dir='ltr'><strong>Et</strong></span> 
     </span>
     <span class='ocr_line' id='line_1_55' title="bbox 534 4286 1600 4357; baseline 0.008 -21"><span class='ocrx_word' id='word_1_270' title='bbox 534 4288 766 4353; x_wconf 82' lang='lat' dir='ltr'><strong>quamvis</strong></span> <span class='ocrx_word' id='word_1_271' title='bbox 810 4286 1123 4337; x_wconf 81' lang='lat' dir='ltr'><strong>Arntzenius</strong></span> <span class='ocrx_word' id='word_1_272' title='bbox 1172 4286 1500 4357; x_wconf 81' lang='lat' dir='ltr'><strong>profiteatur,</strong></span> <span class='ocrx_word' id='word_1_273' title='bbox 1543 4306 1600 4344; x_wconf 82' lang='lat' dir='ltr'><strong>se</strong></span> 
     </span>
    </p>
   </div>
   <div class='ocr_carea' id='block_1_7' title="bbox 1673 845 2794 4360">
    <p class='ocr_par' dir='ltr' id='par_1_11' title="bbox 1673 845 2794 4360">
     <span class='ocr_line' id='line_1_56' title="bbox 1673 845 2736 911; baseline -0.004 -16"><span class='ocrx_word' id='word_1_274' title='bbox 1673 863 1761 896; x_wconf 91' lang='lat' dir='ltr'><strong>nos</strong></span> <span class='ocrx_word' id='word_1_275' title='bbox 1786 862 1886 897; x_wconf 90' lang='lat' dir='ltr'><strong>non</strong></span> <span class='ocrx_word' id='word_1_276' title='bbox 1924 847 2182 911; x_wconf 82' lang='lat' dir='ltr'><strong>permovit</strong></span> <span class='ocrx_word' id='word_1_277' title='bbox 2216 854 2416 895; x_wconf 84' lang='lat' dir='ltr'><strong>tautum</strong></span> <span class='ocrx_word' id='word_1_278' title='bbox 2452 845 2736 893; x_wconf 82' lang='lat' dir='ltr'><strong>auctoritas</strong></span> 
     </span>
     <span class='ocr_line' id='line_1_57' title="bbox 1673 920 2739 982; baseline -0.005 -9"><span class='ocrx_word' id='word_1_279' title='bbox 1673 923 1911 973; x_wconf 90' lang='lat' dir='ltr'><strong>codicum</strong></span> <span class='ocrx_word' id='word_1_280' title='bbox 1964 929 2507 982; x_wconf 85' lang='lat' dir='ltr'><strong>commemoratorum,</strong></span> <span class='ocrx_word' id='word_1_281' title='bbox 2553 920 2646 969; x_wconf 89' lang='lat' dir='ltr'><strong>sed</strong></span> <span class='ocrx_word' id='word_1_282' title='bbox 2684 928 2739 969; x_wconf 90' lang='lat' dir='ltr'><strong>et</strong></span> 
     </span>
     <span class='ocr_line' id='line_1_58' title="bbox 1673 997 2747 1061; baseline -0.004 -12"><span class='ocrx_word' id='word_1_283' title='bbox 1673 1015 1835 1049; x_wconf 84' lang='lat' dir='ltr'><strong>nexus</strong></span> <span class='ocrx_word' id='word_1_284' title='bbox 1881 1002 2177 1061; x_wconf 83' lang='lat' dir='ltr'><strong>verborum,</strong></span> <span class='ocrx_word' id='word_1_285' title='bbox 2221 1008 2277 1048; x_wconf 90' lang='lat' dir='ltr'><strong>et</strong></span> <span class='ocrx_word' id='word_1_286' title='bbox 2321 1013 2546 1059; x_wconf 85' lang='lat' dir='ltr'><strong>sequens</strong></span> <span class='ocrx_word' id='word_1_287' title='bbox 2596 997 2747 1061; x_wconf 84' lang='lat' dir='ltr'><strong>hujus</strong></span> 
     </span>
     <span class='ocr_line' id='line_1_59' title="bbox 1675 1074 2745 1141; baseline -0.004 -15"><span class='ocrx_word' id='word_1_288' title='bbox 1675 1077 1872 1141; x_wconf 87' lang='lat' dir='ltr'><strong>periodi</strong></span> <span class='ocrx_word' id='word_1_289' title='bbox 1894 1077 2201 1133; x_wconf 86' lang='lat' dir='ltr'><strong>membrum,</strong></span> <span class='ocrx_word' id='word_1_290' title='bbox 2221 1077 2306 1125; x_wconf 90' lang='lat' dir='ltr'><strong>ubi</strong></span> <span class='ocrx_word' id='word_1_291' title='bbox 2331 1075 2531 1124; x_wconf 88' lang='lat' dir='ltr'><strong>Plinius</strong></span> <span class='ocrx_word' id='word_1_292' title='bbox 2558 1074 2745 1124; x_wconf 85' lang='lat' dir='ltr'><strong>itidem</strong></span> 
     </span>
     <span class='ocr_line' id='line_1_60' title="bbox 1674 1153 2745 1217; baseline -0.003 -15"><span class='ocrx_word' id='word_1_293' title='bbox 1674 1154 1960 1217; x_wconf 80' lang='lat' dir='ltr'><strong>particulas</strong></span> <span class='ocrx_word' id='word_1_294' title='bbox 1984 1157 2138 1210; x_wconf 77' lang='lat' dir='ltr'><strong>modo,</strong></span> <span class='ocrx_word' id='word_1_295' title='bbox 2164 1155 2198 1201; x_wconf 91' lang='lat' dir='ltr'><strong>i.</strong></span> <span class='ocrx_word' id='word_1_296' title='bbox 2225 1168 2272 1201; x_wconf 93' lang='lat' dir='ltr'><strong>e.</strong></span> <span class='ocrx_word' id='word_1_297' title='bbox 2297 1153 2617 1215; x_wconf 85' lang='lat' dir='ltr'><strong>aliquantum</strong></span> <span class='ocrx_word' id='word_1_298' title='bbox 2653 1166 2745 1200; x_wconf 87' lang='lat' dir='ltr'><strong>au·</strong></span> 
     </span>
     <span class='ocr_line' id='line_1_61' title="bbox 1676 1229 2743 1290; baseline -0.002 -13"><span class='ocrx_word' id='word_1_299' title='bbox 1676 1236 1746 1290; x_wconf 91' lang='lat' dir='ltr'><strong>te,</strong></span> <span class='ocrx_word' id='word_1_300' title='bbox 1775 1245 1834 1277; x_wconf 93' lang='lat' dir='ltr'><strong>ac</strong></span> <span class='ocrx_word' id='word_1_301' title='bbox 1856 1229 1982 1289; x_wconf 78' lang='lat' dir='ltr'><strong>jam,</strong></span> <span class='ocrx_word' id='word_1_302' title='bbox 2006 1230 2040 1278; x_wconf 91' lang='lat' dir='ltr'><strong>i.</strong></span> <span class='ocrx_word' id='word_1_303' title='bbox 2067 1245 2111 1279; x_wconf 85' lang='lat' dir='ltr'><strong>e.</strong></span> <span class='ocrx_word' id='word_1_304' title='bbox 2143 1244 2297 1286; x_wconf 86' lang='lat' dir='ltr'><strong>nunc,</strong></span> <span class='ocrx_word' id='word_1_305' title='bbox 2335 1230 2446 1278; x_wconf 85' lang='lat' dir='ltr'><strong>sive</strong></span> <span class='ocrx_word' id='word_1_306' title='bbox 2482 1229 2578 1277; x_wconf 80' lang='lat' dir='ltr'><strong>boc</strong></span> <span class='ocrx_word' id='word_1_307' title='bbox 2614 1234 2743 1276; x_wconf 88' lang='lat' dir='ltr'><strong>tem-</strong></span> 
     </span>
     <span class='ocr_line' id='line_1_62' title="bbox 1675 1304 2748 1368; baseline -0.003 -14"><span class='ocrx_word' id='word_1_308' title='bbox 1675 1320 1820 1368; x_wconf 88' lang='lat' dir='ltr'><strong>pore,</strong></span> <span class='ocrx_word' id='word_1_309' title='bbox 1846 1307 1983 1355; x_wconf 91' lang='lat' dir='ltr'><strong>inter</strong></span> <span class='ocrx_word' id='word_1_310' title='bbox 2018 1322 2071 1355; x_wconf 89' lang='lat' dir='ltr'><strong>se</strong></span> <span class='ocrx_word' id='word_1_311' title='bbox 2108 1306 2394 1368; x_wconf 78' lang='lat' dir='ltr'><strong>componit,</strong></span> <span class='ocrx_word' id='word_1_312' title='bbox 2427 1304 2631 1368; x_wconf 83' lang='lat' dir='ltr'><strong>quando</strong></span> <span class='ocrx_word' id='word_1_313' title='bbox 2653 1305 2748 1365; x_wconf 90' lang='lat' dir='ltr'><strong>ait,</strong></span> 
     </span>
     <span class='ocr_line' id='line_1_63' title="bbox 1677 1383 2746 1433; baseline -0.003 0"><span class='ocrx_word' id='word_1_314' title='bbox 1677 1383 1820 1433; x_wconf 82' lang='lat' dir='ltr'><strong>Quas</strong></span> <span class='ocrx_word' id='word_1_315' title='bbox 1858 1384 2049 1432; x_wconf 82' lang='lat' dir='ltr'><strong>insulas</strong></span> <span class='ocrx_word' id='word_1_316' title='bbox 2084 1383 2235 1433; x_wconf 89' lang='lat' dir='ltr'><strong>modo</strong></span> <span class='ocrx_word' id='word_1_317' title='bbox 2263 1392 2557 1432; x_wconf 86' lang='lat' dir='ltr'><strong>senatorum</strong></span> <span class='ocrx_word' id='word_1_318' title='bbox 2594 1383 2746 1432; x_wconf 84' lang='lat' dir='ltr'><strong>turba</strong></span> 
     </span>
     <span class='ocr_line' id='line_1_64' title="bbox 1676 1458 2748 1522; baseline -0.002 -14"><span class='ocrx_word' id='word_1_319' title='bbox 1676 1460 2049 1522; x_wconf 75' lang='lat' dir='ltr'><strong>compleverat,</strong></span> <span class='ocrx_word' id='word_1_320' title='bbox 2097 1460 2202 1521; x_wconf 87' lang='lat' dir='ltr'><strong>jam</strong></span> <span class='ocrx_word' id='word_1_321' title='bbox 2252 1458 2543 1508; x_wconf 79' lang='lat' dir='ltr'><strong>delatorum</strong></span> <span class='ocrx_word' id='word_1_322' title='bbox 2593 1458 2748 1507; x_wconf 81' lang='lat' dir='ltr'><strong>turba</strong></span> 
     </span>
     <span class='ocr_line' id='line_1_65' title="bbox 1675 1535 2745 1597; baseline 0.002 -15"><span class='ocrx_word' id='word_1_323' title='bbox 1675 1537 1979 1597; x_wconf 86' lang='lat' dir='ltr'><strong>compleret.</strong></span> <span class='ocrx_word' id='word_1_324' title='bbox 2046 1535 2244 1584; x_wconf 68' lang='lat' dir='ltr'><strong>Adime</strong></span> <span class='ocrx_word' id='word_1_325' title='bbox 2290 1541 2344 1584; x_wconf 84' lang='lat' dir='ltr'><strong>ct</strong></span> <span class='ocrx_word' id='word_1_326' title='bbox 2380 1536 2466 1584; x_wconf 91' lang='lat' dir='ltr'><strong>alii</strong></span> <span class='ocrx_word' id='word_1_327' title='bbox 2507 1545 2745 1584; x_wconf 79' lang='lat' dir='ltr'><strong>auctores</strong></span> 
     </span>
     <span class='ocr_line' id='line_1_66' title="bbox 1676 1611 2749 1674; baseline 0.001 -15"><span class='ocrx_word' id='word_1_328' title='bbox 1676 1611 1903 1660; x_wconf 82' lang='lat' dir='ltr'><strong>melioris</strong></span> <span class='ocrx_word' id='word_1_329' title='bbox 1931 1612 2227 1661; x_wconf 82' lang='lat' dir='ltr'><strong>Latinitatis</strong></span> <span class='ocrx_word' id='word_1_330' title='bbox 2254 1619 2394 1661; x_wconf 90' lang='lat' dir='ltr'><strong>recte</strong></span> <span class='ocrx_word' id='word_1_331' title='bbox 2428 1618 2749 1674; x_wconf 88' lang='lat' dir='ltr'><strong>componunt</strong></span> 
     </span>
     <span class='ocr_line' id='line_1_67' title="bbox 1678 1687 2749 1749; baseline 0.001 -14"><span class='ocrx_word' id='word_1_332' title='bbox 1678 1687 1957 1749; x_wconf 85' lang='lat' dir='ltr'><strong>particulas</strong></span> <span class='ocrx_word' id='word_1_333' title='bbox 1978 1694 2089 1737; x_wconf 78' lang='lat' dir='ltr'><strong>astte</strong></span> <span class='ocrx_word' id='word_1_334' title='bbox 2111 1696 2165 1737; x_wconf 92' lang='lat' dir='ltr'><strong>et</strong></span> <span class='ocrx_word' id='word_1_335' title='bbox 2187 1703 2328 1737; x_wconf 76' lang='lat' dir='ltr'><strong>nunc.</strong></span> <span class='ocrx_word' id='word_1_336' title='bbox 2377 1687 2491 1737; x_wconf 93' lang='lat' dir='ltr'><strong>Cic.</strong></span> <span class='ocrx_word' id='word_1_337' title='bbox 2516 1688 2579 1736; x_wconf 85' lang='lat' dir='ltr'><strong>ad</strong></span> <span class='ocrx_word' id='word_1_338' title='bbox 2605 1688 2749 1736; x_wconf 82' lang='lat' dir='ltr'><strong>Fam.</strong></span> 
     </span>
     <span class='ocr_line' id='line_1_68' title="bbox 1680 1763 2745 1827; baseline -0.001 -15"><span class='ocrx_word' id='word_1_339' title='bbox 1680 1777 1784 1812; x_wconf 87' lang='lat' dir='ltr'><strong>vtt.</strong></span> <span class='ocrx_word' id='word_1_340' title='bbox 1808 1768 1888 1813; x_wconf 86' lang='lat' dir='ltr'><strong>tl.</strong></span> <span class='ocrx_word' id='word_1_341' title='bbox 1922 1763 1936 1790; x_wconf 94' lang='lat'>‘</span> <span class='ocrx_word' id='word_1_342' title='bbox 1963 1765 2071 1814; x_wconf 75' lang='lat' dir='ltr'><strong>Nisi</strong></span> <span class='ocrx_word' id='word_1_343' title='bbox 2116 1771 2238 1814; x_wconf 86' lang='lat' dir='ltr'><strong>ante</strong></span> <span class='ocrx_word' id='word_1_344' title='bbox 2277 1766 2437 1814; x_wconf 87' lang='lat' dir='ltr'><strong>Roma</strong></span> <span class='ocrx_word' id='word_1_345' title='bbox 2481 1763 2745 1827; x_wconf 81' lang='lat' dir='ltr'><strong>profectus</strong></span> 
     </span>
     <span class='ocr_line' id='line_1_69' title="bbox 1679 1839 2746 1904; baseline 0.002 -17"><span class='ocrx_word' id='word_1_346' title='bbox 1679 1855 1838 1902; x_wconf 83' lang='lat' dir='ltr'><strong>esses,</strong></span> <span class='ocrx_word' id='word_1_347' title='bbox 1875 1855 2012 1890; x_wconf 90' lang='lat' dir='ltr'><strong>nunc</strong></span> <span class='ocrx_word' id='word_1_348' title='bbox 2053 1855 2167 1890; x_wconf 89' lang='lat' dir='ltr'><strong>eam</strong></span> <span class='ocrx_word' id='word_1_349' title='bbox 2207 1848 2354 1890; x_wconf 80' lang='lat' dir='ltr'><strong>certe</strong></span> <span class='ocrx_word' id='word_1_350' title='bbox 2389 1839 2746 1904; x_wconf 84' lang='lat' dir='ltr'><strong>relinqueres.’</strong></span> 
     </span>
     <span class='ocr_line' id='line_1_70' title="bbox 1682 1917 2747 1983; baseline 0.003 -18"><span class='ocrx_word' id='word_1_351' title='bbox 1682 1917 1831 1966; x_wconf 84' lang='lat' dir='ltr'><strong>Idem</strong></span> <span class='ocrx_word' id='word_1_352' title='bbox 1871 1931 2000 1967; x_wconf 82' lang='lat' dir='ltr'><strong>xnt.</strong></span> <span class='ocrx_word' id='word_1_353' title='bbox 2027 1922 2077 1967; x_wconf 78' lang='lat'><strong>2.</strong></span> <span class='ocrx_word' id='word_1_354' title='bbox 2117 1920 2132 1946; x_wconf 78' lang='lat'><em>⁴</em></span> <span class='ocrx_word' id='word_1_355' title='bbox 2155 1919 2478 1983; x_wconf 82' lang='lat' dir='ltr'><strong>Quamquam</strong></span> <span class='ocrx_word' id='word_1_356' title='bbox 2524 1933 2628 1967; x_wconf 87' lang='lat' dir='ltr'><strong>non</strong></span> <span class='ocrx_word' id='word_1_357' title='bbox 2663 1926 2747 1969; x_wconf 84' lang='lat' dir='ltr'><strong>est</strong></span> 
     </span>
     <span class='ocr_line' id='line_1_71' title="bbox 1678 1992 2746 2059; baseline 0.001 -18"><span class='ocrx_word' id='word_1_358' title='bbox 1678 1992 1909 2049; x_wconf 86' lang='lat' dir='ltr'><strong>dubium.</strong></span> <span class='ocrx_word' id='word_1_359' title='bbox 1925 1994 2069 2059; x_wconf 86' lang='lat' dir='ltr'><strong>quin,</strong></span> <span class='ocrx_word' id='word_1_360' title='bbox 2088 2009 2206 2043; x_wconf 76' lang='lat' dir='ltr'><strong>cuin</strong></span> <span class='ocrx_word' id='word_1_361' title='bbox 2230 2002 2385 2044; x_wconf 82' lang='lat' dir='ltr'><strong>antea</strong></span> <span class='ocrx_word' id='word_1_362' title='bbox 2403 2003 2579 2043; x_wconf 81' lang='lat' dir='ltr'><strong>nostra</strong></span> <span class='ocrx_word' id='word_1_363' title='bbox 2599 2008 2746 2044; x_wconf 79' lang='lat' dir='ltr'><strong>caus·</strong></span> 
     </span>
     <span class='ocr_line' id='line_1_72' title="bbox 1678 2070 2743 2135; baseline 0.002 -16"><span class='ocrx_word' id='word_1_364' title='bbox 1678 2085 1755 2131; x_wconf 86' lang='lat' dir='ltr'><strong>sa,</strong></span> <span class='ocrx_word' id='word_1_365' title='bbox 1781 2085 1915 2120; x_wconf 90' lang='lat' dir='ltr'><strong>nunc</strong></span> <span class='ocrx_word' id='word_1_366' title='bbox 1943 2071 2052 2135; x_wconf 87' lang='lat' dir='ltr'><strong>jam</strong></span> <span class='ocrx_word' id='word_1_367' title='bbox 2089 2073 2267 2131; x_wconf 85' lang='lat' dir='ltr'><strong>etiam,</strong></span> <span class='ocrx_word' id='word_1_368' title='bbox 2293 2080 2396 2120; x_wconf 76' lang='lat' dir='ltr'><strong>tuae</strong></span> <span class='ocrx_word' id='word_1_369' title='bbox 2428 2070 2743 2121; x_wconf 63' lang='lat' dir='ltr'><strong>constantie</strong></span> 
     </span>
     <span class='ocr_line' id='line_1_73' title="bbox 1677 2147 2746 2209; baseline 0.002 -14"><span class='ocrx_word' id='word_1_370' title='bbox 1677 2148 1864 2209; x_wconf 70' lang='lat' dir='ltr'><strong>gratia,</strong></span> <span class='ocrx_word' id='word_1_371' title='bbox 1899 2162 2168 2197; x_wconf 86' lang='lat' dir='ltr'><strong>mansurus</strong></span> <span class='ocrx_word' id='word_1_372' title='bbox 2212 2148 2282 2195; x_wconf 91' lang='lat' dir='ltr'><strong>sis</strong></span> <span class='ocrx_word' id='word_1_373' title='bbox 2321 2147 2371 2196; x_wconf 87' lang='lat' dir='ltr'><strong>in</strong></span> <span class='ocrx_word' id='word_1_374' title='bbox 2417 2147 2597 2196; x_wconf 84' lang='lat' dir='ltr'><strong>cadem</strong></span> <span class='ocrx_word' id='word_1_375' title='bbox 2646 2148 2746 2197; x_wconf 86' lang='lat' dir='ltr'><strong>ista</strong></span> 
     </span>
     <span class='ocr_line' id='line_1_74' title="bbox 1674 2221 2746 2274; baseline -0.001 -1"><span class='ocrx_word' id='word_1_376' title='bbox 1674 2223 2044 2274; x_wconf 76' lang='lat' dir='ltr'><strong>liberalitate-⁹</strong></span> <span class='ocrx_word' id='word_1_377' title='bbox 2129 2224 2273 2273; x_wconf 82' lang='lat' dir='ltr'><strong>Nihil</strong></span> <span class='ocrx_word' id='word_1_378' title='bbox 2327 2231 2499 2273; x_wconf 82' lang='lat' dir='ltr'><strong>autem</strong></span> <span class='ocrx_word' id='word_1_379' title='bbox 2545 2221 2746 2273; x_wconf 81' lang='lat' dir='ltr'><strong>facilius</strong></span> 
     </span>
     <span class='ocr_line' id='line_1_75' title="bbox 1676 2301 2744 2365; baseline -0.001 -14"><span class='ocrx_word' id='word_1_380' title='bbox 1676 2301 1789 2351; x_wconf 87' lang='lat' dir='ltr'><strong>fieri</strong></span> <span class='ocrx_word' id='word_1_381' title='bbox 1825 2304 1996 2365; x_wconf 85' lang='lat' dir='ltr'><strong>potuit</strong></span> <span class='ocrx_word' id='word_1_382' title='bbox 2032 2315 2184 2365; x_wconf 83' lang='lat' dir='ltr'><strong>quam</strong></span> <span class='ocrx_word' id='word_1_383' title='bbox 2223 2308 2284 2351; x_wconf 88' lang='lat' dir='ltr'><strong>ut</strong></span> <span class='ocrx_word' id='word_1_384' title='bbox 2320 2301 2592 2364; x_wconf 72' lang='lat' dir='ltr'><strong>particulas</strong></span> <span class='ocrx_word' id='word_1_385' title='bbox 2632 2307 2744 2351; x_wconf 71' lang='lat' dir='ltr'><strong>tuac</strong></span> 
     </span>
     <span class='ocr_line' id='line_1_76' title="bbox 1675 2379 2748 2442; baseline -0.002 -14"><span class='ocrx_word' id='word_1_386' title='bbox 1675 2386 1731 2428; x_wconf 85' lang='lat' dir='ltr'><strong>et</strong></span> <span class='ocrx_word' id='word_1_387' title='bbox 1748 2394 1872 2428; x_wconf 78' lang='lat' dir='ltr'><strong>stunc</strong></span> <span class='ocrx_word' id='word_1_388' title='bbox 1889 2380 2027 2428; x_wconf 89' lang='lat' dir='ltr'><strong>inter</strong></span> <span class='ocrx_word' id='word_1_389' title='bbox 2052 2393 2108 2427; x_wconf 90' lang='lat' dir='ltr'><strong>se</strong></span> <span class='ocrx_word' id='word_1_390' title='bbox 2133 2386 2575 2442; x_wconf 72' lang='lat' dir='ltr'><strong>permitterentur.</strong></span> <span class='ocrx_word' id='word_1_391' title='bbox 2619 2379 2748 2428; x_wconf 89' lang='lat' dir='ltr'><strong>Cer·</strong></span> 
     </span>
     <span class='ocr_line' id='line_1_77' title="bbox 1678 2456 2745 2521; baseline 0 -15"><span class='ocrx_word' id='word_1_392' title='bbox 1678 2465 1729 2506; x_wconf 86' lang='lat' dir='ltr'><strong>te</strong></span> <span class='ocrx_word' id='word_1_393' title='bbox 1761 2459 1875 2521; x_wconf 78' lang='lat' dir='ltr'><strong>Jam</strong></span> <span class='ocrx_word' id='word_1_394' title='bbox 1912 2457 2126 2521; x_wconf 91' lang='lat' dir='ltr'><strong>Sciopp.</strong></span> <span class='ocrx_word' id='word_1_395' title='bbox 2159 2456 2225 2504; x_wconf 89' lang='lat' dir='ltr'><strong>de</strong></span> <span class='ocrx_word' id='word_1_396' title='bbox 2258 2456 2381 2505; x_wconf 85' lang='lat' dir='ltr'><strong>Art.</strong></span> <span class='ocrx_word' id='word_1_397' title='bbox 2417 2456 2548 2505; x_wconf 89' lang='lat' dir='ltr'><strong>Crit.</strong></span> <span class='ocrx_word' id='word_1_398' title='bbox 2584 2463 2745 2506; x_wconf 81' lang='lat' dir='ltr'><strong>testa·</strong></span> 
     </span>
     <span class='ocr_line' id='line_1_78' title="bbox 1678 2532 2744 2596; baseline -0.002 -12"><span class='ocrx_word' id='word_1_399' title='bbox 1678 2543 1782 2594; x_wconf 91' lang='lat' dir='ltr'><strong>tur,</strong></span> <span class='ocrx_word' id='word_1_400' title='bbox 1826 2548 1924 2583; x_wconf 90' lang='lat' dir='ltr'><strong>non</strong></span> <span class='ocrx_word' id='word_1_401' title='bbox 1965 2548 2081 2582; x_wconf 87' lang='lat' dir='ltr'><strong>raro</strong></span> <span class='ocrx_word' id='word_1_402' title='bbox 2122 2536 2173 2581; x_wconf 87' lang='lat' dir='ltr'><strong>in</strong></span> <span class='ocrx_word' id='word_1_403' title='bbox 2211 2534 2436 2596; x_wconf 89' lang='lat' dir='ltr'><strong>antiquis</strong></span> <span class='ocrx_word' id='word_1_404' title='bbox 2478 2532 2744 2582; x_wconf 86' lang='lat' dir='ltr'><strong>codicibus</strong></span> 
     </span>
     <span class='ocr_line' id='line_1_79' title="bbox 1677 2608 2745 2675; baseline -0.002 -15"><span class='ocrx_word' id='word_1_405' title='bbox 1677 2612 1805 2661; x_wconf 84' lang='lat' dir='ltr'><strong>istas</strong></span> <span class='ocrx_word' id='word_1_406' title='bbox 1851 2610 2138 2675; x_wconf 85' lang='lat' dir='ltr'><strong>particulas</strong></span> <span class='ocrx_word' id='word_1_407' title='bbox 2181 2609 2463 2674; x_wconf 78' lang='lat' dir='ltr'><strong>permixtas</strong></span> <span class='ocrx_word' id='word_1_408' title='bbox 2511 2608 2745 2672; x_wconf 84' lang='lat' dir='ltr'><strong>reperiri.</strong></span> 
     </span>
     <span class='ocr_line' id='line_1_80' title="bbox 1676 2683 2794 2737; baseline -0.006 0"><span class='ocrx_word' id='word_1_409' title='bbox 1676 2688 1916 2737; x_wconf 65' lang='lat' dir='ltr'><strong>Solimo-2.</strong></span> <span class='ocrx_word' id='word_1_410' title='bbox 2773 2683 2794 2698; x_wconf 79' lang='lat'><em>⁶</em></span> 
     </span>
     <span class='ocr_line' id='line_1_81' title="bbox 1742 2760 2747 2830; baseline -0.002 -17"><span class='ocrx_word' id='word_1_411' title='bbox 1742 2762 2063 2830; x_wconf 75' lang='lat' dir='ltr'><strong>Affigeretur]</strong></span> <span class='ocrx_word' id='word_1_412' title='bbox 2094 2760 2325 2811; x_wconf 86' lang='lat' dir='ltr'><strong>Verbum</strong></span> <span class='ocrx_word' id='word_1_413' title='bbox 2349 2761 2445 2810; x_wconf 86' lang='lat' dir='ltr'><strong>boc</strong></span> <span class='ocrx_word' id='word_1_414' title='bbox 2478 2761 2528 2810; x_wconf 89' lang='lat' dir='ltr'><strong>in</strong></span> <span class='ocrx_word' id='word_1_415' title='bbox 2554 2761 2747 2811; x_wconf 85' lang='lat' dir='ltr'><strong>codici·</strong></span> 
     </span>
     <span class='ocr_line' id='line_1_82' title="bbox 1677 2838 2747 2900; baseline -0.002 -10"><span class='ocrx_word' id='word_1_416' title='bbox 1677 2842 1771 2890; x_wconf 89' lang='lat' dir='ltr'><strong>bus</strong></span> <span class='ocrx_word' id='word_1_417' title='bbox 1793 2842 1924 2890; x_wconf 66' lang='grc' dir='ltr'><strong>Μαι.</strong></span> <span class='ocrx_word' id='word_1_418' title='bbox 1959 2839 2258 2897; x_wconf 63' lang='lat' dir='ltr'><strong>Parmensi,</strong></span> <span class='ocrx_word' id='word_1_419' title='bbox 2281 2838 2503 2894; x_wconf 85' lang='lat' dir='ltr'><strong>Veneto,</strong></span> <span class='ocrx_word' id='word_1_420' title='bbox 2530 2846 2587 2888; x_wconf 81' lang='lat' dir='ltr'><strong>et</strong></span> <span class='ocrx_word' id='word_1_421' title='bbox 2611 2853 2747 2900; x_wconf 82' lang='lat' dir='ltr'><strong>meo,</strong></span> 
     </span>
     <span class='ocr_line' id='line_1_83' title="bbox 1677 2915 2748 2981; baseline -0.004 -14"><span class='ocrx_word' id='word_1_422' title='bbox 1677 2924 1733 2967; x_wconf 85' lang='lat' dir='ltr'><strong>et</strong></span> <span class='ocrx_word' id='word_1_423' title='bbox 1772 2918 1823 2966; x_wconf 92' lang='lat' dir='ltr'><strong>in</strong></span> <span class='ocrx_word' id='word_1_424' title='bbox 1866 2917 2122 2972; x_wconf 87' lang='lat' dir='ltr'><strong>omnibus.</strong></span> <span class='ocrx_word' id='word_1_425' title='bbox 2160 2931 2275 2981; x_wconf 75' lang='lat' dir='ltr'><strong>quae</strong></span> <span class='ocrx_word' id='word_1_426' title='bbox 2318 2915 2446 2978; x_wconf 78' lang='lat' dir='ltr'><strong>vidi,</strong></span> <span class='ocrx_word' id='word_1_427' title='bbox 2481 2915 2748 2979; x_wconf 88' lang='lat' dir='ltr'><strong>impressis</strong></span> 
     </span>
     <span class='ocr_line' id='line_1_84' title="bbox 1677 2992 2748 3058; baseline -0.002 -15"><span class='ocrx_word' id='word_1_428' title='bbox 1677 2994 2063 3058; x_wconf 84' lang='lat' dir='ltr'><strong>exemplaribus</strong></span> <span class='ocrx_word' id='word_1_429' title='bbox 2100 2992 2451 3056; x_wconf 83' lang='lat' dir='ltr'><strong>exprimitur:</strong></span> <span class='ocrx_word' id='word_1_430' title='bbox 2501 2993 2553 3041; x_wconf 86' lang='lat' dir='ltr'><strong>in</strong></span> <span class='ocrx_word' id='word_1_431' title='bbox 2597 2993 2748 3041; x_wconf 84' lang='lat' dir='ltr'><strong>Vati-</strong></span> 
     </span>
     <span class='ocr_line' id='line_1_85' title="bbox 1677 3067 2746 3133; baseline -0.003 -13"><span class='ocrx_word' id='word_1_432' title='bbox 1677 3072 1820 3120; x_wconf 88' lang='lat' dir='ltr'><strong>canis</strong></span> <span class='ocrx_word' id='word_1_433' title='bbox 1881 3084 2021 3133; x_wconf 83' lang='lat' dir='ltr'><strong>vero,</strong></span> <span class='ocrx_word' id='word_1_434' title='bbox 2068 3078 2124 3119; x_wconf 90' lang='lat' dir='ltr'><strong>et</strong></span> <span class='ocrx_word' id='word_1_435' title='bbox 2182 3071 2233 3117; x_wconf 91' lang='lat' dir='ltr'><strong>in</strong></span> <span class='ocrx_word' id='word_1_436' title='bbox 2280 3067 2746 3132; x_wconf 73' lang='lat' dir='ltr'><strong>Guetpherbytsns</strong></span> 
     </span>
     <span class='ocr_line' id='line_1_86' title="bbox 1677 3145 2748 3211; baseline 0 -17"><span class='ocrx_word' id='word_1_437' title='bbox 1677 3146 1828 3196; x_wconf 90' lang='lat' dir='ltr'><strong>codd.</strong></span> <span class='ocrx_word' id='word_1_438' title='bbox 1852 3146 1982 3195; x_wconf 79' lang='lat' dir='ltr'><strong>Mss.</strong></span> <span class='ocrx_word' id='word_1_439' title='bbox 2005 3159 2098 3209; x_wconf 90' lang='lat' dir='ltr'><strong>pro</strong></span> <span class='ocrx_word' id='word_1_440' title='bbox 2125 3160 2189 3193; x_wconf 94' lang='lat' dir='ltr'><strong>eo</strong></span> <span class='ocrx_word' id='word_1_441' title='bbox 2222 3146 2412 3209; x_wconf 83' lang='lat' dir='ltr'><strong>legitur</strong></span> <span class='ocrx_word' id='word_1_442' title='bbox 2435 3145 2748 3211; x_wconf 72' lang='lat' dir='ltr'><strong>afflig-eretur.</strong></span> 
     </span>
     <span class='ocr_line' id='line_1_87' title="bbox 1675 3221 2749 3273; baseline -0.002 0"><span class='ocrx_word' id='word_1_443' title='bbox 1675 3223 1762 3273; x_wconf 89' lang='lat' dir='ltr'><strong>Sic</strong></span> <span class='ocrx_word' id='word_1_444' title='bbox 1808 3237 1927 3271; x_wconf 83' lang='lat' dir='ltr'><strong>vero</strong></span> <span class='ocrx_word' id='word_1_445' title='bbox 1963 3221 2239 3271; x_wconf 80' lang='lat' dir='ltr'><strong>videndum</strong></span> <span class='ocrx_word' id='word_1_446' title='bbox 2280 3223 2482 3270; x_wconf 89' lang='lat' dir='ltr'><strong>censuit</strong></span> <span class='ocrx_word' id='word_1_447' title='bbox 2522 3221 2749 3271; x_wconf 86' lang='lat' dir='ltr'><strong>Ritters·</strong></span> 
     </span>
     <span class='ocr_line' id='line_1_88' title="bbox 1675 3297 2749 3361; baseline -0.001 -15"><span class='ocrx_word' id='word_1_448' title='bbox 1675 3297 2149 3359; x_wconf 83' lang='lat' dir='ltr'><strong>ltusius‚rectiusne</strong></span> <span class='ocrx_word' id='word_1_449' title='bbox 2173 3298 2257 3352; x_wconf 89' lang='lat' dir='ltr'><strong>sit.</strong></span> <span class='ocrx_word' id='word_1_450' title='bbox 2275 3303 2328 3345; x_wconf 90' lang='lat' dir='ltr'><strong>et</strong></span> <span class='ocrx_word' id='word_1_451' title='bbox 2350 3312 2378 3346; x_wconf 90' lang='lat' dir='ltr'><strong>a</strong></span> <span class='ocrx_word' id='word_1_452' title='bbox 2396 3297 2566 3346; x_wconf 84' lang='lat' dir='ltr'><strong>Plinio</strong></span> <span class='ocrx_word' id='word_1_453' title='bbox 2590 3297 2749 3361; x_wconf 86' lang='lat' dir='ltr'><strong>scrip-</strong></span> 
     </span>
     <span class='ocr_line' id='line_1_89' title="bbox 1677 3372 2748 3440; baseline 0 -17"><span class='ocrx_word' id='word_1_454' title='bbox 1677 3384 1783 3423; x_wconf 88' lang='lat' dir='ltr'><strong>tum</strong></span> <span class='ocrx_word' id='word_1_455' title='bbox 1825 3374 2137 3440; x_wconf 74' lang='lat' dir='ltr'><strong>affligeretur.</strong></span> <span class='ocrx_word' id='word_1_456' title='bbox 2196 3374 2370 3436; x_wconf 78' lang='lat' dir='ltr'><strong>Atque</strong></span> <span class='ocrx_word' id='word_1_457' title='bbox 2410 3372 2546 3422; x_wconf 84' lang='lat' dir='ltr'><strong>idem</strong></span> <span class='ocrx_word' id='word_1_458' title='bbox 2588 3375 2748 3423; x_wconf 72' lang='lat' dir='ltr'><strong>etiam</strong></span> 
     </span>
     <span class='ocr_line' id='line_1_90' title="bbox 1678 3449 2746 3514; baseline -0.001 -14"><span class='ocrx_word' id='word_1_459' title='bbox 1678 3450 1907 3500; x_wconf 87' lang='lat' dir='ltr'><strong>Grutero</strong></span> <span class='ocrx_word' id='word_1_460' title='bbox 1937 3449 2213 3514; x_wconf 84' lang='lat' dir='ltr'><strong>aliquando</strong></span> <span class='ocrx_word' id='word_1_461' title='bbox 2251 3451 2303 3498; x_wconf 90' lang='lat' dir='ltr'><strong>in</strong></span> <span class='ocrx_word' id='word_1_462' title='bbox 2339 3457 2562 3498; x_wconf 86' lang='lat' dir='ltr'><strong>mentem</strong></span> <span class='ocrx_word' id='word_1_463' title='bbox 2590 3464 2746 3501; x_wconf 80' lang='lat' dir='ltr'><strong>vene·</strong></span> 
     </span>
     <span class='ocr_line' id='line_1_91' title="bbox 1676 3527 2747 3591; baseline -0.001 -14"><span class='ocrx_word' id='word_1_464' title='bbox 1676 3536 1799 3589; x_wconf 85' lang='lat' dir='ltr'><strong>rat;</strong></span> <span class='ocrx_word' id='word_1_465' title='bbox 1850 3528 1933 3591; x_wconf 85' lang='lat' dir='ltr'><strong>qui</strong></span> <span class='ocrx_word' id='word_1_466' title='bbox 1974 3535 2146 3576; x_wconf 88' lang='lat' dir='ltr'><strong>tamen</strong></span> <span class='ocrx_word' id='word_1_467' title='bbox 2195 3539 2313 3576; x_wconf 84' lang='lat' dir='ltr'><strong>mox</strong></span> <span class='ocrx_word' id='word_1_468' title='bbox 2359 3527 2470 3590; x_wconf 90' lang='lat' dir='ltr'><strong>ipse</strong></span> <span class='ocrx_word' id='word_1_469' title='bbox 2511 3530 2747 3589; x_wconf 80' lang='lat' dir='ltr'><strong>agnovit,</strong></span> 
     </span>
     <span class='ocr_line' id='line_1_92' title="bbox 1677 3602 2751 3668; baseline -0.001 -18"><span class='ocrx_word' id='word_1_470' title='bbox 1677 3605 1890 3653; x_wconf 79' lang='lat' dir='ltr'><strong>verbum</strong></span> <span class='ocrx_word' id='word_1_471' title='bbox 1915 3602 2102 3667; x_wconf 85' lang='lat' dir='ltr'><strong>ubique</strong></span> <span class='ocrx_word' id='word_1_472' title='bbox 2128 3603 2236 3666; x_wconf 87' lang='lat' dir='ltr'><strong>jam</strong></span> <span class='ocrx_word' id='word_1_473' title='bbox 2272 3610 2562 3665; x_wconf 83' lang='lat' dir='ltr'><strong>receptum,</strong></span> <span class='ocrx_word' id='word_1_474' title='bbox 2585 3605 2751 3668; x_wconf 67' lang='lat' dir='ltr'><strong>affige·</strong></span> 
     </span>
     <span class='ocr_line' id='line_1_93' title="bbox 1674 3679 2747 3739; baseline 0 -10"><span class='ocrx_word' id='word_1_475' title='bbox 1674 3687 1827 3739; x_wconf 75' lang='lat' dir='ltr'><strong>retur,</strong></span> <span class='ocrx_word' id='word_1_476' title='bbox 1849 3696 1953 3730; x_wconf 91' lang='lat' dir='ltr'><strong>non</strong></span> <span class='ocrx_word' id='word_1_477' title='bbox 1990 3682 2102 3729; x_wconf 90' lang='lat' dir='ltr'><strong>loco</strong></span> <span class='ocrx_word' id='word_1_478' title='bbox 2137 3694 2251 3730; x_wconf 87' lang='lat' dir='ltr'><strong>esse</strong></span> <span class='ocrx_word' id='word_1_479' title='bbox 2286 3679 2615 3729; x_wconf 76' lang='lat' dir='ltr'><strong>movendum.</strong></span> <span class='ocrx_word' id='word_1_480' title='bbox 2686 3680 2747 3729; x_wconf 83' lang='lat' dir='ltr'><strong>ld</strong></span> 
     </span>
     <span class='ocr_line' id='line_1_94' title="bbox 1675 3756 2754 3824; baseline 0.001 -18"><span class='ocrx_word' id='word_1_481' title='bbox 1675 3759 1811 3824; x_wconf 85' lang='lat' dir='ltr'><strong>quod</strong></span> <span class='ocrx_word' id='word_1_482' title='bbox 1859 3759 2014 3808; x_wconf 85' lang='lat' dir='ltr'><strong>etiam</strong></span> <span class='ocrx_word' id='word_1_483' title='bbox 2062 3765 2206 3806; x_wconf 87' lang='lat' dir='ltr'><strong>recte</strong></span> <span class='ocrx_word' id='word_1_484' title='bbox 2251 3764 2432 3806; x_wconf 86' lang='lat' dir='ltr'><strong>tuetur</strong></span> <span class='ocrx_word' id='word_1_485' title='bbox 2472 3756 2562 3808; x_wconf 81' lang='lat' dir='ltr'><strong>Jo.</strong></span> <span class='ocrx_word' id='word_1_486' title='bbox 2607 3757 2754 3807; x_wconf 79' lang='lat' dir='ltr'><strong>Frid.</strong></span> 
     </span>
     <span class='ocr_line' id='line_1_95' title="bbox 1676 3833 2751 3897; baseline 0 -13"><span class='ocrx_word' id='word_1_487' title='bbox 1676 3836 1907 3885; x_wconf 84' lang='lat' dir='ltr'><strong>Gronov.</strong></span> <span class='ocrx_word' id='word_1_488' title='bbox 1949 3835 2082 3884; x_wconf 80' lang='lat' dir='ltr'><strong>Nov.</strong></span> <span class='ocrx_word' id='word_1_489' title='bbox 2117 3833 2273 3883; x_wconf 89' lang='lat' dir='ltr'><strong>Obss.</strong></span> <span class='ocrx_word' id='word_1_490' title='bbox 2310 3838 2499 3897; x_wconf 89' lang='lat' dir='ltr'><strong>p.111.</strong></span> <span class='ocrx_word' id='word_1_491' title='bbox 2532 3833 2623 3883; x_wconf 89' lang='lat' dir='ltr'><strong>nbi</strong></span> <span class='ocrx_word' id='word_1_492' title='bbox 2660 3834 2751 3885; x_wconf 87' lang='lat' dir='ltr'><strong>do-</strong></span> 
     </span>
     <span class='ocr_line' id='line_1_96' title="bbox 1676 3908 2753 3974; baseline -0.002 -13"><span class='ocrx_word' id='word_1_493' title='bbox 1676 3919 1780 3968; x_wconf 87' lang='lat' dir='ltr'><strong>cet,</strong></span> <span class='ocrx_word' id='word_1_494' title='bbox 1806 3913 1905 3961; x_wconf 85' lang='lat' dir='ltr'><strong>tria</strong></span> <span class='ocrx_word' id='word_1_495' title='bbox 1926 3911 2041 3961; x_wconf 77' lang='lat' dir='ltr'><strong>baec</strong></span> <span class='ocrx_word' id='word_1_496' title='bbox 2065 3910 2271 3972; x_wconf 76' lang='lat' dir='ltr'><strong>verb-‚⁴</strong></span> <span class='ocrx_word' id='word_1_497' title='bbox 2288 3908 2503 3974; x_wconf 74' lang='lat' dir='ltr'><strong>adfligi,’</strong></span> <span class='ocrx_word' id='word_1_498' title='bbox 2521 3911 2538 3940; x_wconf 87' lang='lat'>‘</span> <span class='ocrx_word' id='word_1_499' title='bbox 2556 3910 2753 3974; x_wconf 48' lang='lat' dir='ltr'><strong>adfigi(</strong></span> 
     </span>
     <span class='ocr_line' id='line_1_97' title="bbox 1676 3986 2749 4044; baseline 0.001 -7"><span class='ocrx_word' id='word_1_500' title='bbox 1676 3990 1692 4017; x_wconf 80' lang='lat'><strong>⁴</strong></span> <span class='ocrx_word' id='word_1_501' title='bbox 1718 3986 1910 4044; x_wconf 82' lang='lat' dir='ltr'><strong>adfici,&#39;</strong></span> <span class='ocrx_word' id='word_1_502' title='bbox 1947 3986 2168 4037; x_wconf 77' lang='lat' dir='ltr'><strong>confusa</strong></span> <span class='ocrx_word' id='word_1_503' title='bbox 2203 3987 2254 4037; x_wconf 89' lang='lat' dir='ltr'><strong>in</strong></span> <span class='ocrx_word' id='word_1_504' title='bbox 2297 3988 2563 4038; x_wconf 80' lang='lat' dir='ltr'><strong>veteribus</strong></span> <span class='ocrx_word' id='word_1_505' title='bbox 2602 3988 2749 4039; x_wconf 88' lang='lat' dir='ltr'><strong>libris</strong></span> 
     </span>
     <span class='ocr_line' id='line_1_98' title="bbox 1677 4064 2746 4129; baseline 0.001 -15"><span class='ocrx_word' id='word_1_506' title='bbox 1677 4065 1941 4129; x_wconf 82' lang='lat' dir='ltr'><strong>ambiguas</strong></span> <span class='ocrx_word' id='word_1_507' title='bbox 1964 4078 2066 4114; x_wconf 89' lang='lat' dir='ltr'><strong>non</strong></span> <span class='ocrx_word' id='word_1_508' title='bbox 2096 4077 2359 4129; x_wconf 82' lang='lat' dir='ltr'><strong>nunquam</strong></span> <span class='ocrx_word' id='word_1_509' title='bbox 2394 4064 2617 4115; x_wconf 76' lang='lat' dir='ltr'><strong>reddero</strong></span> <span class='ocrx_word' id='word_1_510' title='bbox 2642 4067 2746 4115; x_wconf 84' lang='lat' dir='ltr'><strong>lec·</strong></span> 
     </span>
     <span class='ocr_line' id='line_1_99' title="bbox 1678 4141 2750 4204; baseline -0.001 -13"><span class='ocrx_word' id='word_1_511' title='bbox 1678 4143 1878 4191; x_wconf 83' lang='lat' dir='ltr'><strong>tiones:</strong></span> <span class='ocrx_word' id='word_1_512' title='bbox 1926 4154 2043 4189; x_wconf 90' lang='lat' dir='ltr'><strong>cum</strong></span> <span class='ocrx_word' id='word_1_513' title='bbox 2086 4141 2308 4204; x_wconf 85' lang='lat' dir='ltr'><strong>primum</strong></span> <span class='ocrx_word' id='word_1_514' title='bbox 2349 4143 2545 4192; x_wconf 64' lang='lat' dir='ltr'><strong>‘terre</strong></span> <span class='ocrx_word' id='word_1_515' title='bbox 2583 4141 2750 4203; x_wconf 82' lang='lat' dir='ltr'><strong>illidl,&#39;</strong></span> 
     </span>
     <span class='ocr_line' id='line_1_100' title="bbox 1677 4216 2747 4281; baseline 0 -16"><span class='ocrx_word' id='word_1_516' title='bbox 1677 4220 1893 4266; x_wconf 85' lang='lat' dir='ltr'><strong>alterum</strong></span> <span class='ocrx_word' id='word_1_517' title='bbox 1915 4222 1930 4244; x_wconf 82' lang='lat'>‘</span> <span class='ocrx_word' id='word_1_518' title='bbox 1947 4216 2209 4266; x_wconf 67' lang='lat' dir='ltr'><strong>coherere</strong></span> <span class='ocrx_word' id='word_1_519' title='bbox 2244 4224 2499 4279; x_wconf 74' lang='lat' dir='ltr'><strong>arctoque</strong></span> <span class='ocrx_word' id='word_1_520' title='bbox 2527 4217 2747 4281; x_wconf 83' lang='lat' dir='ltr'><strong>conjun—</strong></span> 
     </span>
     <span class='ocr_line' id='line_1_101' title="bbox 1677 4291 2751 4360; baseline 0.004 -20"><span class='ocrx_word' id='word_1_521' title='bbox 1677 4292 1769 4360; x_wconf 77' lang='lat' dir='ltr'><strong>gi,’</strong></span> <span class='ocrx_word' id='word_1_522' title='bbox 1805 4293 2017 4345; x_wconf 84' lang='lat' dir='ltr'><strong>tertium</strong></span> <span class='ocrx_word' id='word_1_523' title='bbox 2052 4291 2069 4322; x_wconf 78' lang='lat'><strong>⁴</strong></span> <span class='ocrx_word' id='word_1_524' title='bbox 2089 4293 2444 4351; x_wconf 53' lang='lat' dir='ltr'><strong>commoveri)</strong></span> <span class='ocrx_word' id='word_1_525' title='bbox 2473 4300 2488 4324; x_wconf 77' lang='lat'><strong><em>⁴</em></strong></span> <span class='ocrx_word' id='word_1_526' title='bbox 2511 4293 2751 4358; x_wconf 84' lang='lat' dir='ltr'><strong>turbari,’</strong></span> 
     </span>
    </p>
   </div>
  </div>
 </body>
</html>
