3060 4902
582 323 713 391 914

581 483 764 534 codice
780 482 1023 546 scriptum
1044 488 1122 531 est
1135 483 1196 532 si.
1239 483 1493 549 Equidem
1512 484 1640 535 nibil

578 560 841 609 insolitum
874 569 973 620 est,
1001 560 1044 608 si
1079 561 1351 624 aliquando
1387 562 1507 625 poni
1545 577 1640 625 pro

578 637 704 696 etss',·
742 637 833 685 sed
859 638 979 686 nihil
1002 652 1130 699 opus
1154 645 1237 687 est
1264 647 1321 688 ut
1342 639 1426 689 bic
1445 639 1638 703 aliquid

577 721 845 774 mutetur3
901 728 1072 775 neque
1119 715 1374 776 particula
1415 717 1507 765 etsi
1546 731 1639 779 per

580 799 778 838 comma
810 797 890 838 est
913 792 1222 852 separanda,
1257 802 1409 854 prout
1435 794 1484 841 in
1505 792 1637 841 Arn-

578 867 823 916 tzeniana
850 867 1074 916 editione
1098 880 1387 932 separatur,
1411 878 1464 918 et
1498 869 1636 920 forte

580 944 725 992 aliis:
761 957 928 1006 neque
951 947 1084 992 enim
1106 948 1287 1006 copula
1303 954 1347 996 et
1370 948 1450 996 bic
1468 948 1634 996 lucum

576 1019 755 1070 babet.
823 1021 1052 1070 Verbum
1077 1029 1090 1051 ⁸
1114 1023 1453 1087 detorquere'
1478 1025 1636 1088 signi·

577 1098 721 1154 ficat,
758 1098 976 1162 aliquem
1019 1101 1163 1162 quasi
1210 1100 1448 1155 invitum,
1489 1109 1544 1150 et
1586 1101 1634 1149 vi

579 1176 818 1241 quadam,
845 1176 1109 1225 blandiore
1134 1185 1320 1237 tamen,
1338 1176 1638 1241 deflectere,

576 1262 655 1311 ιιι,
675 1262 871 1302 mutata
896 1254 1179 1315 voluntate,
1197 1262 1249 1303 et
1272 1256 1504 1312 consilio,
1524 1270 1554 1304 a
1578 1270 1634 1305 re

576 1332 750 1396 aliqua
784 1339 1008 1380 mentem
1043 1336 1261 1379 avertat.
1328 1331 1526 1379 Plinius
1559 1333 1636 1381 iu-

575 1408 674 1464 srs,
714 1421 936 1458 Lxxxu.
973 1412 1020 1456 6.
1065 1409 1081 1435 ‘
1105 1408 1340 1457 validior
1379 1417 1488 1457 toto
1522 1423 1630 1459 cor·

575 1501 702 1549 pore
739 1488 949 1539 animus,
983 1500 1133 1549 quem
1169 1499 1269 1533 non
1303 1484 1524 1535 fortunae
1563 1488 1634 1535 in·

575 1563 839 1627 dulgentia
877 1563 1094 1623 molliat,
1113 1577 1211 1610 nun
1246 1564 1410 1625 copiae
1445 1566 1634 1625 princi·

574 1641 720 1702 pales
753 1639 816 1687 ad
849 1638 1118 1699 segnitiem
1155 1638 1427 1702 luxumque
1458 1639 1633 1688 detor-

575 1714 808 1779 queant!
876 1714 988 1762 Cic.
1012 1713 1078 1761 de
1116 1711 1270 1762 Offic.
1297 1729 1358 1764 n.
1382 1720 1461 1764 10.
1493 1719 1508 1743 ⁴
1532 1718 1633 1765 Vo-

573 1794 820 1857 luptates,
858 1790 1203 1840 blandissimae
1246 1791 1485 1850 dominae,
1527 1809 1634 1842 ma·

562 1869 709 1932 jores
746 1876 920 1931 partes
964 1868 1118 1917 enimi
1157 1883 1187 1916 a
1223 1870 1411 1917 virtute
1460 1871 1632 1919 detor·

574 1943 771 2008 quent!
804 1946 953 1993 Idem.

627 2022 897 2071 Hebetubut
918 2022 1098 2086 tumen]
1130 2021 1353 2084 Proprie
1377 2021 1534 2085 gladii
1556 2023 1630 2071 di-

573 2107 763 2149 cuntur
792 2098 1093 2152 ‘hebetari.’
1132 2099 1340 2163 qnando
1384 2100 1632 2163 quodam·

573 2175 726 2225 modo
765 2175 1131 2235 retunduntur,
1167 2182 1224 2224 nt
1259 2189 1325 2223 ne
1360 2177 1629 2239 pristinam

570 2253 733 2301 aciem
751 2251 1026 2301 retineant.
1056 2252 1255 2300 Plinius
1273 2266 1447 2316 supra,
1469 2265 1633 2302 xvtu.

574 2333 622 2376 8.
647 2332 662 2356 ⁴
682 2328 894 2380 Gladius
911 2330 1067 2378 etiam
1089 2329 1284 2378 incuria
1305 2329 1538 2378 hebetari
1555 2344 1630 2378 re-

571 2409 822 2475 tundique
855 2408 1186 2473 gaudebam:
1250 2407 1457 2459 Deinde
1487 2426 1630 2469 μετα-

569 2490 771 2551 φορικῶς
810 2489 963 2535 etiam
1004 2486 1065 2533 ad
1110 2486 1302 2533 animos
1342 2490 1396 2533 et
1428 2486 1632 2548 ingenia

567 2566 830 2613 hominum
875 2561 1198 2617 transfertur,
1238 2575 1453 2625 quorum
1490 2565 1630 2612 acies

569 2648 625 2690 et
665 2640 739 2688 vis
783 2638 1163 2704 quodammodo
1206 2639 1364 2686 minui
1410 2640 1629 2691 videtur.

567 2716 709 2766 Plin.
732 2716 907 2778 Epist.
927 2728 1012 2764 ιιι.
1036 2720 1111 2763 16.
1148 2721 1162 2742 ‘
1179 2714 1413 2771 Confido,
1429 2732 1508 2763 me
1529 2732 1627 2767 nou

568 2794 642 2843 sic
673 2792 882 2843 auribus
915 2790 1054 2846 duci,
1078 2799 1133 2839 ut
1156 2804 1329 2840 omues
1353 2793 1516 2840 aculei
1543 2794 1626 2856 ju-

568 2869 694 2920 dicii
716 2869 814 2917 mei
838 2868 1041 2917 illarum
1067 2867 1410 2917 delinimentis
1443 2868 1627 2918 refrin-

569 2955 787 3010 gantur:
821 2945 1132 2995 hebetentur
1152 2941 1392 3001 fortasse,
1409 2954 1463 2994 et
1484 2948 1627 3008 paul·

568 3026 731 3074 lulum
750 3025 1121 3083 retundantnr;
1146 3021 1298 3071 evelli
1316 3023 1519 3084 quidem
1541 3039 1629 3071 ex·

569 3102 905 3167 torquerique
939 3116 1039 3152 non
1070 3097 1321 3163 possunt.’
1386 3100 1533 3148 Idem
1562 3103 1625 3149 E·

566 3181 689 3242 pist.
712 3193 836 3228 vm.
858 3182 934 3228 14.
968 3180 983 3206 ‘
1010 3179 1209 3229 Quibus
1243 3178 1386 3226 mulis
1420 3179 1628 3240 ingenia

567 3263 744 3303 nostra
773 3256 822 3302 in
851 3261 1113 3317 posterum
1138 3269 1341 3319 quoque
1365 3254 1626 3317 hebetata,

565 3330 756 3388 fracta,
778 3340 989 3379 contusa
1012 3329 1164 3380 sunt!
1222 3331 1283 3379 In
1308 3346 1422 3380 meo
1446 3331 1626 3381 codice

566 3407 896 3457 desideratur
921 3409 1127 3458 verbum
1150 3409 1409 3458 hebetabat.
1477 3409 1538 3458 1n
1568 3410 1627 3458 li·

566 3482 661 3531 bro
701 3484 958 3533 vossiano
1000 3487 1251 3549 scriptum
1290 3496 1372 3536 est
1406 3487 1626 3537 habebut-

567 3572 692 3620 ραι,-
734 3559 786 3606 in
832 3560 1065 3608 Sieltardi
1110 3560 1337 3610 editione
1381 3577 1625 3612 excusum

566 3642 666 3697 est,
681 3634 962 3693 habetabut5
996 3636 1199 3685 omuino
1222 3637 1479 3686 mendose.
1534 3641 1627 3689 Se-

566 3726 730 3776 quens
767 3725 950 3759 numen
984 3714 1217 3775 reputatio
1254 3723 1353 3777 est,
1387 3716 1626 3767 conside·

565 3790 719 3840 ratio.
749 3796 764 3818 ‘
783 3790 1045 3851 Reputare
1064 3789 1192 3838 rem’
1216 3788 1453 3853 dicimur,
1472 3810 1624 3855 quam

566 3868 833 3917 nobiscum
849 3865 1018 3916 animo
1037 3866 1344 3915 revolvimus
1360 3877 1413 3917 et
1433 3885 1625 3933 expen.

565 3945 750 3994 dimus.
814 3944 947 3993 Usus
971 3953 1051 3993 est
1077 3944 1172 3994 boc
1196 3945 1400 3993 nomine
1423 3947 1624 3997 Plinius

565 4020 736 4085 Major
759 4034 813 4070 x.
837 4024 918 4069 38.
951 4022 967 4048 ‘
997 4021 1189 4070 Harum
1221 4021 1388 4071 avium
1422 4025 1623 4075 volatus

565 4095 619 4144 in
666 4098 1044 4161 reputationem
1086 4107 1375 4148 ceterarum
1417 4115 1621 4165 qnoque

565 4173 826 4222 volucrum
852 4189 942 4224 nos
966 4175 1219 4238 impellit!
1284 4177 1457 4226 Tacit.
1480 4178 1622 4228 Hist.

566 4254 724 4298 ιι.38.
756 4253 890 4302 ‘Sed
914 4267 994 4303 me
1020 4261 1249 4305 veterum
1271 4268 1622 4322 novorumque

1269 339 1490 388 NOTAE
1541 339 1947 390 vsntonust
1997 341 2080 390 IN

1716 484 1978 548 reputatio
2001 483 2201 549 longius
2223 483 2384 534 tulit!
2416 485 2567 535 Ide-t.

1787 560 1931 610 Vides
1949 559 2098 624 eninr]
2132 562 2384 611 cellarius
2423 562 2491 611 sd
2528 564 2657 613 bunc
2695 565 2766 613 lo-

1714 651 1862 686 cum:
1918 645 1934 668 ‘
1960 639 2043 687 Sic
2081 640 2253 701 plnres
2290 639 2555 688 librorum.
2616 642 2766 691 Cata·

1714 727 1875 775 naeus,
1908 715 2038 770 Quia
2075 716 2234 766 esti-t?
2300 715 2505 766 Bsudio
2551 718 2770 773 videtur,

1724 789 1844 839 Vide
1857 791 1998 841 euius.
2030 792 2250 855 Quoquo
2267 792 2422 841 modo
2444 792 2606 854 legas,
2626 794 2768 843 etbu-

1715 867 1871 929 poeia‚
1905 882 1997 917 seu
2039 881 2232 917 morum
2273 872 2565 931 expressio,
2606 872 2769 920 innui·

1718 949 1818 1004 tur,
1854 943 2006 1009 qnasi
2050 943 2245 995 dictum
2287 945 2376 1006 sit,
2427 945 2770 997 ‘videlicet-'⁹

1716 1019 1846 1070 Haec
1885 1020 2157 1071 Cellarius.
2226 1020 2299 1071 At
2337 1022 2615 1072 Catanoeus
2658 1026 2768 1088 ipse

1713 1096 1765 1145 in
1791 1097 2045 1159 prioribus
2084 1098 2399 1148 editionibus
2428 1114 2512 1148 an.
2537 1103 2680 1150 150⁵.
2717 1110 2767 1149 et

1714 1179 1858 1225 1510.
1891 1175 2079 1239 edidit,
2120 1176 2306 1228 Video!
2335 1178 2379 1226 ss'
2406 1179 2521 1241 quid
2554 1178 2670 1227 besse
2689 1179 2771 1237 se·

1710 1267 1832 1301 cerm
1920 1254 2118 1303 Contra
2173 1253 2450 1303 Frobenius
2495 1269 2580 1303 au.
2625 1260 2767 1304 15⁵2.

1713 1328 1907 1377 Paulus
1926 1328 2240 1393 Stephanus,
2262 1336 2317 1378 et
2335 1328 2527 1380 Petrus
2543 1330 2767 1393 Cbouet,

1712 1406 1801 1467 qui
1817 1404 2065 1453 recudere
2081 1405 2307 1455 Catanaei
2329 1410 2773 1471 commentarium,

1711 1483 1914 1529 deinum
1938 1482 2240 1544 evulgarunt
2276 1482 2406 1538 Quid
2438 1481 2601 1533 nin?
2644 1484 2770 1533 Ges·

1711 1571 1882 1614 uerus,
1906 1572 1937 1607 a
1954 1558 2194 1615 Cellario,
2216 1566 2269 1608 ut
2287 1560 2489 1622 opinor,
2512 1560 2772 1624 inductus,

1713 1636 1932 1696 putavit,
1993 1649 2087 1699 pro
2148 1635 2292 1686 Vides
2343 1639 2487 1700 enin,
2542 1639 2613 1687 ab
2658 1639 2769 1701 ipso

1711 1710 1849 1762 sorte
1890 1721 2103 1763 auctore
2146 1715 2368 1777 positum
2414 1714 2578 1764 fuisse
2632 1717 2771 1766 Vide·

1709 1790 1838 1852 licet,
1893 1805 2006 1839 cum
2070 1804 2171 1840 non
2225 1794 2387 1854 possit
2440 1806 2769 1858 concoquere

1718 1864 1860 1914 Vides
1879 1867 2001 1914 enim
2016 1866 2042 1918 Ι
2075 1866 2251 1916 Nibilo
2268 1867 2436 1916 minus
2458 1876 2637 1918 tamen
2657 1871 2769 1920 διο

1710 1942 1867 1991 lectio
1891 1944 1957 1992 ab
1979 1944 2229 2000 omnibus,
2267 1958 2366 1993 non
2391 1944 2556 1994 solum
2577 1948 2769 1996 ceteris

1707 2017 1993 2081 impressis,
2026 2020 2116 2068 sed
2154 2022 2308 2070 etiam
2345 2021 2770 2072 Mace-um·-

1707 2105 1909 2156 matnr;
1939 2097 2035 2149 nisi
2057 2097 2192 2161 quod
2216 2099 2269 2146 in
2290 2099 2470 2147 codice
2495 2100 2771 2165 Patsvino,

1707 2179 1761 2219 et
1783 2172 1913 2221 libro
1938 2173 2211 2234 vossiano,
2246 2173 2325 2223 bae
2362 2188 2514 2224 voces
2551 2177 2628 2226 ita
2664 2179 2766 2226 sint

1707 2250 2058 2313 transpositae,
2101 2250 2280 2309 Πάου
2309 2251 2353 2300 εἰ
2371 2253 2486 2316 quid
2507 2255 2635 2302 enin
2655 2254 2768 2304 bene

1691 2325 1874 2383 secero.
1951 2327 2063 2389 Ego
2118 2327 2243 2376 nibil
2297 2332 2624 2393 mutandum,
2679 2340 2765 2380 aut

1705 2411 1847 2454 certe
1881 2403 2007 2453 nihil
2048 2404 2320 2468 interesse,
2360 2405 2621 2467 existimo,
2660 2408 2767 2458 sive

1704 2481 1828 2537 vide.
1867 2483 1977 2532 sive
2018 2482 2165 2539 uides,
2208 2483 2367 2545 legas.
2436 2484 2571 2533 Hoec
2608 2484 2767 2534 verba

1705 2558 1838 2605 enim
1863 2557 2062 2606 Plinius
2099 2558 2358 2621 expressit
2392 2573 2487 2622 per
2520 2561 2763 2621 διαληπ-

1700 2630 1810 2694 pbr,
1853 2648 1969 2683 cum
2020 2643 2197 2684 certus
2251 2649 2419 2685 sermo
2461 2639 2764 2688 attribuitur

1703 2724 1934 2774 personae
1961 2725 2117 2768 verae.
2153 2726 2214 2762 sc
2245 2727 2363 2776 qun
2398 2713 2470 2763 sit
2492 2718 2760 2778 presentis

1704 2788 1949 2846 instituti,
1988 2788 2060 2836 ita
2097 2797 2153 2837 ut
2192 2804 2413 2853 persona
2454 2791 2544 2841 illa
2578 2795 2658 2842 vel
2693 2795 2762 2843 lo·

1702 2875 1891 2928 quatur
1913 2880 2106 2925 secum,
2144 2868 2223 2916 vel
2257 2882 2374 2917 cnm
2409 2869 2592 2919 altera.
2633 2871 2761 2922 con·

1703 2940 1781 2989 ser
1806 2943 1954 2992 Voss.
1980 2943 2155 2993 instit.
2181 2945 2334 2995 Orat.
2357 2959 2410 2996 v.
2431 2949 2480 2994 7.
2511 2948 2601 2997 Sic
2621 2948 2756 3012 apud

1701 3020 1918 3068 Terent.
1961 3022 2193 3070 Eunucb.
2236 3035 2275 3070 1.
2318 3027 2365 3072 1.
2413 3027 2461 3072 1.
2515 3024 2761 3075 Pbaedris

1702 3110 1874 3143 secum
1892 3096 2149 3160 loquitur:
2178 3105 2193 3126 ‘
2210 3098 2348 3148 Quid
2366 3100 2525 3162 igitur
2542 3100 2759 3152 faciam?

1704 3172 1822 3220 Non
1848 3188 1983 3235 earn,
2018 3189 2083 3222 ne
2109 3189 2243 3225 nuuc
2267 3176 2495 3240 quidem,
2514 3194 2647 3229 -cum
2680 3190 2757 3228 ar*-

1703 3264 1874 3298 cessor
1899 3252 2066 3310 ultro‚'
2085 3256 2183 3303 ὅτε.
2209 3254 2296 3303 ubi
2324 3255 2597 3307 Donatus:
2636 3260 2759 3309 ‘Est

1702 3330 2026 3391 διαλογισμὸς,
2049 3332 2218 3393 σχῆμα
2236 3330 2454 3382 διανοίας.
2496 3332 2758 3399 Apparet,

1704 3414 1759 3453 et
1800 3408 1963 3455 multa
2003 3409 2218 3457 tacitum
2261 3409 2519 3470 cogit-sse
2560 3409 2759 3460 adoles·

1702 3493 1929 3538 centem,
1977 3493 2031 3533 et
2074 3485 2280 3534 tandem
2327 3485 2380 3534 in
2434 3486 2553 3537 διο
2601 3488 2760 3538 verba

1701 3560 2036 3626 prorupisse.'
2080 3561 2191 3613 Jul.
2231 3560 2537 3613 Rufinianus
2574 3562 2642 3614 de
2680 3566 2760 3614 Fi·

1703 3640 1843 3701 gnris
1881 3638 2288 3699 Sententiarum,
2324 3653 2441 3703 pag.
2472 3642 2557 3688 8⁷.
2594 3640 2612 3667 ‘
2636 3641 2759 3690 Dia·

1702 3715 1983 3778 logismns,'
2018 3716 2205 3781 inquit,
2236 3718 2251 3744 ‘
2276 3714 2335 3765 fit
2369 3717 2468 3777 itu,
2504 3731 2623 3765 cum
2648 3717 2761 3782 quis

1700 3808 1872 3842 secum
1894 3792 2145 3857 disputat,
2167 3799 2219 3842 et
2237 3794 2456 3850 volutat,
2477 3793 2603 3858 quid
2621 3801 2761 3858 agat.

1703 3870 1783 3919 vel
1827 3870 1949 3934 quid
1986 3869 2241 3933 agendum
2285 3868 2479 3934 putet.’
2562 3870 2760 3932 Hujus-

1699 3946 1853 3997 modo
1887 3948 2083 4012 aliquot
2114 3948 2354 4010 exemplu
2384 3944 2539 3996 affert
2563 3946 2779 4005 Rafiah,

1701 4038 1859 4072 anus:
1898 4024 2114 4087 primum
2138 4038 2202 4072 ex
2223 4023 2456 4072 Terentii
2494 4022 2767 4084 Eunucho,

1699 4100 1733 4149 l.
1753 4116 1799 4150 e.
1823 4102 2040 4150 alterum
2072 4114 2137 4149 ex
2173 4100 2359 4164 Virgil-
2388 4101 2503 4150 AEn.
2541 4114 2621 4149 iv.
2643 4104 2767 4151 6³4.

1699 4194 1844 4244 seqq.
1872 4179 1958 4226 nbi
2000 4177 2156 4238 Dido,
2193 4186 2467 4241 postquam
2492 4178 2657 4227 mults
2678 4192 2764 4226 se·

1698 4271 1813 4307 curn
1837 4256 2134 4320 cogitasset,
2155 4255 2231 4305 sic
2255 4254 2581 4319 prorumpit:
2617 4262 2633 4285 ‘
2658 4256 2765 4313 En,
