3060 4902
719 369 785 416 o.
829 365 1070 417 vuum
1121 363 1452 416 saeuum
1502 360 1784 413 Panaca
1859 363 1912 409 1.
1952 348 2061 412 77.

299 512 542 564 salarium
596 509 682 561 die
730 509 1043 560 destinatum
1088 521 1360 574 perperam

300 606 480 658 praeco
521 604 624 640 non
677 589 939 638 consulem
982 587 1045 636 sd
1090 587 1358 650 populum,

299 669 390 719 sed
411 671 795 731 imperatorem,
816 661 1234 727 pronuntiasset!
1270 662 1356 724 Ip-

301 761 361 795 se
383 744 582 795 Plinius
606 750 798 798 noster,
822 742 991 805 Epist.
1010 753 1089 789 tv.
1107 743 1185 788 17.
1209 745 1361 788 vocat

301 822 367 872 C.
390 821 652 872 Caecilium
675 821 690 847 ‘
709 820 967 868 consulem
990 817 1310 879 designatum
1327 814 1360 876 ;'

301 913 424 948 mox
460 897 526 947 de
561 896 741 947 eodem
778 896 922 952 dicit,
956 898 971 924 ‘
997 895 1080 945 hic
1121 895 1248 956 ipse,
1277 895 1360 943 cui

302 966 590 1027 destinatus
621 981 723 1032 est,
740 970 940 1032 honor,'
960 973 1057 1021 &1:-
1122 970 1270 1020 Idem
1294 971 1361 1020 E·

302 1050 428 1114 pist.
454 1063 510 1100 x.
529 1054 610 1099 84.
641 1051 657 1078 ‘
684 1050 794 1111 Ego
825 1063 856 1096 a
885 1048 1156 1098 destinatis
1181 1062 1363 1097 censo·

302 1127 465 1182 ribus,
508 1126 630 1190 qnid
674 1125 936 1181 sentirem,
982 1122 1364 1187 interrogatus.’

303 1203 567 1253 Accurate
591 1211 763 1252 tamen
788 1201 1065 1267 loquendo,
1091 1201 1362 1251 discrimen

303 1280 516 1329 videtur
545 1279 701 1329 fnisse
736 1279 871 1327 inter
891 1287 906 1309 ‘
931 1276 1364 1340 destinationem,’

304 1364 362 1407 et
383 1360 399 1386 6
424 1356 864 1420 designationem.'
923 1356 1126 1405 Etenim
1152 1355 1223 1404 illi
1248 1369 1363 1416 pro·

305 1433 421 1496 prie
470 1435 488 1461 6
513 1431 791 1482 destinari'
849 1432 1168 1495 magistratui
1227 1431 1365 1481 dice·

304 1512 518 1576 bantur,
541 1513 626 1575 qui
663 1511 831 1561 adhuc
863 1513 1045 1561 saltem
1079 1512 1128 1559 in
1161 1510 1305 1558 curia
1335 1524 1368 1559 a

305 1590 544 1654 principe
578 1597 634 1638 et
665 1598 847 1639 senatu
884 1589 1024 1651 digni
1052 1587 1279 1653 judicati
1312 1602 1366 1636 e·

304 1675 446 1723 rant,
482 1672 542 1715 ut
577 1666 629 1714 in
665 1680 850 1730 eampo
884 1666 1080 1714 Martio
1118 1666 1366 1724 eligeren-

306 1751 413 1806 tur,
455 1750 510 1792 et
557 1750 877 1805 crearentur,
923 1743 1366 1791 renuntiarentur·

309 1835 426 1885 qne.
472 1822 488 1848 6
513 1819 820 1885 Designati'
856 1828 1027 1869 autem
1054 1822 1070 1849 ‘
1097 1820 1368 1884 magistra·

307 1896 421 1946 tus'
449 1905 614 1954 eraut,
650 1898 736 1961 qui
766 1898 875 1960 jam
910 1898 961 1945 in
998 1912 1182 1962 campo
1217 1904 1371 1947 erant

308 1975 484 2035 electi,
521 1983 576 2024 et
612 1974 899 2036 declarati;
941 1974 1031 2023 sed
1071 1981 1126 2024 ut
1164 1974 1369 2023 demum

306 2060 422 2116 post
451 2052 645 2115 aliquot
675 2065 873 2100 menses
901 2065 1079 2100 munus
1108 2066 1252 2099 sunm
1277 2050 1370 2099 ini·

307 2134 447 2179 rent.
497 2128 638 2178 Hinc
663 2128 819 2177 toties
840 2129 973 2192 apud
993 2127 1263 2177 historicos
1285 2142 1371 2176 oc-

306 2213 524 2255 currunt
542 2207 558 2234 ‘
584 2204 842 2268 designati
866 2203 1135 2267 consules,'
1156 2210 1172 2233 ⁴
1198 2203 1367 2267 desig·

303 2283 419 2347 uati
443 2279 658 2339 ωεΙίΙεεε,6
679 2287 734 2329 et
756 2282 841 2330 alii
868 2281 1213 2344 magistratus.
1281 2280 1371 2329 Sic

305 2373 434 2408 vero
459 2357 660 2408 Plinius
679 2356 744 2407 de
769 2357 1114 2405 destinatione
1137 2357 1190 2404 in
1209 2356 1372 2416 curia,

306 2435 395 2487 ubi
412 2435 660 2487 destinati
679 2435 1128 2486 acclamationibus
1146 2432 1373 2498 excipie-

309 2515 520 2577 bantur,
541 2515 768 2578 loquitur
786 2514 986 2577 Paneg.
1007 2526 1129 2563 xcv.
1150 2517 1195 2562 2.
1234 2519 1249 2541 ¹
1268 2512 1371 2561 Vos

307 2592 541 2655 proxime
556 2589 950 2639 destinationem
968 2589 1257 2638 consulatus
1270 2587 1371 2636 mei

307 2669 388 2718 his
405 2668 863 2718 acclamationibus
883 2664 1243 2731 approbastis!
1282 2666 1369 2715 Sic

310 2745 473 2795 etiam
504 2747 521 2775 6
547 2744 828 2794 destinari'
865 2744 999 2808 apud
1035 2744 1199 2792 Tacit.
1228 2742 1370 2793 Hist.

311 2836 377 2873 11.
410 2827 459 2873 1.
491 2821 686 2886 aliquid
718 2823 883 2872 miuus
918 2829 1019 2883 est,
1050 2836 1200 2887 quam
1236 2821 1375 2883 eligi,

312 2905 405 2949 aut
427 2897 722 2962 designari:
760 2906 775 2928 6
799 2899 1022 2948 Materia
1052 2897 1371 2946 sermonibus

310 2975 718 3039 intemperantia
755 2975 1003 3030 civitatis,
1037 2975 1203 3023 donec
1244 2988 1372 3023 unus

311 3052 559 3116 eligatur,
581 3053 768 3103 multos
795 3051 1121 3102 destinandi.'
1154 3051 1372 3101 Schwar-

311 3144 433 3179 nus.

380 3207 468 3255 Ex
497 3201 868 3266 renuntiatione]
903 3205 983 3254 Ex
1010 3203 1288 3253 eorundem
1318 3217 1370 3252 e·

313 3282 541 3332 lectione
587 3297 682 3346 per
722 3279 962 3344 suffragia
1006 3281 1211 3340 civium,
1254 3295 1370 3343 quse

314 3358 499 3409 iisdem
534 3358 772 3416 liberum,
803 3359 852 3408 in
885 3372 1037 3424 quem
1071 3357 1372 3421 voluissent,

314 3436 576 3488 conferre.
609 3438 829 3487 Potor-ol.

385 3513 472 3563 Ex
500 3512 833 3576 destinatione]
866 3512 946 3563 Ex
979 3511 1377 3577 designatione;

316 3605 436 3640 narn
458 3590 702 3655 princeps
728 3589 987 3651 faciebat;
1022 3596 1075 3639 et
1096 3604 1231 3639 nuuc
1251 3589 1372 3638 Tra·

309 3667 490 3732 janus,
533 3674 593 3718 ut
635 3667 831 3730 consul,
869 3667 979 3731 ipse
1023 3665 1374 3716 renunciabat.

316 3746 456 3810 Lips.

391 3824 462 3873 Ut
478 3822 599 3887 ipse]
630 3822 760 3873 Cum
779 3828 920 3872 esset
935 3818 1238 3872 candidatus
1254 3834 1375 3869 con·

318 3900 531 3949 sulatus.
566 3899 780 3948 Patami.

382 3974 514 4026 Ante
541 3974 743 4024 consulis
771 3970 990 4035 steterat]
1025 3972 1230 4035 Nempe
1255 3978 1375 4020 ante

318 4050 497 4100 sellam
520 4052 751 4101 curulem
774 4049 1018 4099 consulis.
1073 4048 1209 4097 Vide
1227 4060 1377 4097 mxiv.

319 4132 364 4178 1.
398 4136 414 4159 ⁴
437 4130 568 4180 Cum
603 4135 678 4184 tu,
706 4126 1009 4176 mirantibus
1043 4126 1263 4183 cunctis,
1292 4140 1377 4175 ac·

319 4203 462 4254 cedis
501 4204 565 4254 ad
602 4202 829 4253 consulis
863 4201 1076 4250 sellam-¹
1097 4204 1124 4266 ς
1147 4206 1196 4252 2.
1231 4202 1246 4229 6
1270 4201 1374 4249 Im·

318 4287 534 4347 perator
554 4294 700 4346 ergo,
722 4285 779 4330 et
801 4278 995 4336 Cesar,
1016 4285 1073 4328 et
1093 4276 1375 4342 Angustus,

2358 343 2490 409 965

1436 504 1673 570 pontifex
1702 504 1970 563 maximus,
1994 503 2141 554 stetit
2163 507 2284 553 ante
2307 504 2496 566 gremi-

1435 599 1519 633 um
1539 584 1782 639 consulis,
1795 583 2033 645 seditque
2049 581 2243 643 consul,
2259 580 2494 644 principe

1434 666 1556 710 ante
1580 675 1635 709 se
1658 658 1865 709 stante.’
1925 659 1999 707 H.
2018 658 2331 721 Stephanus,
2354 657 2494 706 Box-

1434 736 1663 798 hornius,
1714 733 1962 784 Cellarius
2001 733 2195 782 habent
2232 737 2343 780 onte
2386 746 2495 781 con·

1433 814 1558 862 sales
1589 817 1823 868 steterat,⁸
1871 810 1961 859 sed
1994 820 2178 859 contra
2213 809 2494 858 auctorita·

1435 897 1541 938 tem
1579 887 1813 937 codicum
1854 887 1981 935 Mss.
2017 894 2071 936 et
2114 894 2296 934 contra
2338 885 2495 935 verba

1435 966 1599 1015 Plinii
1620 981 1683 1013 ex
1706 965 1903 1027 Paneg.
1927 977 2080 1014 thv.
2108 966 2153 1013 2.
2176 961 2330 1011 modo
2357 963 2494 1012 exci-

1438 1050 1566 1092 tata.
1602 1042 1840 1091 Schmun-z.

1504 1121 1613 1181 Ipse
1632 1119 1883 1179 juraverat
1912 1116 2154 1181 princeps]
2188 1115 2324 1165 Vide
2358 1115 2497 1166 idem

1438 1212 1484 1247 c.
1515 1211 1669 1247 mxlv,
1708 1201 1756 1246 l.
1791 1198 1806 1225 ‘
1829 1195 2161 1258 Adigendum
2203 1201 2256 1242 te
2295 1194 2496 1257 praebes

1437 1273 1490 1322 in
1536 1273 1694 1322 verba
1746 1272 2065 1338 principibus
2120 1268 2336 1333 ignota.'
2383 1272 2496 1333 §2

1436 1351 1452 1378 ‘
1479 1350 1617 1401 Quin
1653 1350 1811 1398 etiam
1847 1349 2020 1397 consul
2057 1346 2240 1395 sedens
2273 1345 2498 1409 principi

1440 1426 1600 1475 stanti
1646 1425 1854 1489 praeivit
1890 1422 2271 1487 jusjurandum,
2311 1430 2367 1471 et
2412 1421 2500 1470 ille

1433 1501 1651 1565 juravit,
1673 1501 2077 1564 explanavitque
2109 1499 2288 1558 verba,
2316 1497 2501 1562 quibus

1441 1585 1601 1643 caput
1636 1594 1802 1637 suum,
1834 1579 2036 1627 domum
2071 1590 2234 1636 suam,
2257 1575 2300 1623 si
2336 1575 2504 1623 sciens

1437 1655 1728 1716 fefellisset,
1750 1656 1980 1704 Deorum
2014 1653 2104 1700 irae
2137 1647 2506 1700 consecraret-²

1440 1734 1592 1784 Adde
1618 1733 1772 1781 etiam
1797 1746 1845 1780 c.
1866 1744 1994 1780 axv.
2034 1731 2180 1779 Idem·

1513 1811 1583 1859 Ut
1603 1808 1744 1871 illud]
1786 1809 1852 1856 Ut
1875 1808 1926 1856 id
1947 1812 1994 1856 et
2015 1807 2134 1855 illud
2156 1805 2221 1855 V.
2256 1805 2420 1854 Licin.

1507 1887 1690 1949 Legnm
1720 1884 2012 1948 reverentia]
2049 1882 2300 1931 Martialis
2336 1882 2504 1946 Epist.

1443 1980 1499 2016 x.
1520 1970 1602 2015 72.
1637 1973 1653 1996 ⁴
1674 1965 1793 2014 Non
1819 1971 1899 2012 est
1920 1964 2000 2011 liic
2023 1961 2278 2023 dominus,
2301 1959 2389 2009 sed
2412 1961 2504 2009 im·

1444 2054 1673 2107 perator,
1700 2042 1804 2091 Sed
1830 2040 2145 2104 justissimus
2181 2039 2402 2088 omnium
2426 2052 2505 2088 se·

1443 2117 1635 2167 nator.'
1668 2118 1818 2166 Bm.

1517 2195 1587 2243 Ut
1607 2191 1887 2258 principem]
1920 2191 2081 2254 Cujus
2106 2189 2376 2252 imperium
2400 2202 2506 2238 om-

1446 2271 1598 2321 nibns
1653 2270 2038 2332 magistratibus
2087 2267 2269 2327 majus,
2313 2264 2507 2328 quippe

1444 2348 1682 2409 mitigare
1720 2354 1774 2396 et
1818 2345 2088 2394 intendere
2128 2343 2269 2406 leges
2313 2349 2506 2403 potest.

1447 2426 1600 2475 Idem.

1512 2501 1865 2568 Respondebat]
1901 2498 2078 2550 Codex
2114 2496 2421 2556 Patavinus,
2453 2504 2510 2547 et

1444 2579 1581 2629 liber
1655 2577 1954 2632 Vossianus,
2015 2573 2208 2622 habent
2273 2570 2506 2621 credebat.

1445 2659 1706 2709 Schwarz.

1510 2736 1573 2785 Se
1592 2729 1848 2793 consulem]
1884 2729 2044 2793 Cujus
2057 2729 2146 2792 jus
2170 2734 2252 2776 est
2274 2730 2410 2775 stare
2431 2726 2505 2775 le-

1447 2813 1612 2877 gibus,
1654 2819 1711 2860 et
1755 2808 1924 2858 omnia
1966 2807 2069 2855 suis
2112 2802 2505 2868 magistratibus

1446 2884 1802 2952 cognoscenda
1838 2883 2124 2933 remittere.
2191 2881 2264 2930 At
2297 2879 2506 2929 Claudi·

1446 2983 1504 3016 us
1520 2973 1706 3016 cuncta
1722 2965 1891 3026 legum
1913 2976 1973 3009 ac
1993 2960 2382 3022 magistratuum
2401 2970 2508 3006 mu·

1445 3044 1529 3092 nia
1552 3043 1603 3090 in
1627 3055 1682 3090 se
1706 3036 1960 3088 trahebat.
1994 3035 2147 3083 Ber-n.

1510 3117 1835 3178 Magistratus
1856 3111 1965 3175 jus]
2008 3109 2169 3159 Solita
2203 3104 2506 3157 confusione

1445 3195 1651 3259 quidam
1683 3191 1889 3242 codices
1924 3188 2051 3237 Mss.
2071 3199 2258 3248 nempe
2290 3185 2505 3234 Vatica-

1445 3286 1542 3321 nus
1582 3273 1727 3320 8461.
1777 3265 2116 3329 Guelphicus‚
2164 3269 2220 3311 et
2272 3261 2506 3312 Venetus

1447 3355 1495 3401 l.
1533 3351 1605 3400 vis
1640 3345 1851 3408 habent,
1885 3344 1972 3393 ubi
1996 3342 2082 3405 jus
2120 3341 2220 3404 legi
2258 3340 2506 3390 debebat.
2576 3392 2584 3401 ,

1446 3429 1534 3477 Sic
1568 3433 1623 3475 et
1648 3424 1779 3473 liber
1801 3415 2099 3482 Vossianus,
2124 3433 2214 3481 pro
2238 3417 2507 3476 imminuta,

1447 3501 1647 3569 profert
1678 3502 1928 3550 inmutata.
1998 3497 2059 3546 In
2090 3496 2168 3544 liis
2202 3495 2372 3544 verbis
2405 3496 2506 3545 sin-

1448 3579 1640 3643 gularis
1677 3575 1915 3626 laudatur
1954 3573 2242 3624 moderatio
2277 3573 2506 3636 Trajani,

1449 3657 1535 3720 qui
1577 3654 1800 3704 noluerit
1843 3651 1921 3701 nti
1959 3649 2208 3714 principis
2246 3655 2506 3713 potestate

1448 3732 1501 3781 in
1528 3729 1763 3796 judiciis,
1801 3741 1915 3777 cum
1954 3733 2133 3775 contra
2167 3725 2231 3773 de
2265 3725 2507 3788 Angusto

1447 3811 1617 3860 Tacit.
1652 3808 1838 3858 Annal.
1872 3820 1912 3855 r.
1934 3809 1984 3854 2.
2019 3805 2034 3832 6
2060 3804 2243 3853 Muuia
2277 3810 2508 3860 senatus,

1449 3887 1857 3951 magistratuum,
1879 3882 2068 3945 legum,
2101 3880 2152 3927 in
2186 3894 2241 3927 se
2276 3879 2503 3936 traliere,

1449 3965 1591 4014 nullo
1634 3956 1976 4011 adversante-⁹
2061 3958 2131 4006 Et
2172 3955 2238 4004 de
2283 3955 2503 4004 Claudio

1448 4039 1583 4090 idem
1608 4037 1794 4087 Annal.
1816 4048 1895 4084 xr.
1916 4038 1966 4082 5.
1999 4038 2014 4061 ‘
2033 4032 2233 4082 Cuncta
2254 4031 2423 4094 legum
2447 4037 2503 4081 et

1448 4117 1838 4178 magistratuum
1882 4108 2058 4159 munia
2100 4109 2151 4157 in
2192 4121 2248 4157 se
2294 4108 2502 4158 trahens

1452 4187 1725 4260 princeps.'
1757 4188 1994 4236 Senum-2.

1512 4270 1675 4322 Aucta
1704 4261 1874 4326 etiam]
1909 4265 1973 4314 Iu
2008 4262 2188 4315 codice
2223 4262 2504 4315 parisiensi
