3060 4902
533 415 664 479 646

542 585 779 640 potestas
801 583 914 626 erat
947 576 1113 625 latior.
1186 575 1322 625 Nam
1349 575 1599 624 bonorum

540 669 814 718 rerumque
860 658 1100 716 omnium,
1147 655 1411 717 praecipue
1454 652 1601 703 fisca-

541 731 683 787 lium,
704 747 826 779 cura
855 747 914 780 ac
941 730 1327 780 administratio
1352 731 1597 793 peuesip·

540 821 670 870 sitin,
697 817 766 864 et,
806 810 847 857 si
888 811 1004 858 latae
1041 815 1193 858 erant
1227 809 1601 872 possessiones,

541 886 757 947 singulas
798 901 917 934 suos
955 894 1160 935 actores
1194 886 1476 947 habebant,
1512 887 1600 949 qui

538 976 717 1011 omues
776 962 993 1025 imperio
1048 962 1394 1025 procuratoris
1452 976 1603 1023 pare·

540 1036 707 1099 baut,
746 1039 824 1087 siu
851 1054 972 1087 vero
1007 1053 1104 1087 nec
1141 1040 1343 1102 ampla,
1370 1054 1464 1087 uec
1499 1041 1602 1088 late

537 1112 781 1163 diffusum
807 1115 1192 1177 patrimonium,
1215 1115 1350 1163 idem
1372 1124 1520 1164 actor
1541 1130 1602 1164 ac

538 1199 868 1252 procurator.
925 1192 1098 1240 Hodie
1126 1192 1405 1240 rationales
1430 1192 1603 1241 Caesa·

538 1268 626 1322 ris,
669 1270 753 1329 qui
794 1284 886 1332 per
932 1271 1324 1330 procurationes
1361 1269 1604 1317 adminis-

538 1347 733 1393 trandis
754 1345 936 1410 (verba
952 1347 1120 1395 Taciti
1146 1345 1329 1394 Annal.
1350 1360 1468 1395 xvi.
1497 1345 1604 1409 17.)

535 1424 755 1486 negotiis
786 1424 1110 1477 incumbunt.
1137 1432 1293 1487 atque
1319 1424 1603 1473 istiusmodi

538 1500 620 1548 bic
645 1506 725 1548 est
749 1508 913 1548 actor.
949 1500 1100 1549 Bern.

602 1575 797 1637 Actori]
834 1576 1055 1625 Actores
1085 1577 1225 1631 olim,
1255 1576 1405 1625 sicuti
1432 1576 1600 1637 priva-

537 1653 605 1701 tis
631 1651 857 1711 familiis,
881 1653 952 1700 ita
977 1660 1028 1699 et
1049 1651 1339 1699 Caesaribus
1358 1660 1526 1713 erant,
1548 1661 1603 1701 et

539 1728 862 1791 reipublicae.
896 1729 911 1754 ‘
930 1728 1130 1782 Actor,’
1157 1730 1321 1793 inquit
1352 1730 1599 1792 Baudius,

536 1809 553 1833 ⁴
578 1812 660 1852 est
704 1820 884 1854 servus
932 1805 1187 1869 publicus,
1225 1821 1312 1854 seu
1361 1808 1599 1868 libertus,

536 1882 622 1944 qui
662 1895 742 1930 res
783 1883 1111 1946 rationesque
1151 1883 1399 1947 principis
1439 1885 1598 1932 admi-

537 1960 760 2019 nistrat;
798 1960 1024 2009 arbitror
1064 1962 1176 2009 sine
1216 1962 1599 2024 jurisdictione.

534 2033 712 2085 Minus
745 2044 916 2085 autem
953 2045 1095 2085 actor
1127 2039 1229 2086 late
1255 2045 1423 2101 patet,
1447 2055 1599 2105 quain

535 2112 876 2177 procurator.'
913 2114 1129 2162 Putarol.

601 2189 940 2252 Procuratori]
979 2189 1028 2238 Is
1051 2197 1182 2251 erat,
1206 2191 1288 2254 qui
1315 2192 1603 2254 pecuniam,

536 2281 626 2316 seu
651 2268 904 2329 speciales
929 2268 1252 2329 imperatoris
1279 2268 1475 2317 reditus
1495 2271 1598 2317 col·

535 2344 766 2406 ligebat3
793 2353 1011 2406 eratque
1038 2345 1118 2393 vcl
1144 2359 1319 2407 eques,
1343 2347 1421 2394 vel
1449 2347 1599 2395 liber-

537 2427 710 2482 tus‚ut
732 2421 998 2482 colligitur
1021 2436 1082 2470 ex
1110 2421 1297 2482 Dione,
1322 2423 1405 2472 lib.
1433 2437 1602 2473 xmrt.

534 2501 907 2549 Procuratores
927 2501 1190 2548 Caesarum
1211 2502 1486 2564 aliquando
1503 2505 1600 2551 eti·

537 2576 718 2637 arujus
736 2576 979 2624 dicebant
1005 2576 1054 2622 in
1079 2578 1349 2638 provinciis
1371 2578 1601 2639 ;judicia

534 2656 708 2700 tamen
742 2666 916 2699 eorum
942 2660 1056 2699 rata
1082 2667 1179 2701 non
1216 2663 1380 2713 eraut,
1412 2664 1460 2702 et
1486 2656 1595 2703 fieri

531 2727 652 2774 inde
677 2733 883 2788 poterat
907 2727 971 2774 ad
1008 2729 1387 2791 imperatorem.
1418 2732 1495 2777 vel
1522 2746 1598 2780 se-

535 2807 733 2857 natum,
758 2803 1060 2866 appellatio.
1131 2805 1304 2855 Quare
1333 2806 1597 2863 Claudius,

534 2884 672 2927 teste
699 2879 918 2928 Suetou.
939 2893 984 2928 c.
1012 2884 1088 2928 12.
1123 2881 1136 2905 ‘
1156 2896 1183 2927 a
1210 2891 1410 2941 senatu,
1434 2893 1489 2931 ut
1518 2898 1596 2931 ra-

536 2961 592 3002 ta
635 2963 822 3014 essent,
868 2971 983 3019 quae
1029 2967 1389 3019 procuratores
1427 2960 1504 3007 sui
1548 2961 1596 3007 in

524 3031 812 3092 judicando
855 3040 1164 3095 statuerant,
1210 3037 1441 3098 precario
1476 3051 1598 3085 exe·

534 3108 645 3171 gire
681 3110 854 3174 Idem.-

598 3185 937 3247 Procuratori]
991 3184 1228 3234 Nondum
1269 3193 1438 3236 autem
1472 3190 1596 3236 ‘ad-

534 3270 751 3307 vocatus
775 3260 925 3320 fisci,'
961 3276 1112 3325 quem
1151 3263 1344 3326 primus
1370 3265 1596 3316 instituit

533 3336 851 3385 Hadrianus.
885 3338 1021 3401 Lips.

596 3413 784 3475 Actori,
817 3419 958 3476 atque
991 3416 1135 3463 etium
1167 3419 1466 3479 procuratori
1489 3419 1593 3482 tuo]

532 3488 594 3536 In
623 3490 895 3551 republica
917 3493 1083 3540 libera
1109 3502 1258 3542 eraut
1289 3503 1593 3559 quaestores,

532 3565 739 3629 quibus,
785 3575 977 3628 praeter·
1023 3569 1140 3629 alia,
1175 3583 1300 3617 cura
1334 3570 1593 3620 redituum

531 3643 584 3690 in
611 3643 846 3690 aerarium
882 3642 1144 3706 publicum
1183 3647 1592 3707 colligendorum

532 3726 647 3766 erat
673 3717 1003 3780 demandata,
1021 3721 1138 3767 binc
1158 3724 1403 3783 appellati
1424 3726 1437 3752 ‘
1455 3740 1594 3789 quae-

532 3804 698 3843 stores
739 3794 947 3842 aerarii.’
1014 3795 1182 3844 Varro
1220 3796 1285 3845 de
1323 3801 1376 3848 L.
1407 3801 1463 3849 1..
1504 3801 1593 3850 lib.

529 3883 609 3918 lv.
635 3884 686 3932 p.
708 3874 789 3919 22.
859 3868 921 3918 In
947 3870 1124 3918 borum
1156 3873 1446 3924 ministerio
1481 3875 1591 3926 fue·

529 3960 606 4002 re,
643 3948 656 3973 ‘
673 3945 895 4003 scribae,’
919 3947 933 3972 ‘
954 3951 1256 4011 praecoties,’
1278 3961 1432 4017 atque
1458 3957 1470 3980 ⁴
1488 3955 1591 4002 via-

531 4020 711 4070 tores.'
780 4024 857 4071 De
883 4022 959 4070 uis
996 4026 1360 4088 quaestoribus,
1387 4030 1507 4077 item
1538 4037 1592 4078 et

531 4100 595 4147 ‹le
625 4098 915 4148 subsecutis
950 4099 1253 4163 ‘praefectis
1287 4106 1493 4168 a=rarii,⁸
1532 4121 1591 4154 ac

527 4178 878 4235 ‘praetoribus
905 4177 1123 4244 uaerariif
1161 4180 1305 4240 plura
1337 4196 1589 4243 exposue-

531 4264 643 4298 runt
673 4253 812 4298 Guil.
843 4251 1066 4300 Budaeus
1094 4254 1339 4305 Auuotat.
1373 4257 1421 4305 in
1450 4259 1589 4307 Pan-

528 4324 665 4375 dcct.
686 4341 736 4390 p.
762 4330 875 4377 294.
895 4328 1114 4379 Thomas
1136 4332 1400 4383 Reiuesius
1422 4335 1573 4400 Epist

1230 429 1450 479 NOTAE
1502 429 1904 478 VARIORUM
1961 431 2035 478 {N

1677 579 1757 622 50.
1799 574 1862 622 ad
1902 576 2207 637 Rupertum,
2235 581 2287 623 et
2327 575 2437 638 ipse
2467 575 2740 640 Rupertus

1678 650 1744 697 ad
1772 652 2101 698 Encbiridion
2126 652 2406 713 Pomponii
2430 653 2531 703 JC.
2560 668 2593 701 r.
2613 659 2662 702 8.
2688 661 2744 703 et

1676 729 1724 773 9.
1760 732 1916 789 atque
1951 726 2070 773 Erit.
2097 726 2380 775 Reuschius
2408 727 2554 777 Prof.
2581 745 2741 792 quon-

1677 801 1794 849 dam
1835 801 2124 850 Helmstad.
2157 803 2209 850 in
2240 804 2629 853 schediasmate
2671 805 2740 854 de

1677 877 1864 939 Populi
1883 879 2095 926 Romani
2112 880 2563 940 Quaestoribus,ac
2580 884 2741 944 potis-

1677 955 1858 1003 simum
1873 957 2087 1017 aerariis,
2110 971 2389 1021 eorumque
2409 967 2544 1013 ortu,
2562 973 2743 1007 nume-

1677 1045 1751 1090 ro,
1776 1038 1826 1080 et
1848 1033 2046 1081 muniis.
2097 1033 2225 1081 Cum
2252 1043 2423 1082 autem
2451 1032 2600 1081 fiscus
2626 1036 2741 1083 (2ae-

1677 1109 1806 1157 saris
1839 1110 2107 1158 institutus
2136 1117 2298 1169 esset,
2327 1111 2509 1159 aerario
2530 1111 2741 1173 quidem

1681 1185 1885 1249 publico
1920 1185 2338 1249 relinquebantur
2361 1186 2595 1250 quaedam
2621 1202 2740 1236 vec-

1680 1262 1877 1324 tigalia,
1901 1263 2192 1322 mulctam&
2217 1263 2430 1319 tributa,
2456 1278 2570 1328 quae
2596 1266 2742 1315 colli-

1679 1346 1924 1400 gerentur
1949 1354 2062 1387 cum
2090 1355 2118 1386 a
2141 1340 2485 1403 quaestoribus
2513 1341 2742 1399 urbanis,

1682 1422 1788 1464 tum
1825 1416 1891 1463 ab
1922 1417 2002 1476 iis,
2042 1417 2127 1480 qui
2169 1431 2283 1463 cun»
2324 1420 2740 1478 proconsulibus,

1679 1502 1764 1541 alit
1810 1493 2236 1555 propraetoribus,
2280 1491 2743 1555 proficiscebantur

1679 1568 1726 1615 iu
1765 1569 2079 1629 provincias:
2117 1577 2171 1616 at
2206 1569 2399 1616 reditus
2431 1567 2541 1617 fisci
2567 1571 2740 1619 Caesa-

1678 1645 1752 1692 rei
1777 1660 1873 1693 non
1901 1646 2062 1693 solum
2086 1645 2136 1693 in
2164 1648 2288 1693 urbe
2308 1646 2526 1694 curabat
2552 1662 2738 1708 procu·

1678 1730 1818 1769 rator
1849 1721 2081 1777 Caesaris,
2118 1720 2206 1769 sed
2250 1725 2404 1771 etiam
2444 1722 2493 1770 in
2527 1733 2737 1773 ceteras

1675 1798 1968 1861 provincias
1994 1799 2333 1847 mittebantur
2351 1812 2739 1863 procuratores,

1675 1876 1905 1923 homiues
1939 1875 2141 1938 quidem
2178 1890 2243 1923 ex
2278 1878 2508 1940 equestri
2532 1878 2736 1934 ordine,

1677 1952 1756 1999 vel
1783 1967 1846 1999 ex
1872 1951 2112 2001 libertino
2138 1968 2347 2017 genere,
2389 1970 2600 2017 quorum
2625 1956 2738 2006 offi-

1676 2030 1809 2078 cium
1851 2038 1985 2091 erat,
2024 2030 2223 2079 reditus
2259 2029 2459 2079 fiscales
2491 2032 2737 2080 adminis-

1677 2113 1813 2154 trare
1835 2122 1849 2165 ;
1886 2114 1939 2154 et
1965 2107 2013 2154 iu
2040 2121 2253 2171 quorum
2279 2107 2564 2156 ministerio
2583 2119 2735 2159 erant

1677 2182 1910 2245 inprimis
1952 2192 2155 2230 actores
2195 2183 2408 2246 publici,
2449 2184 2483 2233 i.
2519 2199 2567 2233 e.
2598 2187 2735 2234 servi

1676 2261 1889 2322 publici,
1916 2263 2027 2323 qui,
2051 2260 2356 2309 moderante
2380 2270 2733 2325 procuratore,

1679 2338 1870 2384 reditus
1896 2346 1949 2385 et
1976 2337 2200 2385 rationes
2218 2337 2329 2387 fisci
2356 2345 2662 2405 tractarent,
2682 2348 2739 2390 et

1674 2412 1808 2464 forte
1848 2414 2005 2462 etiam
2043 2415 2350 2477 exigerent3
2385 2415 2518 2464 baud
2564 2431 2737 2481 secus,

1675 2506 1734 2538 ac
1761 2492 1809 2538 in
1836 2491 2052 2553 privatis
2074 2491 2296 2553 familiis,
2316 2495 2632 2553 procuratori
2660 2496 2735 2543 rei

1677 2567 1883 2614 rusticae
1930 2568 2140 2616 subesse
2186 2578 2566 2619 consueverant
2603 2571 2733 2620 villi-

1673 2660 1761 2691 cus
1784 2652 1836 2691 et
1866 2645 2037 2706 plures
2064 2655 2300 2704 actores;
2342 2646 2476 2710 quod
2504 2662 2567 2695 ex
2594 2648 2736 2696 Pliu.

1675 2722 1770 2782 Ep.
1796 2733 1884 2768 ιιι.
1908 2723 1981 2767 19.
2005 2720 2357 2783 intelligimus.
2426 2722 2736 2772 Proeterlios

1675 2804 2034 2860 procuratores
2060 2795 2186 2856 fisci,
2218 2797 2480 2847 habebant
2511 2800 2735 2863 impera·

1676 2883 1813 2921 tores
1851 2874 2005 2921 etiarn
2044 2882 2408 2935 procuratores
2445 2875 2518 2924 rei
2562 2878 2733 2938 priva-

1674 2959 1760 3011 tae,
1789 2949 1896 2997 sive
1924 2958 2284 3011 procuratores
2309 2951 2621 3013 patrimonii,
2645 2954 2735 3017 qui

1673 3028 1924 3075 curabant
1954 3027 2175 3088 privatas
2204 3027 2451 3091 principis
2475 3026 2737 3093 fortunas,

1671 3119 1885 3167 quorum
1913 3103 2105 3151 mentio
2131 3103 2454 3165 potissimum
2479 3120 2507 3152 a
2533 3113 2735 3171 tempo·

1673 3182 1813 3229 ribus
1871 3183 2048 3229 Severi
2109 3181 2435 3241 imperatoris
2481 3185 2731 3233 occurrit.

1671 3257 1955 3305 Postremis
1984 3256 2319 3320 temporibus,
2342 3255 2518 3306 fiscum
2556 3272 2732 3309 comes

1669 3349 1933 3383 sacrarum
1980 3334 2335 3396 largitionum,
2386 3343 2441 3383 et
2487 3337 2736 3398 patrimo·

1668 3413 1807 3460 nium
1852 3412 2097 3475 principis
2143 3426 2315 3461 comes
2354 3426 2521 3461 rerum
2563 3415 2734 3478 priva.

1672 3496 1858 3550 tarum,
1883 3488 2327 3537 administrarunt.
2371 3489 2456 3538 De
2481 3490 2590 3539 istis
2616 3506 2736 3554 pro·

1670 3566 1994 3616 curatoribus
2031 3571 2085 3612 et
2126 3565 2409 3621 actoribus,
2440 3566 2551 3629 jam
2583 3571 2734 3631 plura

1668 3649 2020 3705 exposuerunt
2041 3640 2247 3703 Lipsius
2268 3642 2331 3690 ad
2350 3643 2521 3692 Tacit.
2541 3645 2733 3697 Annal.

1670 3736 1733 3771 11.
1758 3727 1838 3770 30.
1870 3730 1924 3770 et
1961 3719 2246 3768 Gutberius
2280 3720 2345 3769 de
2384 3718 2589 3772 Officiis
2621 3725 2736 3773 Do·

1668 3814 1780 3847 mus
1804 3797 2075 3860 Augustae,
2108 3809 2197 3844 ιιι.
2230 3799 2278 3844 1.
2317 3800 2394 3846 16.
2428 3812 2539 3862 seq.
2565 3802 2632 3848 D.
2663 3803 2733 3852 D.

1667 3873 1899 3924 Gotfrid.
1934 3873 2147 3920 Mascou
2183 3871 2233 3920 in
2271 3872 2498 3924 Dissert.
2522 3874 2587 3924 de
2617 3891 2736 3940 pro-

1666 3959 1905 4001 curatore
1942 3948 2179 4004 Caesaris,
2217 3948 2426 3998 Altorfii
2462 3966 2546 4002 an.
2588 3958 2733 4005 1724.

1667 4030 1826 4079 edita.
1892 4026 2342 4078 Quemadmodum
2389 4043 2512 4078 vero
2561 4032 2733 4095 liujus-

1667 4107 1802 4156 modi
1826 4111 2217 4168 procuratorum
2237 4103 2458 4153 Caesaris
2472 4115 2591 4155 acta
2615 4123 2733 4171 ges-

1668 4191 1820 4247 taque
1845 4196 1873 4227 a
1896 4179 2040 4227 malis
2073 4181 2467 4240 imperatoribus
2497 4184 2572 4231 sic
2593 4199 2733 4232 com-

1666 4256 2182 4324 probabantur‚quasi
2196 4255 2383 4318 abipso
2396 4258 2599 4307 Caesare
2618 4270 2736 4311 acta

1666 4344 1916 4402 gestaque
1941 4341 2136 4389 essent,
2160 4341 2406 4383 narrante
2420 4333 2606 4386 Tacito
2625 4337 2734 4389 Au-
