3060 4902
767 382 842 430 c.
908 380 1160 432 murm
1205 382 1537 434 saeuum
1589 385 1866 437 unae.
1943 388 1995 434 1.
2039 373 2147 437 20.

335 526 432 577 tine
449 524 636 591 reliqui
651 522 821 576 verbo
842 526 1154 586 inciderent,-
1186 528 1417 593 quamvis

342 612 462 654 tune
494 603 675 653 malim
708 602 1004 653 inciderint.
1065 604 1153 653 Sie
1187 618 1309 653 vero
1342 605 1418 654 lo·

341 679 513 744 quitur
536 679 696 728 etiam
717 678 950 728 Terent.
977 677 1170 728 Heaut.
1188 693 1253 729 ιι.
1270 684 1319 728 4.
1340 684 1419 729 15.

340 762 356 783 ·
372 755 447 814 Qt
468 768 735 819 nunquam
759 755 874 804 ullu
908 754 1073 804 amori
1097 762 1268 804 vestro
1292 755 1418 806 inci·

348 829 477 891 dere,
497 832 667 895 possit
684 830 1001 882 calamitas:
1030 828 1270 880 &hom-2.

412 907 718 972 Domiti-ni]
762 909 801 958 i.
840 921 892 958 e.
921 907 1207 957 Domitiani
1246 907 1417 971 cujus·

347 985 676 1049 datmducis,
711 992 769 1036 et
802 984 1023 1035 hominis
1057 984 1244 1049 privati
1262 999 1280 1044 5
1313 999 1416 1034 non

347 1064 507 1126 ipsius
539 1062 817 1128 principis.
836 1068 1019 1127 utpote
1045 1076 1075 1109 a
1097 1060 1246 1124 cujus
1269 1075 1417 1109 sanc·

350 1140 509 1189 titate
548 1140 721 1189 aliena
773 1153 886 1188 esse
931 1137 1125 1187 debeat
1166 1137 1416 1201 ejusmodi

346 1215 729 1275 immoderatio.
795 1215 1043 1266 Similiter
1064 1213 1179 1264 fere
1203 1215 1417 1279 Batavi,

344 1294 400 1345 in
432 1293 651 1345 cuinam
689 1290 1049 1355 advenientes,
1084 1292 1312 1357 quesiti,
1347 1306 1413 1340 an

346 1372 633 1423 Christiani
668 1378 871 1432 essent,
889 1368 1185 1434 aliquando,
1211 1370 1276 1419 ad
1310 1370 1416 1419 evi·

346 1447 569 1498 tandum
625 1446 846 1497 nominis
889 1445 1166 1496 Christiani
1219 1444 1417 1508 odium,

342 1523 682 1590 respondisse
714 1524 974 1586 dicuntur,
1014 1538 1070 1574 se
1101 1536 1218 1573 esse
1255 1523 1414 1572 Bata-

348 1616 442 1651 vos
496 1601 609 1651 sive
669 1601 974 1651 Hailandos.
1061 1600 1306 1649 Fortasse
1355 1608 1415 1650 et

346 1677 556 1729 Plinius
591 1693 685 1742 per
719 1678 1114 1727 ailiterationem
1139 1677 1313 1725 allusit
1346 1675 1412 1725 ad

338 1766 539 1804 nomen
586 1753 890 1815 Domitiani,
934 1754 1080 1818 quasi
1133 1753 1415 1802 denotetur

340 1830 561 1896 quidam
591 1845 758 1880 saevus
789 1830 1107 1892 dominator,
1136 1845 1236 1879 non
1280 1830 1414 1892 prin-

343 1919 471 1969 ceps
495 1906 764 1955 modestus
785 1913 841 1955 et
862 1905 1137 1968 benignus.
1172 1905 1324 1955 Idem·

411 1979 716 2045 Domitiani]
748 1980 865 2031 Hoc
903 1989 1005 2043 est,
1037 1982 1321 2031 truculenti
1357 1988 1414 2032 et

344 2058 558 2124 pessimi
589 2057 830 2120 bominis,
852 2072 952 2107 non
989 2058 1209 2107 Romani
1239 2056 1414 2122 Impe-

346 2135 561 2185 ratoris.
594 2133 816 2183 Parent.

410 2210 592 2260 Edicto
603 2208 866 2274 affixisti]
903 2207 1059 2260 Quod
1077 2208 1307 2259 edictum
1333 2225 1413 2260 re·

345 2299 527 2337 versus
559 2284 832 2350 proposuit
866 2285 917 2334 in
953 2285 1175 2348 publico.
1197 2284 1264 2334 de
1300 2287 1412 2335 iios·

344 2364 486 2415 tibus
511 2363 731 2428 pacatis,
757 2363 921 2412 limite
957 2360 1207 2425 defenso;
1241 2372 1296 2413 et
1322 2363 1412 2414 de·

345 2442 503 2510 nique
543 2440 595 2490 in
629 2441 732 2491 imo
763 2438 886 2506 (hoc
919 2447 1022 2504 est,
1049 2438 1315 2506 suffecisti)
1346 2441 1413 2492 de

344 2517 628 2581 inpendiis
653 2517 770 2566 viae.
805 2516 943 2580 Lips-

414 2594 541 2646 Cun
580 2592 779 2657 inperio
822 2593 1051 2643 calculum
1093 2591 1288 2656 ροισι]
1346 2593 1411 2644 Id

344 2679 449 2734 est,
466 2663 590 2732 ’μετὰ
607 2674 703 2721 τῶν
721 2669 1011 2734 ἂρχομᾶνον.
1033 2677 1092 2721 ut
1115 2673 1131 2698 ⁸
1149 2669 1379 2719 dominia
1395 2670 1412 2693 ⁹

346 2755 435 2799 et‘
452 2748 703 2798 servitia’
726 2748 917 2811 passim
942 2761 1037 2811 pro
1072 2746 1326 2796 ‘domini’
1355 2755 1412 2797 et

341 2826 359 2852 ⁸
377 2823 559 2875 servi.'
590 2824 752 2873 Licin.

414 2901 540 2950 Crass
560 2901 756 2965 inperio
783 2900 1016 2949 calc-lm
1043 2899 1239 2964 ponere]
1276 2899 1411 2951 1303-

345 2977 452 3028 tius
486 2977 557 3027 de
580 2977 788 3028 Consoi.
826 2977 1019 3026 Phiios.
1042 2977 1192 3026 Pros.
1214 2979 1261 3026 ⁸.
1290 2992 1409 3042 pag.

344 3058 463 3107 ⁹⁷³.
484 3063 497 3083 ·
520 3054 678 3102 Visne
699 3068 826 3117 ergo
852 3066 967 3101 cnm
994 3051 1204 3102 fortuna
1237 3056 1409 3104 caicu-

342 3133 456 3183 lum
493 3130 725 3197 ponere?
761 3129 904 3179 Ante
936 3138 1242 3193 occupatam
1281 3145 1412 3179 rem-

341 3208 490 3274 publ.
524 3207 593 3256 ab
627 3205 1027 3270 imperatoribus
1059 3206 1294 3256 solebant
1318 3206 1413 3257 dn·

341 3298 435 3336 ees
462 3285 710 3334 rationem
736 3281 983 3345 impendii
1008 3281 1211 3331 facere.²
1247 3283 1412 3331 Tran-

344 3360 496 3427 quitl.
518 3357 687 3422 ‘Boni‘
700 3359 959 3422 principes
982 3356 1176 3407 debent
1194 3358 1410 3421 expensi

347 3451 528 3489 euram
556 3443 754 3493 tenere,
780 3441 1020 3499 tanquam
1044 3434 1086 3483 si
1114 3436 1305 3497 populo
1328 3449 1410 3484 es·

344 3520 469 3562 sent
484 3512 742 3561 reddituri
761 3508 1053 3562 rationem.’
1084 3512 1221 3560 Vide
1238 3520 1407 3562 tamen

354 3597 471 3640 not.
495 3589 726 3653 Berneg.
747 3588 798 3638 in
812 3586 955 3639 Just.
974 3601 1040 3637 ιι.
1061 3593 1111 3637 9.
1135 3591 1215 3636 1⁴.
1240 3588 1391 3637 Ber-n.

411 3666 539 3716 Cu
561 3664 757 3728 inperio
774 3664 1005 3713 calculum
1031 3664 1227 3728 ponere]
1272 3666 1338 3718 H.
1361 3678 1409 3712 e.

342 3759 463 3798 enm
521 3743 743 3807 irnperio
800 3741 1030 3790 rationes
1083 3749 1410 3804 computare,

343 3826 458 3874 sive
497 3821 757 3870 redituum
799 3824 854 3867 et
888 3825 1149 3866 sumtuum
1205 3819 1409 3880 imperii

341 3899 596 3951 rationem
615 3895 750 3945 inire
770 3907 831 3944 ae
848 3892 1160 3944 subducere.
1207 3894 1407 3945 Calculi

337 3979 478 4032 enim
518 3991 615 4041 pro
651 3971 937 4023 rationibus
975 3971 1251 4034 dicuntur;
1287 3973 1408 4038 quia

337 4062 394 4106 et
440 4063 665 4112 veteres,
702 4048 825 4099 dum
881 4056 1272 4112 computarunt,
1328 4051 1406 4099 usi

337 4136 462 4180 sunt
517 4124 753 4187 calculis,
809 4123 919 4174 sive
975 4123 1181 4185 lapillis.
1267 4124 1407 4175 Hinc

340 4206 483 4258 Plin.
524 4203 701 4266 Epist.
743 4214 810 4251 ιι.
858 4202 937 4248 19.
972 4200 988 4226 ⁸
1015 4196 1234 4260 Omnes,
1276 4215 1405 4264 quos

336 4296 438 4349 ego
472 4281 633 4343 movi,
655 4279 708 4329 in
738 4285 958 4341 utraque
992 4283 1147 4340 parte
1178 4276 1403 4328 calculos

2431 371 2564 440 519

1494 529 1682 594 pone.'
1747 529 1896 581 Idem
1944 531 2108 595 Epist.
2151 544 2201 581 v.
2233 534 2284 580 2.
2324 530 2561 596 ‘Accepi

1494 606 1871 669 pulcherrimos
1897 609 2090 663 turdos,
2112 622 2228 657 cum
2254 608 2437 673 quibus
2471 624 2562 672 pa·

1494 697 1604 733 rem
1644 684 1899 734 calculum
1940 699 2136 749 ponere
2172 699 2274 735 non
2320 686 2561 749 possum.'

1492 762 1606 813 Cic.
1635 763 1689 813 in
1725 763 1886 813 Lelio
1909 778 1955 813 c.
1984 769 2062 814 16.
2085 762 2238 824 dixit,
2261 764 2276 790 ⁸
2301 761 2419 810 Hoc
2447 763 2558 827 qui-

1492 836 1611 888 dem
1637 845 1719 888 est
1744 838 1896 888 nimis
1931 840 2122 902 exigue
2157 845 2214 887 et
2247 837 2456 887 exiliter
2491 837 2558 887 ad

1493 916 1720 968 calculos
1743 930 1932 966 vocare
1955 916 2254 971 amicitiam,
2276 921 2333 963 ut
2368 929 2461 978 par
2490 914 2559 965 sit

1493 994 1628 1042 ratio
1666 1001 2001 1057 acceptorum
2039 999 2094 1041 et
2130 989 2408 1041 datorum.'
2475 990 2559 1040 Sic

1493 1068 1671 1120 dicere
1705 1071 1974 1133 possimus,
2009 1068 2107 1116 ‘ad
2149 1068 2377 1116 calculos
2413 1080 2558 1115 revo-

1492 1161 1612 1195 care
1635 1144 1947 1209 imperium,’
1965 1160 2029 1193 sn
2056 1158 2151 1208 par
2171 1145 2240 1193 sit
2266 1143 2398 1192 ratio
2422 1140 2559 1191 redi-

1495 1227 1637 1271 tuum
1678 1229 1732 1271 et
1779 1234 2157 1284 expensorum3
2201 1232 2264 1268 ne
2309 1219 2424 1282 pius
2466 1217 2557 1266 im-

1494 1296 1770 1361 pendatur,
1796 1312 1945 1362 quam
1973 1297 2272 1357 recipiatur.
2323 1295 2442 1344 Fuit
2469 1309 2562 1343 au·

1492 1381 1601 1422 tem
1644 1376 1854 1438 proprie
1891 1371 2326 1428 ‘ratiocinatoris,
2363 1385 2557 1435 ponere

1491 1451 1769 1511 calculum,
1781 1448 1796 1471 ⁹
1830 1450 2112 1499 secundum
2149 1449 2353 1499 Colum.
2386 1450 2450 1498 de
2490 1450 2553 1498 R.

1494 1524 1561 1573 R.
1584 1539 1673 1575 Ιιι.
1699 1529 1749 1575 3.
1787 1526 2034 1575 Schts-urz.

1559 1602 1645 1653 Sic
1675 1600 1863 1661 redeat]
1909 1604 1996 1652 Sic
2030 1606 2169 1651 exeat
2209 1601 2271 1652 V.
2297 1600 2357 1650 C.
2385 1601 2455 1651 G.
2492 1602 2558 1651 R.

1493 1681 1674 1743 probe.
1714 1679 1949 1729 Ritterslr.

1569 1754 1767 1817 Edicat]
1829 1754 2114 1803 Scriverius
2167 1704 2557 1805 rescribendum

1492 1832 1696 1880 censuit
1732 1832 1800 1879 Et
1834 1832 1998 1887 dican
2035 1828 2258 1879 fortasse
2293 1831 2559 1896 opinatus,

1490 1906 1968 1970 magistratum,aut
1993 1906 2297 1970 principem,
2315 1921 2415 1956 non
2441 1922 2558 1971 pos-

1489 1997 1549 2033 se
1600 1984 1707 2033 dici
1749 1984 1765 2013 ⁸
1791 1981 2039 2039 edicere,'
2094 1984 2191 2032 nisi
2237 1985 2430 2049 aliquid
2474 1986 2554 2034 vei

1478 2060 1691 2125 jubeat,
1729 2061 1810 2110 vel
1842 2067 2003 2110 vetet.
2068 2060 2170 2111 Sed
2203 2062 2344 2109 nulia
2383 2075 2558 2110 emen·

1487 2136 1701 2186 datione
1739 2151 1868 2201 opus
1903 2145 2020 2196 est;
2056 2136 2190 2185 haud
2233 2137 2370 2186 enim
2404 2136 2555 2186 unius

1487 2215 1694 2277 generis
1738 2222 1792 2264 et
1840 2213 2131 2277 argumenti
2170 2211 2317 2262 fuere
2363 2212 2556 2264 edicta.

1489 2292 1674 2351 Erant,
1716 2292 1940 2340 maxime
1987 2291 2083 2339 sub
2135 2291 2557 2353 imperatoribus,

1487 2380 1591 2414 non
1617 2366 1777 2414 solum
1797 2365 2045 2428 jubentia
2071 2372 2124 2413 et
2161 2366 2423 2423 vetantia5
2460 2368 2552 2415 sed

1488 2443 1646 2492 etiam
1685 2441 1956 2499 monitoria,
1994 2440 2323 2503 consolatoria,
2365 2442 2556 2493 nuntiu-

1487 2521 1633 2581 toria,
1666 2528 1722 2570 et
1758 2521 1880 2581 aiis,
1904 2534 2019 2584 quae
2056 2519 2283 2582 explicat
2322 2519 2554 2569 Brisson.

1487 2595 1557 2647 de
1599 2597 1825 2647 Formul.
1864 2596 1956 2648 lib.
2001 2610 2092 2646 ιιι.
2131 2611 2249 2660 pag.
2289 2600 2404 2647 277.
2467 2597 2556 2647 Sic

1488 2675 1842 2736 Domitianus,
1863 2674 1951 2724 ubi
1987 2673 2199 2737 publico
2233 2674 2431 2737 scripto
2466 2674 2556 2723 de·

1486 2751 1795 2813 claruerat,
1809 2765 1866 2799 se
1883 2750 2145 2815 recepisse
2165 2764 2376 2798 uxorem
2402 2757 2555 2799 antea

1487 2828 1836 2891 repudiatam,
1859 2825 2117 2877 referente
2144 2827 2409 2890 Suetonio,
2434 2842 2553 2892 cap.

1488 2907 1569 2953 13.
1612 2905 1628 2932 ‘
1656 2918 1755 2954 non
1802 2903 2102 2965 dubitabat,
2143 2904 2193 2951 iu
2254 2903 2554 2954 reducenda

1486 2987 1608 3045 post
1639 2981 1916 3031 divortium
1953 2994 2132 3041 uxore,
2157 2978 2382 3043 edicere,
2406 2995 2555 3030 revo-

1485 3066 1656 3106 catam
1681 3072 1794 3106 eam
1816 3057 1866 3106 iu
1892 3056 2129 3120 pulvinar
2152 3054 2335 3103 smum!
2384 3055 2474 3105 Sic
2498 3066 2554 3107 et

1483 3134 1733 3196 Trajanus
1769 3142 1914 3183 recte
1935 3131 2038 3181 dici
2076 3130 2558 3196 potuit‘edicer03’

1485 3223 1603 3259 cum
1628 3209 1837 3274 publico
1871 3210 2070 3272 scripto
2104 3209 2289 3258 saitem
2314 3207 2551 3259 declara·

1487 3293 1588 3347 ret,
1619 3296 1904 3351 notumque
1938 3284 2156 3342 faceret,
2191 3301 2317 3349 quos
2352 3294 2551 3336 sumtus

1484 3361 1795 3425 impenderit
1832 3364 1881 3411 in
1922 3363 2045 3412 iter.
2115 3363 2253 3413 Quin
2284 3371 2336 3412 et
2362 3364 2555 3427 privati

1482 3438 1734 3500 homines,
1768 3454 1870 3489 non
1906 3440 2233 3500 magistratus
2270 3440 2443 3501 modo,
2475 3440 2554 3488 di·

1482 3515 1737 3565 cebantur
1772 3516 2048 3580 aliquando
2083 3514 2367 3575 ἐμφατικῶς,
2400 3517 2415 3542 ‘
2441 3515 2549 3566 edi-

1482 3590 1643 3648 cere,'
1665 3595 1708 3643 si
1731 3593 1853 3658 quid
1877 3593 2009 3641 serio
2032 3593 2144 3641 aliis
2174 3591 2547 3654 significarent,

1483 3666 1988 3732 denuntiarentque3
2025 3683 2076 3716 v.
2099 3684 2149 3732 g.
2176 3668 2436 3717 Parmeno
2454 3667 2553 3718 Te·

1483 3745 1770 3805 mutianus,
1803 3744 1855 3793 in
1891 3744 2023 3793 Eun.
2047 3757 2102 3792 v.
2126 3750 2176 3793 6.
2207 3748 2284 3793 1⁰.
2320 3747 2335 3773 ⁸
2358 3739 2460 3801 Atj
2483 3759 2549 3794 ne

1481 3820 1578 3871 hoc
1631 3821 1897 3884 nesciatis,
1935 3821 2175 3883 Pythias,
2218 3820 2353 3883 dico,
2398 3821 2550 3872 edico

1481 3897 1646 3960 vobis,
1688 3906 1924 3946 nostrum
1970 3910 2082 3945 esse
2138 3897 2280 3946 ilium
2335 3898 2549 3948 herilem

1481 3971 1690 4023 tilium.'
1759 3974 1932 4023 Piaut.
1971 3973 2219 4024 Pseudoi.
2254 3987 2336 4023 ιιι.
2359 3979 2409 4024 2.
2436 3978 2547 4025 11³.

1477 4053 1494 4078 ⁸
1519 4050 1675 4099 Nune
1700 4050 1785 4100 ibo
1810 4049 1970 4111 intro,
1995 4058 2152 4113 atque
2176 4051 2377 4098 edicam
2404 4048 2550 4097 fami·

1479 4127 1713 4190 Haribus,
1741 4125 1992 4177 Profecto
2025 4141 2089 4175 ne
2124 4126 2238 4190 quis
2273 4124 2547 4190 quicquam

1479 4202 1664 4252 credat
1693 4200 1988 4253 Pseudolo?
2022 4201 2263 4250 Schmun.
2299 4243 2300 4246 ,

1550 4279 1695 4330 Tanti
1750 4278 1962 4342 constat]
2024 4275 2249 4329 Quidam
2302 4272 2416 4323 iibri
2455 4272 2541 4321 ha·
