3060 4902
763 399 832 448 c.
877 397 1124 448 Ριικιι
1174 397 1505 449 saeuum
1559 399 1836 449 muno.
1915 402 1966 450 1.
2009 384 2118 450 62.

320 542 519 609 legitur
556 542 884 606 ponendum.
962 541 1142 592 Possit
1185 540 1391 607 quidem

320 621 700 686 qnsliscnnque
735 619 1002 669 sententis.
1035 619 1156 668 iude
1184 618 1319 680 erui,
1351 617 1395 666 si

318 697 562 761 inprimis
602 710 668 744 ex
712 695 961 746 Cstsnaeo
995 708 1218 760 sequeus
1249 709 1392 743 assu-

322 779 499 823 matur
525 773 768 827 varietss,
801 770 1007 836 quondo
1032 783 1123 834 pro
1145 785 1204 819 ne
1221 771 1395 834 prosit,

322 849 494 900 edidit
529 855 583 898 ut
614 849 799 913 proeie:
837 848 999 912 pluris
1037 854 1214 897 tamen
1254 845 1395 898 facio

323 927 607 977 lectionem
632 927 915 989 vulgatam.
971 924 1280 988 Exemplum
1305 938 1394 973 su·

325 1011 435 1054 tem
453 1000 661 1067 prebet
679 1000 864 1050 Viblus
880 1001 1122 1056 Serenus,
1146 1006 1394 1065 qnantum

323 1078 474 1129 mulis
529 1077 851 1126 delatoribus
898 1075 1072 1125 odium
1130 1075 1394 1139 publicum

324 1160 557 1211 senatus,
602 1152 927 1218 omniumque
969 1151 1242 1213 bonorum,
1279 1166 1394 1216 pro·

323 1235 491 1285 fuerit
522 1233 663 1298 opud
689 1234 877 1283 melum
905 1233 1212 1296 principem,
1241 1233 1397 1283 Tibe·

326 1315 493 1377 ἠως
530 1313 597 1363 de
621 1328 723 1378 quo
742 1312 879 1362 idem
902 1313 1074 1362 Tscit.
1110 1312 1298 1362 Anusl.
1321 1325 1399 1361 tv.

324 1395 412 1441 86.
443 1392 460 1420 ⁸
487 1390 738 1440 Fonteius
761 1388 972 1452 Capito,
1003 1389 1092 1454 qui
1125 1389 1399 1453 proconsul

325 1467 505 1519 Asiam
529 1473 823 1530 curaverat,
845 1466 1112 1516 absolutus
1135 1473 1236 1529 est,
1258 1481 1398 1517 com-

325 1552 504 1610 perto,
540 1543 664 1594 fictu
693 1544 745 1593 in
774 1559 892 1593 enm
931 1543 1146 1593 crimina
1183 1556 1278 1607 per
1307 1543 1397 1592 Vi·

327 1620 471 1670 bium
497 1620 747 1669 Serenum
767 1635 783 1668 =
820 1632 988 1684 neque
1028 1626 1203 1669 tsmen
1228 1619 1278 1669 id
1304 1619 1397 1668 Se-

327 1709 461 1750 reno
475 1709 624 1744 uoxae
639 1693 756 1756 fuit,
772 1708 922 1759 quem
942 1693 1115 1743 odium
1133 1693 1396 1758 pubiicum

328 1773 574 1824 tutiorem
598 1769 860 1820 faciebat:
897 1784 1017 1818 num
1056 1778 1114 1817 ut
1157 1770 1269 1835 quis
1307 1769 1397 1818 sd-

241 1891 242 1894 *
324 1850 564 1901 strictior
577 1856 869 1904 accusator,
884 1848 1026 1897 velut
1037 1854 1397 1898 sacrosanctus

327 1924 485 1978 erut.'
518 1926 666 1975 Idem.
1250 1957 1254 1964 ·

397 2003 514 2052 Non
551 2002 856 2065 premendum
904 2000 1083 2061 odium,
1123 2014 1183 2049 ue
1223 1999 1398 2063 prosit]

327 2079 422 2130 Eis
467 2078 693 2138 scilicet,
737 2091 866 2142 quos
917 2076 1137 2126 odimus.
1189 2077 1397 2127 Tacitus

330 2154 525 2205 Annul-
547 2167 624 2202 tv.
649 2158 732 2204 86.
770 2153 876 2203 ‘At
900 2153 1150 2203 Fonteius
1174 2153 1400 2219 Cupito}

328 2234 434 2280 &e-
471 2229 625 2279 Grae.

398 2306 478 2355 Ne
514 2304 696 2369 posit]
749 2305 960 2362 Sensus,
1007 2305 1128 2356 Non
1171 2320 1398 2357 umorem

328 2399 460 2449 erga
511 2385 674 2434 bonos
718 2384 828 2447 jam
882 2384 1278 2443 dissimulemus,
1334 2400 1399 2435 ne

331 2470 564 2527 apertus,
589 2462 686 2510 illis
704 2470 891 2511 nocent
910 2460 1045 2525 apud
1071 2463 1359 2527 principem
1382 2478 1397 2524 ς

328 2554 437 2590 non
483 2538 657 2589 odium
704 2553 833 2601 ergs
878 2540 1062 2602 malos,
1105 2553 1170 2587 ne
1214 2546 1400 2588 contra

330 2615 520 2680 prosit.
586 2614 723 2663 Nam
749 2615 792 2662 si
816 2613 1071 2676 sperimus
1098 2614 1196 2662 hoc
1221 2613 1397 2663 odium

330 2698 391 2743 et
411 2692 726 2752 revelamus,
749 2704 811 2740 eo
837 2690 947 2753 ipso
972 2689 1318 2753 provehimus,
1344 2699 1399 2739 et

324 2766 600 2833 juvimus3
638 2768 756 2833 quis
787 2767 1028 2831 princeps
1059 2766 1242 2827 maius,
1275 2781 1401 2830 quos

330 2859 426 2895 nos
469 2844 689 2901 odimus,
734 2848 911 2905 smut3
967 2856 1097 2907 quos
1153 2856 1400 2899 emamus,

332 2921 466 2972 odit.
499 2922 633 2985 Lips.

400 2994 701 3059 Elegerueis]
739 2992 821 3044 Ad
846 2993 1082 3059 publicos
1101 3000 1299 3044 sumtus
1325 2998 1399 3044 to·

330 3070 593 3123 locandos.
628 3071 780 3121 Idem.

402 3149 536 3205 Quos
557 3164 640 3199 uos
661 3146 935 3210 elegeratis]
962 3146 1164 3210 Lipsius
1186 3154 1241 3196 et
1264 3146 1402 3196 Bsn-

333 3224 455 3274 dius
480 3224 867 3285 existimarunt,
910 3223 1134 3271 Plinium
1179 3222 1262 3271 bic
1302 3236 1401 3270 non

330 3300 474 3365 loqui
533 3300 599 3349 de
655 3299 913 3348 electione
952 3297 1018 3346 sd
1063 3298 1405 3360 consulstnm,

332 3377 424 3428 sed
445 3377 510 3427 ud
527 3378 983 3441 quinqueviratum
1002 3391 1018 3436 3
1042 3373 1109 3425 de
1128 3389 1230 3440 quo
1250 3374 1403 3424 modo

333 3452 467 3503 dixi.
537 3453 733 3501 Verum
776 3453 974 3501 Plinius
1005 3452 1088 3501 bic
1122 3466 1225 3500 non
1259 3451 1404 3509 dicit,

331 3538 349 3560 ⁸
369 3528 778 3596 quinqueviros,’
811 3528 922 3591 sed,
945 3528 1086 3577 tertio
1104 3529 1313 3577 consules
1323 3528 1408 3588 se·

330 3605 423 3667 cit,
455 3620 570 3668 quos
602 3620 685 3654 uos
715 3604 986 3666 elegeratis.
1052 3604 1157 3664 An,
1191 3612 1248 3653 et
1286 3618 1403 3667 quae

333 3689 536 3749 partes,
567 3684 618 3732 iu
652 3681 891 3732 creandis
930 3682 1242 3737 consulibus,
1282 3689 1403 3731 tunc

333 3761 702 3826 competierint
728 3762 951 3818 senatui,
976 3762 1209 3825 postltaec
1233 3770 1404 3811 osten·

332 3839 474 3889 dsm.
541 3839 659 3889 Nec
693 3845 790 3901 est,
831 3837 967 3902 qnod
1007 3846 1266 3901 putemus,
1292 3852 1404 3887 ver·

333 3914 458 3966 bum
503 3921 679 3964 tsmen
712 3912 971 3977 ‘eligere'
1008 3929 1108 3964 non
1137 3915 1404 3979 pertinere

334 3990 402 4041 td
422 3990 659 4040 solennis
674 3989 832 4039 verbs
851 3991 1169 4039 consulatus.
1204 3989 1403 4039 Plinius

333 4065 494 4128 enim,
532 4071 774 4130 tanquam
806 4071 1004 4126 orator,
1034 4080 1095 4114 eo
1119 4067 1403 4128 generatim

337 4143 526 4206 utitur,
551 4141 628 4190 uti
652 4139 806 4204 infru,
831 4154 980 4191 xc1v.
1005 4146 1058 4192 4.
1094 4143 1110 4169 ‘
1136 4142 1216 4191 Tu
1240 4140 1402 4192 tilium

335 4219 431 4284 illi,
458 4218 611 4268 nobis
646 4226 938 4284 parentem,
972 4218 1065 4268 tibi
1099 4218 1401 4283 pontificem

2406 382 2528 450 851

1469 543 1770 606 maximum,
1791 542 2036 608 elegisti!
2090 543 2161 593 Et
2184 541 2305 592 slibi
2330 541 2539 607 passim.

1470 620 1560 669 Sic
1587 628 1639 669 et
1663 622 1911 671 Mamert.
1936 621 2165 671 Grstisr.
2196 619 2316 670 Act.
2341 619 2407 668 sd
2427 619 2539 670 Jul.

1470 696 1538 745 de
1562 699 1832 747 consulatu
1870 711 1984 759 sno,
2020 712 2140 760 cup.
2169 700 2247 747 lo.
2280 696 2296 723 ⁸
2325 696 2408 744 De
2431 710 2540 745 om·

1471 773 1619 822 nibus
1666 773 1885 822 Romani
1933 773 2136 836 imperii
2179 771 2299 821 viris
2346 772 2540 836 primus

1469 849 1671 898 electus
1714 864 1844 910 sum,
1902 863 2017 899 cum
2072 850 2321 898 honorem
2366 863 2539 899 meum

1469 926 1677 976 adoreis
1710 926 2016 976 militaribus
2051 927 2300 989 gloriosus
2338 928 2541 990 collega

1470 1000 1797 1053 cumularet!
1883 1004 2026 1054 Quin
2069 1010 2124 1051 et
2169 1003 2282 1065 ipse
2328 1001 2437 1053 Cic.
2487 1004 2540 1053 in

1469 1079 1646 1129 Somn.
1669 1079 1811 1141 Scip.
1835 1091 1955 1141 esp.
1981 1081 2029 1126 2.
2050 1079 2066 1106 ⁸
2084 1077 2328 1139 Deligere
2350 1077 2540 1128 iterum

1472 1157 1652 1205 consul
1685 1154 1909 1206 absens!
1940 1153 2182 1205 Schmun.

1538 1232 1752 1291 Magnus
1778 1236 1972 1294 utaque
1996 1231 2141 1279 honor
2172 1227 2351 1293 uester]
2385 1229 2541 1280 Hunc

1474 1307 1754 1357 lectionem
1777 1307 1889 1370 jam
1915 1321 1947 1356 a
1973 1307 2290 1370 cuspiniano
2328 1307 2541 1371 evulga-

1475 1390 1585 1434 tum
1606 1383 1843 1447 probsvit
1863 1383 2142 1439 Livineius,
2158 1390 2213 1433 et
2230 1384 2399 1433 secuti
2415 1391 2542 1435 sunt

1474 1462 1768 1515 Puteanus,
1790 1461 2069 1516 Gruterus,
2102 1461 2283 1510 Tbom.
2308 1459 2542 1520 Hesrne,

1474 1536 1712 1599 Paterni,
1754 1543 1811 1586 et
1851 1551 1987 1586 nunc
2025 1537 2183 1586 etism
2220 1536 2541 1586 Arntzenius

1473 1621 1530 1663 et
1598 1613 1887 1663 Gesuerus.
1974 1613 2206 1662 Eandem
2267 1612 2543 1663 confirmet

1474 1691 1759 1740 auctoritas
1790 1690 1973 1740 decem
2007 1690 2247 1740 codicum
2272 1690 2403 1739 Μαι.
2426 1690 2542 1741 lite-

1473 1769 1546 1817 ris
1571 1768 1777 1832 quidem
1804 1769 2006 1832 integre
2030 1768 2324 1831 exscriptis.
2376 1767 2543 1818 Ante·

1473 1846 1569 1895 hnc
1625 1847 1945 1896 Puteolanus
1992 1854 2045 1896 et
2096 1847 2383 1897 Berosldus
2428 1848 2542 1898 liaec

1473 1923 1644 1972 minus
1695 1924 1955 1986 complete
2002 1923 2295 1987 ediderant,
2339 1938 2544 1985 magnus

1472 2005 1668 2063 utaque
1700 2007 1886 2050 cesten·
1944 1998 2033 2054 At,
2066 2001 2180 2049 loco
2204 2001 2543 2064 pronominis,

1472 2083 1647 2134 vester,
1683 2076 1896 2125 verbum
1934 2076 2123 2124 videtur
2147 2076 2425 2139 prodidere
2451 2076 2544 2125 ΑΙ-

1474 2153 1587 2217 dus,
1613 2154 1960 2213 Philomusus‚
1984 2162 2037 2202 et
2059 2153 2358 2203 Sicbsrdus.
2406 2154 2543 2203 Con-

1475 2237 1577 2293 tra,
1615 2230 1913 2291 Rhenanus,
1950 2230 2247 2289 Plautinus,
2285 2230 2413 2278 Tan.
2443 2231 2543 2279 Ps-

1475 2305 1587 2365 ber,
1612 2305 2000 2368 Berneggerus,
2028 2305 2278 2362 Hsckius,
2301 2315 2356 2355 et
2381 2306 2544 2370 Cen,

1476 2383 1792 2443 rescripsere
1830 2395 2034 2442 ”cogntus
2078 2385 2274 2444 uterque
2312 2387 2542 2434 vestrum.

1475 2459 1734 2522 Denique,
1774 2458 2070 2519 catenatus,
2102 2458 2287 2513 Junta,
2318 2459 2542 2522 Stepha-

1475 2550 1594 2596 nus,
1664 2535 1862 2593 Μίιιοὸ,
1922 2535 2186 2597 Eizevirii,
2252 2535 2544 2585 Boxliorni·

1473 2628 1557 2674 us,
1576 2612 1982 2670 Kircbmsierus,
2007 2612 2290 2662 exhibuere
2312 2626 2539 2673 magnum

1473 2695 1725 2753 utrumque
1760 2691 1968 2739 videtur.
2036 2688 2245 2752 Lipsius
2291 2703 2415 2738 vero
2456 2704 2545 2739 su·

1476 2766 1711 2830 spicatas
1742 2773 1841 2830 est,
1864 2766 2022 2816 scribi
2056 2767 2317 2822 debuisse,
2342 2781 2545 2829 mugnus

1473 2843 1638 2906 utique
1670 2844 1820 2891 bonor
1851 2850 2024 2893 vester.
2091 2845 2275 2893 Placet
2309 2843 2394 2892 ills
2430 2858 2547 2895 eor·

1476 2920 1665 2981 rectio,
1689 2919 1962 2970 dummodo
1978 2920 2132 2982 hujus
2150 2919 2387 2968 lectionis
2407 2934 2545 2984 quae·

1477 2994 1596 3045 dum
1651 2997 1874 3046 clariora
1919 2997 2139 3058 vestigia
2193 3004 2544 3056 superessent.

1476 3071 1566 3121 Sic
1593 3087 1715 3120 vero
1738 3080 1792 3121 et
1815 3086 1913 3134 ego
1937 3086 2112 3134 supra,
2137 3070 2200 3119 ad
2230 3083 2355 3118 vm.
2376 3074 2425 3119 2.
2449 3085 2545 3132 pro

1476 3155 1689 3212 uterque,
1737 3149 1942 3198 ostendi
1996 3146 2386 3196 rescribendum
2432 3161 2548 3196 esse

1476 3227 1659 3289 utique.
1727 3225 1901 3274 Facile
1934 3231 2105 3273 sutem
2128 3229 2362 3285 apparet,
2396 3223 2546 3273 istsm

1481 3302 1809 3360 varietatem,
1844 3301 2033 3363 partim
2058 3315 2124 3349 ex
2150 3299 2352 3362 ingenio
2377 3300 2547 3350 edito-

1480 3391 1611 3431 rum,
1645 3377 1834 3438 purtim
1868 3391 1932 3425 ex
1971 3375 2291 3439 negligentia
2315 3375 2547 3424 librario-

1481 3471 1614 3511 rum,
1648 3454 1736 3518 qui
1774 3454 2074 3505 vocabulum
2106 3455 2255 3501 honor
2291 3454 2543 3515 omisere3

1480 3532 1673 3596 partim
1697 3545 1759 3580 ex
1789 3531 2159 3596 compendiosa
2181 3530 2441 3579 scribendi
2469 3545 2545 3578 rs-

1483 3610 1644 3671 tione,
1665 3609 1922 3657 extitisse.
1990 3610 2137 3658 Bene
2160 3608 2295 3656 euim
2320 3606 2549 3657 animad-

1482 3686 1638 3734 vertit
1665 3685 1940 3745 Livineius,
1978 3684 2029 3733 in
2064 3683 2372 3749 quibusdum
2404 3683 2547 3733 codi-

1480 3761 1624 3810 cibus
1653 3762 1909 3823 scriptuni
1933 3759 2094 3811 fuisse
2116 3776 2193 3817 ur,
2216 3760 2548 3823 quemadmo-

1480 3837 1601 3886 dum
1616 3836 1782 3886 sdhuc
1795 3838 1867 3886 sic
1879 3838 2128 3900 scriptum
2140 3843 2285 3885 extat
2301 3835 2351 3883 in
2364 3833 2545 3884 codice

1478 3913 1686 3963 Veneto
1710 3916 1755 3961 1.
1789 3912 1926 3977 quod
1960 3912 2166 3977 quidam
2203 3924 2297 3974 per
2332 3909 2546 3958 verbum

1476 3989 1684 4046 uidetur,
1719 3988 1802 4036 alii
1838 4003 1932 4051 per
1962 4000 2249 4051 pronomen
2271 3991 2442 4041 uester,
2471 3985 2546 4034 in-

1482 4065 1759 4130 terpretati
1784 4072 1923 4113 sunt.
1961 4065 2111 4114 Idem.

1544 4146 1759 4206 Magnus
1791 4148 1983 4206 uterque
2015 4144 2161 4191 honor
2181 4139 2360 4202 cester]
2395 4140 2542 4201 Mag·

1477 4235 1570 4270 nus
1610 4226 1808 4283 uterque
1846 4220 2053 4269 videtur.
2125 4216 2346 4282 Liquido
2389 4217 2438 4266 in
2476 4217 2546 4269 V.
