3060 4902
803 410 869 458 C·
918 409 1169 460 PL1N11
1219 411 1550 464 ssscunm
1608 415 1884 466 PANEG.

345 549 596 614 panditur,
617 550 797 613 annis,
817 555 902 616 ξι.
972 554 1093 604 Cim
1112 556 1419 618 expanditur,

347 629 384 678 i.
423 643 471 677 e.
510 628 722 693 quaudo
743 630 1072 693 exspatiatur
1096 631 1327 693 effusior,
1364 640 1419 682 et

344 703 605 753 latissime
647 719 705 753 se
750 706 1023 768 expandit.
1108 709 1416 773 Quanquam

344 779 474 827 mibi
508 793 609 827 nec
642 778 922 842 displiceat
958 782 1143 833 modus
1174 784 1418 848 conjunc-

345 855 489 905 tirus
519 869 626 903 cuns
656 858 988 919 &venduut-,-
1022 859 1111 923 qni
1145 860 1325 910 modus
1364 862 1416 911 iu

343 931 534 981 codice
576 931 865 983 Parisiensi
924 934 1207 1000 iudicatur,
1256 947 1415 1000 atque

344 1007 397 1055 in
431 1007 567 1057 libro
587 1009 866 1071 vossiano,
894 1025 998 1061 uua
1019 1026 1135 1061 cum
1158 1014 1416 1076 particula

343 1098 470 1146 euin,
492 1087 819 1149 exprimitur.
857 1089 945 1138 Sic
972 1087 1206 1140 feliciter
1236 1100 1414 1141 extur-

342 1160 465 1211 bari
488 1176 667 1213 vocem
691 1163 961 1215 barbaram
983 1180 1012 1214 e
1030 1166 1276 1217 diuturna
1300 1183 1415 1231 pos·

345 1237 599 1301 sessione,
626 1254 778 1302 qnam
803 1241 854 1289 in
880 1241 1116 1291 omuibus
1151 1244 1410 1307 exempla·

343 1315 488 1364 ribus
520 1316 786 1379 impressis
821 1318 975 1381 hujus
999 1321 1331 1384 panegyrici,
1356 1327 1413 1371 et

342 1391 468 1440 inde
512 1393 563 1441 in
603 1393 835 1444 omnibus
876 1396 1106 1457 Lexicis,
1145 1398 1408 1461 bucusque

341 1475 604 1519 tenuerat.
637 1472 718 1520 De
733 1486 837 1537 qna
854 1474 1220 1525 emendatione
1238 1477 1408 1538 paullo

342 1546 496 1608 plura
539 1548 758 1610 exposui
812 1548 867 1597 iu
925 1549 1146 1602 Excurs.
1202 1565 1411 1602 xxxiv.

341 1621 588 1673 Salias-m.

404 1700 552 1749 Intra
584 1707 814 1765 «ssu-pau
845 1718 1026 1766 semper
1054 1705 1264 1767 collium]
1301 1707 1409 1757 Pro

338 1774 491 1836 ium,
538 1777 671 1826 liber
726 1779 1005 1829 Vossianus
1056 1782 1216 1832 habet
1262 1784 1408 1841 inter,

341 1858 401 1900 nt
439 1859 498 1901 et
534 1853 704 1902 codex
742 1854 1182 1920 salisburgensis;
1231 1874 1406 1922 quam·

339 1941 496 1990 quam
529 1929 583 1977 iu
614 1928 708 1977 boc
737 1931 849 1994 jans
886 1935 1096 1997 antiqua
1119 1950 1296 1984 manus
1324 1952 1406 1985 su·

337 2007 666 2071 perscripsit,
686 2008 961 2071 legendum
985 2024 1097 2059 esse
1118 2013 1269 2062 intra.
1315 2014 1404 2062 Sic

337 2088 393 2130 et
430 2083 642 2131 Plinius
678 2083 856 2147 Major
902 2101 956 2136 v.
997 2090 1046 2135 9.
1081 2089 1174 2152 ait,
1209 2092 1225 2118 ⁸
1255 2090 1405 2139 Nilus

335 2157 603 2207 in‘totum
642 2168 924 2211 revocatur
967 2163 1108 2213 intra
1149 2166 1306 2227 ripas,
1350 2168 1402 2217 in

339 2235 539 2285 Libra.’
572 2237 645 2286 Et
665 2238 870 2288 Solinus
894 2254 1010 2302 cap.
1029 2245 1114 2290 43.
1146 2243 1161 2270 ⁸
1189 2243 1402 2294 Flumen

337 2312 494 2376 Nigri
519 2345 535 2361 .
556 2344 572 2361 .
597 2314 731 2363 intra
765 2315 904 2378 ripas
937 2323 1057 2366 tunc
1091 2333 1291 2383 quoque
1323 2335 1405 2371 re·

337 2390 438 2451 dit,
484 2404 603 2440 cum
645 2398 926 2442 contentus
978 2401 1057 2441 est
1115 2395 1265 2444 alveo
1310 2411 1404 2447 suo

337 2468 531 2519 Nilus)
596 2467 770 2518 Poeta
806 2483 931 2519 vero
967 2469 1207 2520 Lucanus
1243 2475 1405 2523 utitur

332 2545 419 2594 bic
436 2546 809 2608 praepositione
824 2546 1016 2608 ⁴inter:
1030 2561 1084 2597 x.
1100 2553 1216 2599 327.
1237 2550 1253 2577 ‘
1265 2551 1404 2602 Hinc

331 2629 543 2670 montes
600 2628 789 2670 natura
845 2624 1007 2685 magis
1060 2626 1407 2680 circumdedit

331 2698 509 2761 undis,
550 2698 623 2747 Et
665 2699 847 2762 Libye
893 2705 966 2760 te,
1014 2702 1152 2764 Nile,
1196 2713 1405 2769 negant,

329 2788 461 2838 quos
496 2774 634 2824 inter
661 2774 713 2822 iu
750 2774 853 2824 alta
887 2775 939 2826 It
961 2779 1193 2828 convalle
1220 2788 1402 2832 tacens

322 2849 440 2913 jam
474 2850 701 2900 motibus
734 2851 871 2901 unda
905 2853 1130 2916 quietis.’
1195 2857 1403 2908 Mavult

330 2933 511 2976 tamen
537 2927 848 2977 Arntscuius
877 2931 1289 2991 praepositionem
1325 2935 1401 2985 in-

329 3010 428 3060 tra,
463 3005 550 3054 hic
573 3020 671 3068 pro
693 3005 821 3064 infra
844 3019 1129 3070 exponere,
1165 3016 1225 3059 ut
1250 3011 1400 3061 Nilus

329 3094 399 3129 ne
423 3080 640 3145 quidem
663 3080 728 3129 ad
750 3090 1049 3132 cousuetam
1075 3086 1398 3138 altitudinem

328 3157 543 3206 collium
602 3158 716 3206 sive
776 3158 1003 3221 riparum
1066 3160 1399 3214 adscendisse

329 3234 557 3285 dicatur.
627 3235 734 3285 Sed
772 3236 836 3285 ad
871 3252 980 3287 rem
1011 3238 1177 3302 ipsam
1218 3257 1397 3305 parunt

330 3313 572 3368 interest,
606 3313 718 3362 sive
751 3313 906 3376 intra,
942 3316 1051 3364 sive
1084 3315 1223 3367 infra
1256 3319 1396 3383 ripas

327 3396 615 3438 consuetas
652 3402 768 3438 sese
805 3399 929 3440 tuuc
962 3394 1192 3443 tenuerit
1226 3396 1397 3458 Nilus,

330 3464 614 3515 dnmmodo
645 3479 713 3515 ne
742 3467 1004 3516 exundare
1025 3468 1244 3537 dicatur,
1280 3474 1396 3535 quia

332 3542 493 3593 Nilus
527 3543 684 3592 etiam
715 3541 934 3593 inferior
962 3545 1067 3593 suis
1093 3547 1219 3610 ripis
1242 3549 1396 3598 nihilo

329 3619 503 3668 minus
537 3620 554 3647 ⁸
579 3618 720 3669 iutra
750 3620 890 3683 ripas
917 3621 1199 3672 subsistere
1238 3633 1393 3691 atque

326 3693 567 3753 harere?
599 3703 746 3746 recte
768 3696 975 3747 dicitur.
1028 3699 1291 3765 Ceterum,
1312 3716 1395 3751 co·

326 3772 432 3822 dex
468 3772 794 3836 Guelpbicus
827 3773 878 3822 iu
913 3774 989 3823 his
1026 3775 1200 3825 verbis
1224 3779 1396 3829 omisit

328 3849 637 3901 adverbium
670 3865 872 3914 semper,
910 3851 994 3901 cui
1026 3858 1198 3903 tamen
1235 3856 1390 3904 nolim

324 3928 471 3977 litem
496 3927 791 3977 intendere.
841 3927 1082 3993 Usar-pm
1099 3945 1280 3994 semper
1298 3934 1391 3983 eol-

325 4005 463 4066 ὅσα,
498 4004 826 4068 Graccum,
866 4019 964 4055 nec
991 4006 1236 4057 Romanis
1258 4011 1390 4060 inso-

325 4080 477 4143 lenti,
498 4095 660 4138 more,
686 4081 821 4131 dixit
844 4082 1063 4139 Plinius,
1088 4098 1183 4147 pro
1200 4086 1390 4136 ‘colles

323 4171 530 4221 semper
546 4158 857 4221 usurpatos.'
918 4159 1172 4211 Similiter
1189 4162 1393 4214 Seneca

328 4233 556 4299 loquitur
596 4235 725 4286 Nat.
765 4235 969 4288 Qnaest.
1002 4251 1081 4287 tv.
1121 4242 1171 4287 2.
1228 4241 1244 4268 ⁸
1285 4240 1390 4292 Per

325 4323 449 4374 quos
493 4312 710 4362 canales
750 4321 977 4376 angusta
1014 4316 1217 4379 rupium
1263 4316 1390 4368 effu·

325 4386 509 4451 ‘inab'
554 4388 766 4441 Solinus
799 4391 883 4441 ³2.
912 4391 930 4420 ⁸
953 4404 1050 4456 per
1082 4405 1247 4458 opaca
1283 4395 1391 4446 col·

1969 420 2017 467 1.
2065 405 2172 471 30.
2431 406 2566 474 597

1493 557 1618 607 lium
1638 558 1674 620 ;’
1700 567 1753 610 et
1774 577 1889 625 cap.
1914 568 1995 613 45.
2017 566 2033 592 ⁸
2054 565 2206 614 Nilus
2231 566 2389 617 tantis
2408 571 2570 634 agmi-

1498 634 1645 684 nibus
1669 639 1932 687 attollitur
1956 641 2092 688 inter
2117 641 2326 705 objecta
2346 646 2569 707 rupium,

1495 712 1558 778 (i.
1594 729 1641 764 e.
1679 717 1918 780 objectas
1961 718 2159 784 rupes,)
2196 729 2255 770 ut
2292 737 2438 772 ruere
2478 740 2572 787 po·

1497 791 1620 846 tius,
1657 808 1808 856 quam
1834 809 2059 852 manare,
2096 796 2377 850 credatur!
2445 800 2569 851 Non
2601 853 2614 866 ‚

1495 868 1627 917 adeo
1643 884 1856 920 necesse
1876 880 1971 931 est,
1996 880 2049 920 ut
2069 888 2184 922 cum
2209 874 2399 925 Bebrio
2418 884 2569 940 putes

1494 945 1888 995 rescribendum
1930 963 2042 996 esse
2077 949 2211 1009 infra
2232 957 2461 1015 usurpata
2484 969 2564 1002 stt-

1485 1021 1688 1082 per-cilia
1709 1022 1916 1071 collium.
1951 1023 2121 1074 Idem.

1556 1097 1739 1159 Supina
1763 1100 1906 1148 etiam
1928 1116 1984 1149 ac
2001 1102 2239 1151 detinenti
2269 1102 2390 1165 solo]
2428 1104 2443 1132 ⁸
2469 1104 2561 1153 Su·

1492 1174 1644 1235 pinus
1662 1174 1675 1196 ’
1710 1179 1923 1240 proprie
1954 1178 2167 1244 dicitur,
2190 1182 2275 1245 qui
2301 1182 2455 1230 dorso
2486 1183 2562 1231 in-

1490 1250 1707 1314 cumbit,
1751 1260 1811 1302 ut
1855 1251 2040 1304 faciem
2089 1264 2426 1322 ventremque
2473 1260 2560 1307 ha-

1491 1323 1613 1373 beat
1638 1341 1840 1376 sursum
1868 1339 2194 1391 spectantem
2228 1333 2291 1382 ad
2330 1334 2514 1383 coelum
2540 1351 2556 1396 ;

1490 1411 1548 1450 ut
1572 1403 1852 1452 Mat-tinius
1878 1408 2127 1467 explicat.
2176 1409 2398 1466 Deinde,
2426 1425 2557 1473 prae-

1488 1483 1571 1524 ter
1626 1480 2040 1540 metaphoricam
2105 1483 2557 1550 significationem,

1488 1566 1584 1615 pro
1613 1553 1779 1603 otioso
1807 1562 1855 1602 et
1882 1556 2091 1618 ignavo,
2114 1559 2178 1607 ad
2206 1562 2372 1609 varias
2397 1563 2557 1614 etiam

1485 1644 1570 1680 res
1618 1633 1744 1680 alias
1788 1636 2230 1699 accommodatur,
2276 1639 2350 1688 ita
2396 1647 2455 1690 ut
2500 1649 2559 1693 et

1486 1706 1677 1755 ‘colles
1713 1709 1920 1770 supini,'
1977 1722 2030 1759 et
2073 1715 2087 1739 ⁸
2114 1714 2275 1764 valles
2317 1717 2561 1782 supinae,’

1487 1783 1833 1845 appellentur.
1902 1786 1990 1836 Sic
2026 1789 2209 1851 virgil.
2248 1791 2445 1856 Georg.
2485 1809 2555 1846 ιι.

1484 1863 1598 1907 276.
1632 1860 1784 1925 dixit,
1818 1864 1832 1890 ⁸
1858 1864 2053 1914 acclive
2079 1868 2260 1932 solum,
2293 1872 2553 1936 collesque

1484 1937 1732 1998 supinos!
1800 1940 1979 1990 Livius
2006 1953 2178 1993 autem
2201 1960 2282 1997 tv.
2303 1951 2384 1996 46.
2411 1948 2427 1975 ‘
2448 1948 2554 1998 Re·

1484 2014 1699 2073 pentino
1733 2015 1931 2078 impetu
1965 2020 2244 2083 AEquornm
2287 2038 2380 2085 per
2412 2025 2556 2087 supi·

1483 2101 1602 2137 nam
1642 2092 1823 2141 vallem
1861 2093 1962 2142 fusi
1999 2104 2118 2145 snut
2157 2098 2412 2147 Romani.’
2482 2101 2555 2150 Et

1485 2177 1560 2212 vt.
1585 2169 1667 2215 24.
1704 2171 1720 2195 ⁸
1745 2170 1936 2219 Versus
1983 2173 2161 2235 itaque
2204 2176 2254 2223 in
2297 2176 2553 2227 victorem

1486 2246 1677 2305 terror,
1700 2251 1754 2293 et
1773 2260 1905 2295 novo
1925 2248 2091 2304 hoste,
2112 2258 2167 2299 et
2190 2253 2375 2313 supina
2399 2254 2556 2315 valle,

1481 2316 1769 2368 Romanam
1790 2324 2055 2372 inclinavit
2077 2326 2278 2375 aciem.’
2325 2330 2432 2376 Cur
2451 2336 2557 2380 tam

1473 2396 1489 2423 ⁸
1502 2396 1698 2453 colles‚’
1715 2412 1864 2463 qnam
1890 2401 2109 2464 ‘valles,'
2131 2404 2226 2454 hoc
2244 2404 2458 2455 ἐπίθετον
2470 2405 2561 2456 ad·

1481 2473 1719 2537 mittant,
1759 2476 1869 2539 ejus
1909 2479 1983 2526 rei
2022 2479 2260 2530 idoneam
2303 2484 2556 2533 rationem

1482 2547 1658 2599 reddit
1684 2550 1969 2614 Gesnerus,
1991 2555 2052 2603 ad
2079 2557 2129 2604 h.
2155 2558 2191 2606 1.
2257 2558 2447 2608 Potest
2471 2573 2555 2608 er·

1481 2640 1548 2688 go
1584 2627 1859 2689 ‘supinum
1901 2632 2064 2680 solnm
2090 2631 2106 2654 '
2141 2635 2236 2682 hoc
2279 2636 2390 2684 loco
2436 2638 2558 2687 satis

1481 2708 1604 2765 apte
1633 2706 1886 2769 explicari
1925 2722 2018 2769 per
2040 2708 2257 2759 ‘humile
2282 2709 2297 2733 ’
2331 2719 2385 2761 et
2409 2714 2425 2738 ‘
2445 2714 2558 2775 pla·

1479 2779 1654 2839 nnm;'
1688 2791 1841 2843 prout
1877 2784 2016 2845 apud
2055 2784 2214 2848 Apul.
2254 2789 2396 2838 Flor.
2430 2803 2552 2852 pag.

1479 2861 1593 2907 848.
1629 2861 1795 2913 ‘Quoe
1834 2863 2004 2911 Deum
2036 2873 2271 2925 potestas
2308 2866 2359 2914 iu
2394 2869 2548 2917 terris

1481 2968 1496 2984 .
1519 2968 1533 2981 .
1559 2935 1679 2985 alibi
1713 2938 1960 2986 montium
1987 2941 2215 2987 vertices
2249 2941 2436 2990 arduos
2458 2957 2552 2992 ex-

1479 3013 1629 3074 tulit;
1668 3013 1791 3061 alibi
1825 3028 2124 3077 camporum
2164 3016 2399 3079 supinam
2440 3020 2547 3082 pla·

1475 3089 1662 3138 uiciem
1682 3088 2012 3154 coaeqtiavit.’
2051 3091 2203 3142 Quod
2226 3093 2266 3140 si
2286 3108 2408 3143 vero
2426 3110 2549 3143 con·

1473 3166 1655 3215 cedam
1693 3165 1995 3228 Arntzenio,
2033 3170 2425 3232 commentanti,
2448 3171 2546 3222 hoc

1473 3243 1631 3292 etiam
1679 3244 1791 3294 loco
1837 3246 1852 3273 ⁸
1878 3247 2116 3308 supinum
2157 3246 2319 3295 solnm
2345 3246 2360 3268 '
2404 3263 2539 3308 esse,

1472 3318 1606 3381 quod
1632 3320 1859 3369 molliter
1876 3321 2183 3384 descendat,
2206 3324 2407 3386 qualem
2433 3327 2542 3389 ple·

1474 3409 1688 3459 rumque
1731 3394 1950 3446 formam
1996 3398 2278 3448 exhibeant
2329 3402 2537 3453 radices

1470 3473 1720 3521 montium
1746 3479 1801 3521 et
1825 3473 2053 3527 collium,
2077 3483 2351 3538 autequam
2374 3481 2538 3528 omui.

1471 3565 1540 3598 no
1575 3551 1624 3598 in
1666 3551 1815 3613 plana
1839 3550 2214 3613 demittantur;
2255 3561 2377 3604 tunc
2404 3560 2536 3606 mul·

1471 3632 1523 3675 to
1550 3627 1709 3689 tnagis
1734 3629 2082 3676 necessarium
2108 3642 2220 3677 esse
2246 3630 2449 3695 judico,
2477 3640 2537 3683 ut

1469 3702 1783 3751 retineamus
1808 3703 2026 3751 alterum
2044 3703 2274 3760 ἐπίθετον,
2296 3707 2534 3758 detinenti

1465 3779 1583 3838 solo,
1606 3793 1707 3841 qno
1731 3778 2041 3827 luculentius
2066 3779 2407 3844 designentur
2429 3786 2532 3833 eti-

1468 3867 1549 3901 arn
1596 3856 1757 3903 valles
1801 3861 1855 3904 et
1889 3856 2005 3904 loca
2047 3856 2244 3918 plana;
2295 3857 2533 3923 adeoque

1468 3930 1690 3994 Plinius,
1732 3932 1878 3995 quasi
1912 3932 2168 3993 gradatim
2211 3949 2534 4000 progressus,

1466 4006 1743 4070 significet,
1791 4009 1841 4056 in
1892 4008 1979 4056 illa
2021 4009 2232 4072 inopina
2275 4013 2536 4079 siccitate,

1466 4100 1622 4150 aquas
1647 4087 1755 4135 Nili
1783 4101 1883 4134 uon
1908 4087 2069 4136 solum
2096 4088 2230 4137 inter
2255 4099 2532 4142 consuetas

1466 4163 1606 4226 ripas
1629 4163 1958 4224 substitisse3
1992 4164 2080 4212 sed
2107 4177 2136 4211 e
2162 4165 2355 4227 supinis
2375 4168 2535 4220 etiam

1467 4248 1522 4289 et
1546 4240 1833 4289 declivibus
1862 4241 1988 4290 locis
2014 4253 2071 4288 se
2098 4243 2359 4304 recepisse
2383 4245 2433 4293 in
2459 4248 2535 4295 al·

1467 4331 1652 4377 veum;
1687 4317 1840 4366 immo
1863 4323 1918 4366 et
1940 4332 2004 4366 ex
2044 4317 2211 4381 planis
2235 4320 2536 4373 humilibus-

1466 4408 1571 4460 que
1610 4393 1808 4459 campis
1844 4407 1958 4444 sese
1999 4395 2289 4449 abstulisse.
2345 4397 2538 4448 ‘Deti-
