3060 4902
772 418 836 466 C.
883 417 1124 466 Pmmt
1176 418 1510 469 Ssscvnm
1564 423 1842 472 PANEG.

323 558 499 621 vibns,
521 557 645 609 mali
669 558 931 624 principes
964 559 1240 612 eorundem
1265 562 1403 613 bona

321 637 388 685 sd
413 634 598 686 fiscum
630 635 1013 697 devolvebant,
1045 638 1227 687 eadem
1258 638 1403 688 dela·

324 714 550 777 toribus,
590 711 968 775 adulatoribus,
1011 714 1228 777 libertis,
1267 716 1402 765 aliis-

323 808 430 858 que
448 792 797 858 coinquinatis
813 794 1018 854 aulicis,
1035 792 1171 843 dono
1191 793 1402 844 dabant.

325 871 556 920 Pater-ol.

401 944 668 1009 Vastilate]
704 945 1065 1007 Desolatione,
1090 945 1391 1010 solitudine;

326 1025 531 1086 ereptis
554 1021 830 1072 eorundem
856 1022 1093 1079 dominis,
1126 1038 1218 1073 seu
1241 1022 1399 1081 ferro,

326 1113 420 1150 seu
448 1099 623 1148 exilio.
664 1097 815 1148 Idem.

402 1176 666 1240 Vastilale]
697 1176 961 1233 Desolata,
986 1191 1082 1226 nec
1106 1177 1261 1228 culta.
1295 1167 1397 1227 sed

325 1252 490 1307 unde,
506 1253 727 1317 inquies,
744 1259 846 1301 tam
867 1255 1029 1301 multa
1049 1252 1158 1302 haec
1177 1255 1238 1302 ad
1261 1255 1401 1318 prin-

325 1330 532 1391 cipem?
565 1344 630 1379 ex
653 1329 841 1393 iniquis
867 1331 1281 1380 damnationibus
1303 1348 1401 1380 ‹⁸ae-

328 1406 590 1469 dibnsque
626 1407 897 1470 nobilium,
932 1421 1144 1472 quorum
1179 1408 1311 1457 bona
1336 1408 1400 1457 ad

327 1482 534 1532 fiscum.
567 1482 703 1546 Lips-

393 1562 605 1612 Decem
637 1561 759 1625 sita]
792 1561 856 1611 In
892 1562 1077 1613 codice
1113 1563 1400 1625 Guelplier·

325 1638 528 1704 bytano
548 1639 742 1699 legitur
753 1641 943 1688 detruso
960 1641 1094 1697 sinu
1127 1640 1209 1688 cui
1229 1648 1399 1689 autem

327 1716 606 1765 variationi
634 1714 956 1779 preferenda
992 1724 1072 1765 est
1109 1715 1265 1765 lectio
1289 1718 1400 1766 vul·

327 1798 472 1856 gata.
508 1791 752 1842 Schwarz.

393 1868 578 1918 Auem
610 1884 666 1917 ac
701 1868 941 1933 vigentes]
974 1868 1167 1918 Mirum
1206 1875 1308 1928 est,
1348 1869 1399 1917 in

325 1944 512 1995 codice
534 1946 787 1994 Vaticano
812 1949 956 1995 1⁴75.
972 1947 1021 1995 in
1039 1944 1396 2008 Salisbnrgen·

327 2022 393 2084 si,
417 2027 473 2069 et
493 2020 626 2070 libro
651 2021 923 2076 vossiano.
960 2036 1054 2085 pro
1092 2022 1165 2070 liis
1191 2021 1400 2070 vocibus

325 2097 435 2161 legi
455 2102 647 2146 «vectas
675 2103 724 2146 et
746 2099 982 2159 ingentes.
1049 2099 1236 2153 Putes,
1261 2098 1400 2146 aedes

325 2174 659 2237 dicimctas,
684 2175 831 2237 quasi
866 2173 917 2223 in
952 2174 1112 2223 altum
1148 2174 1398 2223 sublatas.

322 2251 432 2301 Sed
457 2251 582 2300 nibil
605 2250 901 2299 mutandum
928 2265 1134 2301 censeo.
1190 2252 1277 2301 Sic
1301 2252 1396 2301 eti·

324 2342 409 2377 am
435 2328 486 2376 in
510 2326 850 2389 sequentibus
875 2327 1065 2386 verbis,
1087 2328 1136 2375 in
1165 2327 1395 2375 Pataroli

325 2404 561 2455 editione
593 2404 811 2469 legimus
856 2403 1027 2454 sistere
1069 2406 1259 2462 ηιὶπαες
1310 2404 1398 2454 ubi

323 2481 379 2532 in
417 2482 656 2531 omnibus
706 2482 820 2530 aliis
856 2482 1003 2530 libris
1044 2489 1191 2532 extat
1230 2483 1399 2532 sistere

324 2559 513 2611 ninas.
548 2557 744 2607 Adha’c
766 2557 932 2607 codex
951 2558 1233 2607 Vaticanus
1250 2563 1396 2610 3461.

325 2642 383 2686 et
421 2634 935 2698 Gnelpberbytanus,
979 2635 1212 2684 inutilem
1258 2636 1395 2683 exbi-

327 2711 458 2761 bent
495 2711 854 2766 variationem,
880 2726 976 2772 pro
998 2716 1246 2761 exstructa
1279 2726 1397 2777 pro-

325 2787 513 2838 dentes
535 2779 790 2836 instructa.
825 2786 990 2836 Idem.

389 2864 602 2927 Aucus]
637 2865 948 2927 Restitutas,
974 2865 1066 2914 nisi
1091 2864 1175 2914 cui
1199 2864 1397 2915 arridet

323 2945 500 2994 butas.
535 2942 684 3005 Lips.

393 3021 536 3081 Erga
559 3025 685 3068 tecta
705 3017 829 3082 ipsa,
861 3017 1107 3080 meritum]
1144 3017 1396 3068 Constan-

326 3099 469 3149 tinus
528 3096 734 3160 quidem
777 3095 1074 3158 Imperator
1116 3095 1393 3159 Trajanum

321 3174 541 3223 herbam
567 3172 917 3235 parietariam,
953 3171 1022 3220 ob
1060 3170 1241 3220 titulos
1267 3175 1394 3221 mul·

321 3257 408 3300 tos
435 3248 632 3298 edibus
654 3246 958 3309 inscriptos,
989 3246 1259 3309 appellare
1280 3248 1395 3296 soli·

324 3334 430 3376 tus.
468 3326 715 3388 Epitoma
732 3324 857 3372 Sex.
881 3323 1129 3372 Victoris.
1183 3322 1396 3373 Adscri-

322 3402 444 3451 bam
467 3408 527 3452 et
560 3400 821 3451 Ammiani
859 3399 1017 3448 verba
1041 3414 1069 3447 e
1095 3400 1183 3448 lib.
1210 3412 1400 3450 xxvn.

324 3479 392 3528 de
429 3477 715 3541 Lampadio
751 3475 1009 3537 quodam:
1042 3476 1057 3502 ‘
1084 3475 1190 3524 Per
1226 3477 1396 3526 omnia

322 3554 562 3605 civitatis
612 3552 862 3612 membra,
907 3567 1023 3617 quoe
1070 3551 1393 3602 diversorum

327 3632 619 3697 principum
656 3636 970 3678 exornarent
1010 3628 1279 3691 impensae,
1304 3645 1398 3679 no.

321 3722 446 3758 men
471 3704 733 3770 proprium
753 3703 1093 3766 inscribebat,
1112 3719 1215 3754 non
1236 3714 1291 3754 ut
1311 3721 1396 3755 ve·

320 3793 494 3833 terum
518 3783 858 3844 instaurator,
876 3781 966 3830 sed
985 3780 1242 3831 cor-ditor.
1278 3783 1396 3834 Quo

321 3860 455 3910 vitio
477 3859 742 3908 laborasse
763 3858 1017 3922 Trajauus
1040 3858 1233 3907 dicitur
1258 3860 1391 3922 prin·

321 3952 466 4001 ceps.
537 3935 693 3984 Unde
713 3949 829 3984 eum
853 3934 1064 3983 herbam
1087 3936 1395 3999 parietinam

313 4012 542 4078 jocando
565 4009 1036 4073 cognominarunt)
1068 4011 1231 4062 Lirin.

392 4090 597 4154 Eodem]
628 4088 838 4152 Magno,
856 4083 910 4138 et
924 4089 1150 4137 locorum
1172 4096 1396 4140 amante.

386 4241 592 4293 Domini
626 4238 848 4302 scientis]
884 4239 1077 4289 Donum
1099 4239 1293 4290 scientis
1316 4241 1398 4290 Li·

320 4321 428 4369 vin.
446 4320 502 4368 in
527 4325 716 4378 textu3
750 4316 845 4366 sed
874 4318 927 4366 in
953 4318 1201 4380 margine,
1221 4317 1400 4368 domini

322 4413 416 4448 m
436 4395 693 4448 servientis
716 4394 778 4446 C.
798 4394 868 4446 G.
888 4394 1126 4461 Optime.
1160 4395 1401 4449 Riuersk.

1919 412 2109 475 1.50.
2413 413 2542 478 741

1546 565 1744 615 Domini
1754 566 1971 631 scientis]
1983 567 2173 617 Donum
2180 569 2390 619 scientis.
2414 571 2548 621 Pro·

1479 640 1548 690 ba
1574 642 1746 699 lectio,
1770 644 2064 693 domininon
2091 644 2360 707 servientis,
2385 649 2546 696 maxi-

1476 732 1560 767 me
1585 721 1878 769 auctoribus
1919 721 2086 782 libris,
2121 730 2173 771 et
2212 737 2368 787 supra
2403 723 2550 772 dixe,-

1477 804 1581 855 rat,
1601 799 1616 825 ⁸
1643 812 1740 845 nec
1755 797 1861 860 jam
1888 798 2285 847 clarissimorum
2320 800 2546 849 virorum

1477 875 1814 936 receptacula
1850 872 2145 923 habitatore
2182 889 2334 924 servo
2368 884 2546 925 terun-

1479 949 1600 1010 tur,'
1641 950 1732 998 sed
1777 950 1966 1006 haereo,
2012 950 2138 1013 quid
2175 953 2474 1015 exsculpam
2516 970 2544 1004 e

1474 1025 1690 1089 scientis,
1726 1027 1864 1091 quod
1903 1041 2018 1075 cum
2056 1026 2154 1075 hoc
2189 1036 2364 1077 nostro
2390 1030 2456 1078 V.
2482 1031 2545 1079 R.

1480 1101 1805 1164 praeferunt3
1841 1117 1958 1151 uam
1981 1117 2045 1152 ex
2070 1104 2243 1152 donum
2266 1105 2399 1153 haud
2431 1121 2545 1170 gra·

1479 1178 1636 1227 vatim
1659 1180 1841 1227 domini
1864 1177 2073 1235 feceris,
2099 1186 2213 1242 quae
2238 1182 2288 1229 in
2315 1181 2379 1228 V.
2401 1181 2547 1245 liqui-

1479 1253 1547 1303 da
1572 1255 1830 1317 scriptura
1856 1263 1958 1304 est.
1990 1256 2155 1306 Lirin.

1546 1330 1746 1380 Domini
1766 1330 1985 1394 scientis]
2022 1332 2189 1381 Libris
2214 1333 2344 1389 aliis.
2368 1334 2551 1384 domini

1478 1422 1572 1453 non
1608 1408 1894 1465 servientis5
1927 1409 1978 1457 id
2019 1419 2179 1471 esset,
2214 1411 2350 1472 quod
2392 1426 2552 1473 supra

1481 1480 1638 1543 dixit,
1666 1487 1681 1509 ‘
1706 1497 1805 1531 non
1842 1482 2139 1533 habitatore
2179 1499 2329 1533 servo
2374 1492 2553 1534 terun-

1484 1557 1602 1606 tur.’
1639 1559 1751 1620 Ego
1767 1561 2097 1622 negationem
2117 1561 2408 1623 rejecerim,
2426 1562 2552 1611 scri-

1482 1634 1704 1697 bamque
1727 1636 2149 1696 dominifmentis.
2185 1638 2329 1699 Lips.

1545 1712 1747 1761 Domini
1781 1713 2002 1775 scientis]
2050 1713 2171 1763 Non
2200 1730 2303 1764 una
2324 1716 2552 1766 varietas

1479 1788 1529 1838 in
1555 1790 1632 1837 liis
1661 1789 1828 1840 verbis
1852 1791 2096 1841 occurrit.
2165 1792 2387 1840 Plurimi
2409 1793 2553 1842 codi-

1479 1880 1568 1914 ces
1594 1867 1721 1914 Mss.
1741 1866 2081 1929 comprobant
2103 1867 2238 1916 hanc
2264 1869 2426 1931 ipsam
2449 1870 2554 1919 lec·

1478 1942 1694 1992 tionem.
1764 1943 1963 1992 Excusi
2000 1943 2318 2006 antiquiores
2359 1944 2554 1994 habent

1476 2019 1647 2068 donum
1660 2020 1889 2079 scientim
1913 2020 2001 2068 ubi
2024 2031 2196 2070 tamen
2215 2034 2312 2069 non
2335 2021 2554 2070 obscure

1480 2106 1719 2159 apparet,
1759 2112 1912 2162 quam
1948 2095 2104 2146 facile
2140 2111 2326 2147 nomen
2352 2100 2555 2159 domini,

1432 2187 1435 2191 ’
1476 2172 1526 2219 ἰη
1550 2175 1737 2228 donum,
1763 2173 1984 2222 transire
2025 2174 2275 2236 potuerit.
2318 2174 2398 2221 Ex
2426 2175 2550 2238 Lip-

1476 2248 1536 2296 sii
1563 2249 1862 2311 conjectura
1887 2249 1935 2295 in
1963 2249 2144 2310 paucis
2166 2250 2546 2309 exemplaribus

1476 2334 1654 2374 natum
1690 2334 1770 2373 est
1802 2325 1980 2374 domini
1998 2325 2232 2384 fruentis.
2302 2326 2366 2375 In
2392 2327 2548 2389 pluri·

1478 2402 1577 2450 mis
1600 2402 1790 2451 ceteris
1823 2402 2028 2450 excusis
2064 2402 2208 2450 libris
2248 2402 2442 2468 legitur
2467 2406 2548 2453 do·

1475 2479 1598 2527 mini
1633 2494 1724 2528 mm
1759 2479 2026 2528 servientis.
2095 2479 2298 2528 Ultima
2339 2480 2548 2544 quidem

1474 2555 1590 2604 haec
1628 2555 1788 2604 lectio
1825 2570 1934 2619 prae
1978 2556 2170 2605 ceteris
2207 2558 2413 2606 videtur
2440 2560 2550 2621 pla-

1476 2633 1625 2694 nior,
1663 2633 1798 2682 unde
1836 2640 1889 2683 et
1924 2633 2056 2682 hanc
2091 2634 2306 2683 retinuit
2333 2634 2552 2685 Arntze-

1473 2709 1607 2763 nius,
1632 2722 1852 2772 eamque
1874 2722 1903 2757 e
1927 2711 2206 2771 contrario,
2230 2726 2383 2774 quam
2409 2727 2546 2763 nuuc

1472 2784 1671 2848 recepi,
1694 2787 1944 2848 quesitam
1969 2794 2139 2850 vocat,
2175 2800 2345 2852 neque
2371 2804 2549 2851 quem-

1470 2877 1624 2925 quam
1663 2871 1812 2926 putat
1848 2863 2139 2913 Romanurn
2181 2867 2256 2915 sic
2292 2866 2428 2929 loqui
2457 2881 2550 2929 po·

1474 2942 1665 2989 tuisse:
1703 2941 1835 2988 hanc
1861 2942 2020 3002 ipsam
2048 2950 2240 2995 tamen,
2266 2957 2417 3003 quam
2433 2943 2543 3004 jam

1470 3016 1680 3079 egregie
1697 3016 1975 3064 vindicavit
1995 3016 2311 3070 Gronovius,
2331 3032 2429 3079 ego
2450 3018 2547 3065 uti·

1470 3106 1570 3154 que
1596 3092 1846 3139 Plinianae
1872 3093 2149 3140 sententiae
2185 3091 2320 3140 duco
2357 3106 2542 3141 conve-

1469 3170 1778 3218 nientiorem
1816 3183 1948 3229 esse,
1976 3175 2029 3216 et
2064 3166 2538 3230 significantiorem,

1471 3260 1622 3309 quam
1648 3260 1759 3309 quae
1778 3259 1840 3293 ex
1858 3246 1966 3294 solo
1984 3246 2192 3308 ingenio
2211 3244 2535 3296 librariorum

1471 3331 1596 3371 nata
1632 3323 1887 3373 videatur.
1954 3323 2208 3386 Loquitur
2252 3323 2389 3372 enim
2430 3324 2539 3373 Pli-

1470 3402 1587 3449 nius
1602 3398 1668 3447 de
1685 3398 1941 3462 ejusmodi
1962 3398 2186 3457 domino,
2202 3400 2285 3461 qui
2301 3414 2392 3449 sua
2406 3416 2536 3464 prae·

1470 3476 1575 3537 dia,
1620 3490 1840 3538 suasque
1889 3474 2089 3529 domus,
2120 3473 2438 3538 frequentat,-
2496 3479 2537 3527 is

1471 3567 1573 3603 non
1606 3562 1685 3601 est
1712 3552 1849 3613 talis,
1885 3553 1971 3614 qui
1996 3551 2266 3600 immensas
2291 3556 2539 3615 possessi-

1471 3644 1596 3678 ones
1618 3629 1797 3690 habet,
1819 3642 1946 3691 quas
1970 3628 2082 3691 ipse
2107 3642 2206 3676 non
2230 3628 2447 3687 habitat,
2473 3646 2535 3681 ac

1469 3721 1535 3755 ne
1558 3707 1704 3755 novit
1729 3706 1969 3770 quidem3
2003 3707 2166 3771 qualis
2182 3717 2296 3756 erat
2316 3709 2537 3757 Trimal-

1470 3784 1552 3832 cio
1598 3783 1966 3844 petronianus,
2004 3798 2099 3845 per
2137 3798 2288 3845 quiem
2334 3785 2537 3846 Caium,

1469 3861 1691 3910 aliumve
1727 3861 2070 3909 insatiabilem
2107 3861 2413 3922 principem,
2446 3861 2536 3909 de·

1467 3937 1663 3999 signari
1685 3936 1818 3997 dixi;
1856 3938 1963 3999 qui,
1996 3951 2044 3985 c.
2065 3937 2535 4002 sajactabundus,

1466 4016 1481 4042 ‘
1511 4010 1741 4068 Vinum‚'
1763 4012 1951 4075 inquit,
1979 4013 1994 4038 ‘
2016 4012 2059 4059 si
2085 4026 2182 4060 non
2210 4013 2401 4074 placet,
2426 4028 2536 4061 mu-

1468 4088 1613 4139 tabo.
1678 4089 1910 4137 Deorum
1947 4087 2203 4137 beneficio
2247 4103 2348 4138 non
2389 4105 2536 4153 emo;

1470 4167 1565 4217 sed
1589 4180 1743 4229 nunc,
1767 4166 2018 4230 quidquid
2046 4166 2110 4214 ad
2145 4165 2356 4216 salivam
2389 4166 2539 4232 facit,

1472 4244 1523 4292 in
1550 4241 1846 4292 suburbano
1869 4241 2101 4289 nascitur
2123 4254 2260 4301 meo,
2283 4245 2416 4305 quod
2441 4260 2540 4308 ego

1472 4319 1641 4368 adhuc
1665 4331 1764 4367 non
1789 4315 1946 4371 novi,'
1965 4317 2063 4366 διο.
2130 4317 2262 4380 (Ubi
2286 4319 2431 4371 vides
2455 4337 2545 4371 ex-

1477 4398 1706 4461 emplum
1728 4393 1923 4445 domini
1954 4408 2048 4445 sua
2073 4394 2207 4446 bona
2227 4399 2551 4462 nescientis.)
