3060 4902
766 399 832 447 c.
879 396 1126 445 anu
1176 395 1510 445 saeuum
1562 395 1837 447 mnne.
1912 399 1960 444 1.
1991 385 2099 447 54.

319 553 386 588 eo
405 537 620 589 nomine
634 537 808 600 ludos,
823 543 878 586 et
903 537 1199 602 ubicunque
1226 543 1393 588 certa·

320 631 460 676 men,
498 615 760 678 intelligi3
803 615 938 679 quod
979 616 1140 664 etiam
1173 616 1393 672 monuit,

322 693 526 743 Qnoest.
557 692 733 755 Epist.
757 705 813 739 v.
837 695 913 739 1⁵.
941 698 998 740 et
1033 692 1202 741 Elect·
1225 705 1286 740 n.
1313 696 1391 742 10.

321 768 592 817 Preterea
624 773 679 816 et
711 767 1046 817 casaubonus
1078 767 1143 815 ad
1169 768 1389 817 Sueton-

316 845 351 894 1.
368 858 417 892 c.
437 843 680 903 tradidit,
697 843 835 905 apud
854 843 1081 892 Plinium
1101 843 1389 893 rescriben-

318 920 444 970 dum
490 934 606 969 esse
646 919 1065 970 commissionibus.
1149 921 1394 974 Dubites,

317 1007 492 1047 utram
511 996 846 1060 amplectaris
864 1010 1044 1046 vocem
1062 1011 1078 1058 ς
1115 1011 1229 1045 cum
1248 1007 1391 1045 utra-

316 1073 452 1124 libet
479 1074 652 1123 locum
679 1074 867 1124 babere
891 1075 1076 1137 possit.
1142 1073 1244 1122 Sed
1272 1088 1390 1136 pos-

317 1151 570 1199 teriorem
627 1150 925 1212 lectionem,
971 1150 1391 1210 commissionibus,

318 1223 531 1276 demum
568 1227 844 1287 cellarius,
873 1228 1109 1286 Paterni,
1135 1234 1190 1276 et
1225 1242 1390 1289 nuper

317 1300 634 1353 Aminnias
673 1311 831 1366 atque
866 1304 1133 1353 Gesnerus
1174 1316 1389 1365 recepe-

315 1387 463 1436 tunt.
481 1380 645 1428 solam
667 1379 843 1429 secuti
862 1380 1218 1442 conjecturam
1255 1380 1389 1429 Livi·

318 1455 449 1510 neii.
469 1456 657 1518 Lipsii,
680 1463 737 1505 et
761 1456 1069 1510 casauboni,
1087 1458 1226 1505 nullo
1247 1471 1389 1520 pror·

315 1546 405 1580 sus
443 1531 800 1595 adstipulante
839 1532 919 1581 vel
954 1532 1135 1582 codice
1174 1533 1389 1596 scripto,

317 1608 403 1656 vel
426 1607 646 1670 antiqua
666 1607 912 1656 editione.
971 1608 1044 1657 At
1065 1623 1179 1657 curn
1199 1623 1295 1668 ego
1313 1612 1389 1658 sic

315 1681 614 1732 induxerim
638 1683 883 1743 animum,
905 1691 981 1743 ut,
999 1683 1169 1747 quoad
1195 1700 1258 1732 ex
1281 1686 1386 1732 vul-

316 1768 464 1822 gata.
496 1766 554 1808 et
589 1760 817 1808 omnium
852 1759 1098 1810 librorum
1132 1775 1389 1810 consensu

315 1835 631 1886 confirmata
665 1836 911 1892 lectione,
952 1844 1074 1898 apta
1118 1845 1175 1885 et
1217 1838 1389 1886 Plinio

314 1914 477 1976 digna
514 1911 734 1976 prodeat
768 1914 1051 1974 sententia,
1085 1913 1275 1962 nullam
1312 1912 1385 1963 fa·

316 1992 423 2042 cilo
444 2006 510 2041 ex
534 1992 646 2041 solo
668 1991 878 2054 ingenio
898 1990 1186 2054 profectam
1205 1992 1387 2041 admit·

315 2077 428 2118 tm
464 2068 834 2128 mutationem3
867 2069 1075 2118 omniuo
1105 2070 1261 2118 etiam
1292 2069 1388 2118 hoc

312 2146 370 2196 in
409 2145 524 2194 loco
556 2146 822 2209 vulgatam
850 2146 1123 2195 lectionem
1156 2145 1273 2196 ideo
1306 2155 1387 2195 tu-

313 2221 506 2273 eninm
537 2221 694 2272 duco.
763 2223 888 2285 lpse
924 2223 1128 2285 Lipsius
1149 2224 1261 2284 jam
1298 2237 1386 2284 ag·

314 2301 484 2356 novit,
505 2301 688 2363 ‘posse
712 2298 919 2363 quidem
937 2301 1012 2348 sic
1030 2299 1152 2360 legi,
1172 2298 1262 2346 sed
1284 2315 1386 2348 non

313 2375 566 2435 dobere?
599 2375 650 2424 h.
670 2390 719 2424 e.
742 2375 931 2423 nullam
963 2389 1079 2423 esse
1105 2376 1386 2424 necessita·

314 2462 424 2502 tem
459 2451 612 2516 hujus
644 2451 873 2515 antiquas
898 2450 1134 2501 lectionis
1160 2466 1384 2500 commu-

314 2530 495 2581 tanda
520 2545 637 2580 enm
656 2529 787 2590 alia3
824 2543 941 2577 nam
963 2528 1118 2577 licere
1136 2529 1291 2578 etiam
1309 2544 1386 2577 co·

312 2607 670 2657 mai-aihu
692 2606 919 2654 retinere
940 2613 996 2654 et
1021 2607 1155 2655 tueri
1181 2622 1196 2666 ;
1231 2611 1245 2633 ‘
1269 2606 1388 2667 qnia

314 2683 558 2738 oemdi.
577 2681 870 2743 citharoedi,
895 2683 1107 2746 lyristae,
1131 2692 1185 2732 et
1211 2682 1260 2731 id
1295 2698 1386 2745 ge-

313 2774 430 2823 nus,
452 2761 609 2810 etiam
633 2759 825 2809 mensis
843 2757 1170 2809 oberrarint.’
1223 2760 1387 2809 Nulla

311 2849 443 2898 ergo
460 2849 584 2884 sera
606 2849 790 2884 caussa
810 2843 1053 2896 apparet,
1071 2850 1163 2884 cur
1186 2850 1283 2884 vox
1307 2852 1385 2884 co-

311 2912 672 2961 monibus
699 2911 766 2960 de
800 2910 1012 2974 antiqua
1042 2922 1099 2960 et
1128 2918 1386 2973 perpetua

316 2989 646 3052 ponessione
663 2988 732 3037 sit
753 2986 1061 3050 dejicienda.
1112 2987 1246 3037 Haec
1262 3003 1384 3038 con·

316 3064 706 3114 venientissime
749 3062 977 3112 coheret
1019 3076 1134 3113 cum
1179 3070 1384 3112 antece-

312 3142 556 3193 dntibus
570 3150 623 3190 et
640 3139 1072 3203 subsequentibus
1089 3139 1259 3189 verbis
1277 3139 1386 3188 Pli-

313 3220 407 3270 nii·
464 3220 754 3283 Postquam
774 3217 911 3266 euin
935 3217 1019 3266 bic
1037 3216 1260 3277 dixerat,
1277 3219 1384 3266 nul·

310 3298 421 3346 lans
443 3296 668 3345 antehac
690 3295 859 3344 locum
878 3295 1066 3342 misera
1092 3294 1385 3345 adulatione

313 3372 569 3423 nmine
584 3385 834 3432 vacuum3
858 3370 969 3420 sine
987 3370 1165 3427 dubio,
1181 3381 1236 3422 et
1256 3371 1382 3435 pub·

310 3450 439 3513 lica,
471 3457 530 3498 et
564 3448 787 3511 privata,
806 3446 1067 3498 intellexit
1100 3447 1233 3497 loca.
1304 3446 1384 3496 ΑιΙ

311 3527 530 3592 publica
584 3526 696 3574 ioca
741 3522 941 3574 referre
995 3523 1118 3573 licet
1160 3526 1175 3551 ‘
1199 3522 1385 3587 ludos,'

309 3602 440 3666 (snb
469 3600 659 3666 quibus
686 3600 844 3650 etiam
874 3599 1242 3662 comprehendi
1268 3615 1385 3662 pos·

308 3687 435 3727 snm
454 3680 473 3707 ⁸
497 3673 944 3739 eom-iniones,’)
964 3676 981 3704 ‘
998 3676 1298 3725 histriones’
1330 3677 1381 3726 in

308 3769 493 3819 socna,
511 3761 569 3804 ct
588 3753 607 3781 ‘
626 3752 811 3803 laudes
833 3767 864 3801 a
885 3754 1100 3801 consule
1115 3756 1129 3777 ¹
1156 3753 1205 3802 in
1239 3754 1388 3803 curia

307 3832 517 3883 dictast
562 3832 626 3880 ad
668 3831 893 3894 privata,
931 3827 948 3857 ⁴
971 3830 1384 3892 comissationes,

309 3917 367 3959 et
391 3909 583 3972 pocula
599 3906 636 3969 ς’
666 3906 731 3956 ad
753 3913 1028 3969 utrumque
1047 3907 1275 3956 locorum
1296 3921 1384 3971 ge·

307 4003 426 4048 nus,
448 3997 471 4034 ⁸.
489 3986 820 4039 effeminatas
850 3999 1027 4046 voces,
1050 3987 1246 4042 modos,
1271 4001 1384 4049 ges-

307 4063 440 4127 tosg’
473 4066 599 4128 quia
638 4060 933 4116 citharoedi,
971 4061 1187 4123 lyristoe,
1226 4063 1383 4118 mimi,

308 4149 366 4192 et
384 4141 440 4191 id
462 4154 650 4206 genus,
674 4138 832 4188 etis·
854 4137 905 4186 in
928 4138 1155 4188 triclinia
1176 4138 1385 4190 admissi

309 4225 446 4275 sant,
479 4223 643 4282 prout
680 4214 1031 4264 demonstravi
1071 4215 1124 4264 in
1159 4216 1380 4265 Excurs.

310 4307 439 4346 ην.
477 4294 494 4324 ‘
516 4289 951 4357 Cor-missione&
979 4297 1156 4342 autera
1186 4292 1251 4342 ad
1275 4292 1290 4320 ‘
1308 4294 1383 4343 lu-

2401 383 2535 447 775

1468 536 1592 588 dos'
1622 537 1956 603 pertinuisse,
1979 547 2035 589 et
2069 539 2168 590 sub
2195 539 2275 590 bis
2295 554 2533 605 compre-

1466 616 1623 665 hendi
1645 617 1897 680 potuisse,
1919 632 2070 666 nemo
2084 618 2208 679 jure
2233 621 2500 682 negaverit
2518 636 2536 669 t

1466 692 1591 756 quia
1618 694 1902 741 certamina
1930 707 2030 742 non
2057 701 2254 742 tantum
2280 695 2535 757 gladiato·

1467 782 1580 816 rum
1613 778 1666 817 et
1699 770 2026 825 athletarum,
2051 769 2144 818 sed
2167 771 2322 820 etiam
2352 770 2535 835 poe‘ta-

1467 859 1578 894 rum
1610 852 1667 894 et
1694 852 1976 904 oratorum,
2003 846 2210 908 publice
2241 862 2448 911 quoque
2476 851 2536 900 in

1467 924 1674 972 theatro
1708 930 1764 972 et
1793 923 2171 984 amphitheatro
2194 924 2531 977 institueban-

1470 1008 1567 1049 tur.
1638 998 1701 1046 Id
1726 1001 1838 1061 ipse
1860 999 2054 1048 indicat
2078 999 2215 1048 Plin-
2236 1001 2403 1064 Epist.
2431 1016 2533 1052 vir.

1465 1078 1548 1124 24.
1594 1072 1611 1100 ‘
1639 1075 1897 1124 Proximis
1933 1075 2343 1126 sacerdotalibus
2378 1078 2533 1135 ludis,

1466 1151 1734 1215 productis
1779 1152 1829 1199 in
1874 1152 2232 1201 commissione
2275 1155 2533 1217 pantomi-

1466 1228 1581 1289 mis,
1606 1241 1722 1276 cum
1759 1227 1908 1276 simul
1940 1229 2142 1278 theatro
2172 1243 2288 1292 ego,
2312 1237 2367 1278 et
2391 1230 2537 1281 Qua-r

1465 1305 1661 1366 dratus,
1697 1306 2081 1368 egrederemur,
2113 1308 2187 1354 ait
2221 1307 2364 1368 mihi,
2399 1309 2532 1372 Scis,

1465 1396 1547 1429 me
1582 1381 1734 1430 hodie
1773 1382 1990 1443 primurn
2029 1383 2214 1432 vidisse
2250 1384 2529 1435 saltantem

1465 1458 1597 1507 aviae
1640 1473 1767 1506 meae
1812 1458 2053 1507 libertum
2074 1458 2108 1506 ?'
2196 1460 2360 1509 Sicuti
2402 1476 2533 1525 ergo

1466 1535 1770 1584 vocabulum
1806 1535 2227 1595 commissionibus,
2264 1537 2307 1584 si
2343 1538 2533 1600 recipi·

1463 1617 1599 1667 atur,
1645 1609 1756 1660 fere
1806 1610 2121 1675 superfluum
2175 1610 2311 1662 foret
2339 1626 2355 1672 ;
2412 1628 2532 1663 cum

1464 1693 1480 1715 ⁴
1503 1687 1921 1736 commissiones'
1954 1688 2064 1750 jam
2105 1689 2311 1737 nomine
2346 1691 2360 1715 ‘
2385 1690 2533 1739 ludo-

1466 1763 1612 1813 rum’
1654 1773 1710 1814 et
1749 1764 2099 1813 ‘ludicrarum
2141 1764 2363 1814 ortium'
2402 1765 2532 1814 satis

1464 1841 1839 1904 designentur3
1874 1842 1951 1889 ita
1987 1840 2239 1890 vocabulo
2261 1842 2531 1890 sensisseti-

1462 1918 1645 1978 mribus,
1687 1918 1949 1978 peculiare
1996 1931 2159 1979 genus
2200 1918 2534 1980 adulationis,

1463 1994 1599 2059 quod
1626 1995 1942 2056 potissimum
1963 1994 2013 2041 iu
2039 1995 2254 2057 privatis
2280 1996 2403 2044 locis
2424 1995 2531 2045 fre-

1464 2077 1766 2133 quentatum
1792 2068 1911 2126 fuit,
1929 2068 2228 2129 denotatur,
2245 2079 2402 2135 atque
2427 2073 2532 2121 lec·

1465 2146 1665 2196 toribus
1702 2153 1979 2195 revocatur
2015 2146 2067 2193 in
2107 2155 2353 2196 mentem.
2387 2147 2404 2175 ‘
2431 2149 2530 2197 Co-

1465 2224 1664 2272 missari
1678 2222 1689 2243 ’
1715 2224 1850 2271 enim
1872 2223 2081 2284 proprie
2101 2222 2392 2286 dicebatur,
2410 2232 2531 2286 post

1466 2314 1661 2348 eoenam
1692 2298 1894 2358 epulari
1918 2307 1972 2347 et
2001 2305 2202 2360 potare.
2271 2300 2431 2360 Nam,
2452 2314 2530 2349 se-

1463 2375 1686 2424 cundum
1715 2375 1944 2430 Festum.
1978 2375 2072 2423 boc
2096 2374 2308 2422 verbum
2333 2375 2531 2424 dicitur

1463 2468 1492 2499 a
1510 2453 1652 2512 vicis,
1668 2467 1794 2516 quos
1813 2453 1987 2501 Graeci
2004 2451 2184 2512 κώμους
2199 2450 2400 2501 dicunt.
2429 2461 2443 2482 ⁸
2462 2451 2528 2501 ln

1462 2529 1540 2577 his
1570 2528 1747 2589 enim,’
1775 2529 1961 2593 inquit,
1984 2532 1999 2557 ⁴
2024 2528 2330 2579 babitabant
2363 2529 2532 2592 prius,

1460 2620 1615 2670 quam
1646 2605 1804 2667 opida
1835 2606 2214 2656 conderenturt
2253 2606 2438 2670 quibus
2474 2607 2528 2655 in

1463 2681 1586 2731 locis
1622 2682 1707 2730 alii
1744 2682 1869 2730 alios
1891 2682 2111 2731 convivii
2140 2696 2320 2730 caussa
2344 2682 2528 2732 invita-

1464 2756 1628 2807 bant!
1690 2758 1841 2809 Unde
1867 2759 1933 2808 ab
1957 2760 2018 2807 iis
2045 2758 2414 2821 grammaticis,
2438 2760 2529 2823 qui

1463 2834 1676 2883 Festum
1709 2842 2011 2899 sequuntur,
2035 2835 2283 2883 scribitur
2306 2835 2322 2861 ‘
2347 2836 2530 2885 comis·

1462 2910 1642 2972 satio;’
1677 2922 1792 2974 qun
1826 2925 1925 2959 vox
1961 2910 2085 2958 alias
2116 2910 2168 2957 in
2198 2909 2407 2973 scriptis
2440 2924 2529 2958 ex-

1461 2988 1698 3051 cusisque
1723 2986 1863 3035 libris
1886 3000 2024 3048 sas—pe
2044 2985 2198 3033 etiam
2219 2985 2530 3047 exprimitur

1462 3066 1478 3092 ⁴
1497 3062 1842 3119 comessatio:
1870 3063 2014 3127 quasi
2052 3078 2079 3110 a
2102 3068 2117 3091 ‘
2139 3060 2440 3121 comesum,'
2473 3071 2531 3112 et

1462 3154 1492 3188 a
1524 3140 1691 3189 verbo
1713 3147 1727 3169 ‘
1744 3138 1993 3189 comedo-⁹
2059 3138 2334 3201 Sigillatim
2355 3146 2528 3187 autem

1462 3217 1479 3245 ‘
1499 3217 1910 3266 comissationem
1925 3215 1939 3238 '
1962 3215 2157 3266 dictam
2183 3229 2297 3264 esse
2319 3228 2531 3278 compo-

1463 3295 1713 3342 tationem
1751 3309 1780 3341 a
1817 3308 1982 3355 coena,
2014 3307 2080 3341 ex
2116 3301 2347 3341 veterum
2384 3294 2531 3341 testi-

1463 3370 1649 3418 moniis
1686 3371 1866 3433 liquet.
1935 3370 2151 3418 Sueten.
2182 3370 2341 3419 vitel.
2371 3385 2418 3418 c.
2448 3375 2529 3421 13.

1463 3448 1477 3473 ‘
1505 3446 1609 3496 Sed
1642 3447 1723 3495 vel
1755 3446 2018 3509 praecipue
2051 3445 2264 3494 luxuriae
2289 3447 2533 3495 saevitie-

1461 3539 1562 3589 que
1585 3523 1810 3579 deditus,
1829 3524 2011 3586 epulas
2038 3519 2284 3571 trifariam
2306 3536 2529 3585 semper,

1462 3602 1725 3651 interdum
1745 3599 2136 3665 quadrifariam,
2153 3599 2530 3662 dispertiebat:

1463 3679 1512 3728 iu
1527 3679 1816 3743 jentacula,
1835 3685 1891 3726 et
1910 3676 2145 3740 prandia,
2162 3684 2220 3727 et
2237 3692 2430 3738 coenas,
2444 3692 2530 3726 co·

1461 3753 1926 3818 missationesque!
1982 3752 2067 3803 cf.
2089 3754 2225 3803 idem
2253 3755 2303 3803 in
2328 3756 2530 3804 Domit-

1461 3847 1506 3882 ο.
1527 3836 1609 3881 21.
1667 3830 1747 3879 Ad
1774 3828 2064 3892 hujusmodi
2087 3831 2528 3892 compotationens

1462 3923 1492 3957 a
1515 3921 1664 3956 coena
1688 3906 1846 3954 etiam
1873 3905 2162 3967 respexisse
2187 3905 2392 3953 videtur
2411 3906 2529 3954 Vir·

1462 3986 1631 4048 gilius,
1658 3984 1740 4033 ubi
1770 3983 1993 4032 Didonis
2019 3982 2309 4031 convivium
2335 3983 2527 4031 descri-

1459 4060 1561 4120 bit,
1599 4060 1712 4109 AEn.
1748 4073 1787 4108 ι.
1828 4062 1945 4108 ⁷2⁴.
1991 4057 2006 4083 ‘
2034 4058 2318 4120 Postquam
2363 4058 2531 4119 prima

1459 4139 1607 4202 quies
1628 4136 1817 4198 epulis,
1831 4148 2126 4195 meusaeque
2142 4141 2379 4193 remotae3
2403 4133 2529 4182 Cra-

1460 4222 1602 4263 teras
1633 4226 1846 4275 magnos
1878 4217 2133 4271 statuunt,
2157 4216 2212 4258 et
2237 4209 2354 4258 vina
2383 4224 2529 4259 coro·

1458 4290 1623 4344 nant!
1703 4288 1788 4338 Ad
1825 4302 1939 4354 quae
1975 4286 2135 4336 verba
2169 4286 2383 4337 Servius
2417 4287 2529 4339 baee
