3060 4902
756 425 831 472 0.
882 421 1135 474 ιωικιι
1182 423 1516 476 saeuum
1569 424 1847 474 ranno.
1925 426 1976 474 1.
2022 408 2129 474 12.

315 566 657 634 appellatus:
681 568 790 617 dte.
841 568 1069 618 Petunt.

389 647 508 696 Non
549 645 781 710 eminus]
834 645 913 695 Ut
953 644 1297 707 Domitianus,
1337 643 1404 695 de

326 739 431 789 quo
463 724 682 772 Tacitus
717 723 773 770 in
805 720 990 785 Agric.
1034 724 1273 785 ‘Emptis
1312 736 1406 784 per

331 798 908 862 commercia‚quorum
929 797 1138 848 babitus
1158 808 1211 847 et
1235 798 1405 847 crines

336 876 389 927 in
412 877 748 940 captivorum
769 875 1000 939 speciem
1022 872 1406 923 forniarentur.'

341 955 493 1004 Meni.

408 1031 523 1079 Νοιι
560 1028 785 1093 eruimus]
829 1029 1049 1078 Factum
1089 1026 1408 1087 Domitiano,

342 1108 429 1172 qni
470 1114 526 1155 et
563 1105 726 1155 falsos
769 1105 1009 1167 captivos
1048 1106 1195 1163 emit,
1229 1104 1294 1152 nd
1333 1106 1407 1152 in·

340 1192 691 1233 strumentum
732 1181 996 1243 triumphi.
1080 1180 1295 1229 Tacitus
1339 1178 1408 1228 A·

342 1263 472 1323 tric.
497 1274 615 1322 cap.
637 1263 721 1308 39.
743 1266 758 1287 ⁸
781 1259 944 1308 Buitis
965 1271 1059 1319 per
1083 1257 1411 1312 commercia,

344 1351 562 1400 quornm
586 1336 791 1384 babitus
822 1343 879 1383 et
908 1336 1075 1382 crines
1099 1333 1150 1381 in
1174 1333 1409 1395 captivo·

343 1428 457 1463 rum
479 1413 709 1477 speciem
733 1409 1112 1461 formarentur!
1164 1410 1300 1472 Lips.

412 1491 528 1539 Non
547 1488 771 1552 enimus]
803 1488 888 1536 De
923 1485 1217 1548 anusmodi
1257 1485 1412 1534 mimo

343 1566 647 1616 consulatur
675 1565 799 1612 item
823 1562 1139 1611 'themistius
1175 1561 1412 1612 oratione

345 1642 413 1691 ad
435 1643 716 1692 Valentem
750 1639 891 1703 Imp.
923 1637 990 1687 de
1026 1638 1187 1687 Pace.
1254 1639 1413 1688 Cete-

345 1734 478 1775 rum,
513 1717 807 1780 principum
841 1730 906 1765 ea
945 1729 1061 1763 esse
1096 1715 1321 1778 ingenia.
1354 1722 1413 1765 ut

344 1796 608 1845 nominum
639 1792 811 1858 potins
841 1792 1105 1842 declinent
1131 1791 1413 1854 turpitudi-

344 1887 462 1924 nem
508 1886 661 1935 quarn
706 1885 895 1925 rerum,
930 1867 1249 1918 ostendimus
1289 1870 1414 1917 satis

347 1950 412 2000 ad
450 1951 537 2000 illa
556 1948 728 1998 Taciti
754 1946 888 1996 Auo.
914 1960 1001 1995 ιιι.
1035 1949 1117 1995 33.
1151 1952 1167 1974 ⁴
1191 1945 1413 1993 Facilem

345 2027 623 2077 adsensum
656 2025 833 2085 Gallo,
866 2021 963 2072 sub
988 2019 1285 2071 nominibus
1326 2021 1416 2069 bo·

345 2104 508 2153 nestis
526 2100 785 2152 consessio
799 2099 1043 2149 vitiorum
1058 2105 1113 2148 et
1131 2096 1416 2146 similitudo

346 2180 669 2229 audientium
692 2175 877 2225 dedit)
924 2175 1078 2224 Iden.

414 2254 703 2317 Ingentibus
716 2250 925 2314 duania]
947 2249 1284 2300 pecuniariis.
1311 2249 1416 2299 Sed

346 2333 462 2383 hnc
485 2334 664 2395 priora
687 2340 739 2379 et
769 2329 1044 2392 subjuncta
1078 2330 1245 2378 lucem
1283 2327 1419 2376 acei-

349 2410 496 2476 piant
524 2424 554 2459 a
580 2408 767 2458 Dionis
800 2404 937 2470 loeo,
966 2405 1051 2471 qui
1076 2406 1125 2453 in
1154 2404 1416 2455 Fulvianis

353 2485 701 2549 Fragmentis,
721 2499 773 2547 p.
794 2486 908 2533 ⁴00.
937 2482 1249 2544 publicatus.
1307 2481 1417 2542 Ait,

349 2577 437 2614 me
473 2569 733 2621 vertente,
773 2566 789 2588 ⁴
813 2559 1138 2608 Domitianus
1177 2558 1345 2607 victus
1389 2573 1420 2606 a

351 2637 742 2689 Marcomannis
774 2643 829 2685 et
863 2633 1093 2697 fugatus,
1116 2634 1256 2683 misit
1282 2635 1420 2684 illico

351 2716 419 2764 nd
437 2713 762 2765 Decebalnm
780 2713 1045 2761 Dacorum
1069 2724 1265 2773 regem,
1283 2725 1419 2760 eum·

352 2805 457 2856 que
480 2788 548 2839 ad
586 2801 765 2851 pacem
797 2785 1061 2836 invitavit.
1130 2787 1301 2836 Quam
1332 2786 1419 2832 ille

354 2866 608 2929 suscepit,
643 2877 739 2914 nee
778 2863 851 2912 sic
888 2869 1084 2924 tamen,
1117 2867 1175 2909 nt
1209 2861 1320 2923 ipse
1354 2859 1420 2908 ad

351 2941 712 2992 Domitianum
764 2937 1003 2988 veniret:
1059 2937 1151 2987 sed
1196 2938 1418 3001 Diegem

354 3016 616 3083 quendam
656 3014 812 3072 misit,
845 3015 936 3079 qni
978 3027 1124 3064 arma
1161 3029 1323 3077 panea
1363 3022 1420 3065 et

353 3096 517 3158 viros,
539 3093 685 3157 qnasi
720 3090 975 3154 captivos,
998 3089 1252 3140 truderet.
1319 3090 1420 3139 Eo-

355 3185 460 3238 que
497 3169 660 3225 facto.
684 3166 1031 3224 Domitianus,
1068 3174 1125 3216 nt
1158 3180 1283 3215 vere
1313 3167 1420 3216 vic·

356 3257 462 3304 tor.
485 3247 728 3298 diadema
748 3245 904 3310 Diegi
938 3244 1186 3307 imposuit
1207 3243 1421 3309 (nempe

355 3327 454 3389 illi,
475 3326 568 3376 aed
593 3324 643 3374 in
669 3323 834 3373 vicem
866 3335 1156 3388 nomenque
1191 3322 1421 3371 absentis

355 3397 647 3464 Decebali)
689 3404 946 3464 tamquam
991 3406 1047 3446 et
1089 3398 1201 3461 ipse
1244 3412 1420 3458 regem

359 3478 525 3530 Dacis
547 3478 674 3527 dare
693 3479 896 3539 posset:
927 3480 982 3522 et
1005 3474 1252 3522 militibus
1275 3488 1422 3522 coro·

357 3570 473 3618 nas,
494 3562 550 3604 et
570 3551 707 3602 dona
727 3550 1046 3616 pecuniaria,
1068 3549 1267 3599 divisit.
1320 3549 1422 3599 Ro·

357 3646 511 3682 mam·
541 3630 702 3679 etism
744 3627 892 3692 qnasi
931 3627 1120 3688 victor,
1158 3639 1273 3675 cum
1321 3627 1423 3675 alia

357 3708 524 3768 misit,
545 3713 655 3755 tum
678 3710 734 3752 et
764 3703 986 3766 legatos,
1008 3709 1066 3751 nt
1089 3717 1118 3750 a
1142 3701 1423 3764 Decebalo,

360 3794 419 3836 et
456 3781 729 3847 epistolam
775 3780 842 3829 ab
880 3779 1082 3839 eodem,
1116 3794 1267 3844 quam
1311 3779 1424 3844 ipse

359 3872 534 3915 tamen
554 3858 821 3910 ferebatur
839 3857 1177 3907 confinxisse:
1201 3865 1255 3907 et
1280 3872 1423 3921 pom.

359 3955 478 4007 pom
504 3936 871 4000 triumphalem
907 3935 1179 3998 splendide
1208 3935 1426 3984 adorna·

359 4019 456 4075 vit,
501 4030 606 4066 nou
647 4026 715 4062 ex
756 4013 817 4061 iis
857 4025 1000 4073 sane,
1041 4025 1157 4076 quae
1201 4012 1314 4075 ipse
1359 4012 1425 4061 ab

358 4093 596 4144 hostibus
619 4090 885 4153 cepisset;
920 4101 1036 4136 nam
1070 4088 1239 4137 omnia
1272 4089 1428 4138 aliter

362 4177 531 4231 erant,
554 4175 713 4232 atque
748 4159 881 4214 ndeo
908 4165 1119 4212 multam
1154 4166 1426 4228 pecuniam

364 4249 426 4298 ad
466 4257 652 4310 pacem
687 4242 819 4292 bane
853 4239 1122 4289 emendam
1156 4250 1211 4291 et
1250 4244 1428 4292 statim

363 4320 567 4385 effudit,
601 4325 662 4369 et
697 4317 750 4370 in
790 4322 1054 4381 posterum
1088 4316 1244 4368 etiam
1278 4317 1429 4370 datu-

2417 408 2550 475 48⁵

1478 581 1598 619 rum
1630 582 1687 618 se
1723 568 1992 632 promisit3
2028 572 2286 631 praterea
2319 566 2548 619 artifices

1482 654 1540 696 et
1557 647 1823 709 operarios
1845 660 1996 695 omne
2022 660 2200 707 genus,
2222 647 2301 695 vel
2326 646 2443 710 paci
2466 647 2548 696 vel

1483 722 1622 771 bello
1645 722 1819 781 utiles,
1841 722 2112 770 Decebalo
2145 721 2388 770 donavit:
2427 736 2549 778 non,

1484 801 1715 863 inquam,
1750 814 1816 846 ex
1856 801 2072 847 boatium
2113 799 2310 857 spoliis,
2352 799 2443 846 sed
2483 812 2550 847 ex

1485 875 1856 938 principalibus
1883 874 2093 921 tributis
2119 873 2401 921 instruxit.'
2453 875 2553 929 En,

1485 966 1667 1014 pacem
1702 966 1733 999 a
1769 949 2074 999 Domitiano
2113 957 2322 1004 emtam,
2357 964 2422 998 en
2461 951 2554 999 mi-

1485 1029 1648 1076 micos
1674 1026 1984 1089 triumphos!
2025 1024 2201 1088 Atque
2224 1026 2290 1074 ab
2313 1026 2387 1074 his
2414 1028 2554 1089 prin·

1487 1105 1637 1166 cipiis
1674 1106 1732 1169 (o
1772 1103 2009 1160 Romani,
2040 1117 2140 1166 quo
2177 1103 2340 1152 ivistis
2358 1103 2404 1166 ?)
2437 1119 2555 1167 pas·

1488 1184 1581 1230 sim
1621 1191 1804 1244 postea
1843 1180 2048 1229 barbari
2085 1194 2213 1229 auro
2255 1180 2473 1229 redemti
2499 1188 2556 1230 et

1490 1258 1746 1307 adstricti.
1779 1257 1944 1306 Attila
1969 1272 2060 1304 rex
2086 1258 2253 1305 facete
2280 1256 2333 1305 id
2358 1256 2556 1319 objecit

1489 1346 1547 1385 et
1583 1337 1900 1399 suggillavit,
1938 1337 2320 1385 narratiuncula
2364 1336 2556 1385 veteris

1489 1414 1784 1477 scriptoris,
1806 1412 1943 1475 apud
1968 1413 2177 1462 Suidam
2201 1431 2214 1463 ;
2249 1416 2263 1440 ⁴
2285 1414 2414 1463 Cum
2441 1415 2555 1464 Me·

1490 1488 1790 1552 diolanurn‚'
1816 1490 1997 1553 inquit,
2020 1492 2036 1518 ‘
2056 1490 2299 1551 cepisset,
2315 1490 2557 1539 vidisset-

1491 1580 1593 1630 que
1634 1567 1707 1615 ibi
1751 1567 1802 1614 in
1845 1566 2069 1628 pictura,
2106 1566 2369 1614 Romanos
2418 1567 2559 1629 prin-

1491 1642 1636 1704 cipes
1660 1642 1791 1690 solio
1814 1656 1971 1690 aureo
2003 1642 2310 1704 insidentes,
2333 1643 2558 1705 Scythas

1491 1726 1667 1767 autem
1708 1719 1769 1767 iis
1813 1718 1879 1767 ad
1920 1719 2082 1782 pedes
2120 1721 2395 1783 jacentes3
2445 1722 2560 1782 ipse

1492 1802 1689 1853 contra,
1723 1808 1836 1842 sese
1862 1795 2018 1857 jussit
2056 1796 2199 1858 pingi
2235 1796 2363 1844 solio
2402 1796 2561 1844 anbli-

1491 1883 1647 1931 mem,
1691 1870 1948 1919 Romanos
1993 1880 2166 1919 autem
2213 1874 2560 1935 imperatores

1492 1947 1724 1995 sacculos
1762 1947 1986 1997 inumeris
2028 1948 2279 2011 bajulare,
2299 1958 2354 1999 et
2379 1962 2561 2000 aurum

1493 2022 1762 2072 effundere
1788 2024 1850 2072 ad
1876 2025 1985 2088 ejus
2012 2027 2211 2088 pedes.'
2277 2027 2410 2076 Haec
2444 2029 2564 2078 Sui·

1492 2101 1586 2149 das
1610 2101 1660 2147 in
1685 2100 1913 2163 Κόρυκος.
1963 2102 2116 2151 Idem.

1560 2176 1842 2238 Ingentibus
1857 2178 2067 2241 damnis]
2094 2179 2415 2229 Vocabulum
2430 2182 2563 2230 dum-

1492 2253 1571 2300 nis
1612 2253 1677 2301 ab
1723 2255 1962 2301 omnibus
2011 2254 2297 2304 editoribus
2344 2257 2566 2306 antebac

1494 2337 1575 2376 est
1602 2331 1922 2391 evulgatum.
1989 2330 2051 2377 In
2075 2331 2254 2380 codice
2291 2347 2405 2381 meo
2441 2333 2564 2395 lego

1492 2405 1668 2464 donin
1719 2420 1871 2469 quam
1922 2405 2197 2456 lectionem
2240 2421 2341 2456 non
2383 2409 2564 2471 paucis

1496 2483 1746 2545 exemplis
1791 2483 2131 2544 comprobare
2175 2484 2315 2532 nisus
2358 2499 2469 2532 sum
2511 2486 2562 2535 in

1497 2561 1717 2608 Excurs.
1741 2573 1864 2609 xix.
1924 2559 2167 2609 Nondum
2196 2570 2369 2610 tamen
2396 2562 2562 2612 audeo

1495 2636 1766 2699 pristinam
1791 2645 1845 2685 et
1872 2636 2063 2701 ubique
2094 2639 2354 2700 vinigatam
2380 2655 2563 2690 vocem

1496 2711 1563 2760 de
1588 2713 1914 2775 possessione
1940 2729 2033 2762 sua
2056 2712 2303 2776 dejicere.
2330 2718 2564 2780 quamvis

1496 2788 1632 2835 hand
1675 2787 1931 2837 destituar
1976 2791 2174 2840 calculo
2220 2791 2566 2841 Gesneriano.

1495 2864 1741 2913 Fortasse
1780 2864 1978 2913 Plinius
2020 2880 2165 2929 oeque
2207 2867 2340 2915 bene
2383 2867 2564 2918 dicere

1497 2941 1689 3004 potuit,
1712 2942 1896 2989 damnis
1916 2957 2066 2990 emere
2098 2948 2146 2990 et
2171 2943 2350 3004 pacisci
2381 2960 2565 3006 pacem,

1497 3030 1562 3063 ac
1599 3015 1914 3064 Claudianus
1949 3015 2016 3063 de
2054 3016 2210 3066 Cous.
2245 3032 2323 3066 tv.
2365 3019 2567 3068 Honor.

1494 3094 1613 3139 4⁵6.
1650 3090 1803 3146 dixit,
1853 3091 1868 3116 ‘
1891 3091 2203 3139 Germanica
2237 3091 2440 3141 foedera

1498 3167 1676 3215 Marte
1701 3166 1793 3214 sed
1819 3166 2057 3228 ancipiti,
2083 3167 2174 3216 sed
2199 3168 2376 3218 multis
2401 3169 2564 3219 cladi-

1498 3242 1615 3297 bus.
1637 3241 1810 3292 emta.'
1856 3243 2094 3293 Sckwurz.

1551 3320 1874 3383 Paciscimur]
1903 3320 2134 3370 Allusum
2156 3336 2362 3385 semper
2377 3321 2441 3371 ad
2460 3324 2568 3372 Do-

1498 3399 1788 3449 mitianum.
1858 3396 2080 3447 Abunde
2114 3400 2310 3462 Xipliil.
2345 3401 2567 3449 Pater-ol.

1566 3475 1870 3537 Muneribus,
1910 3476 2216 3538 paciscimur]
2270 3476 2455 3525 Claud.
2497 3476 2566 3526 de

1498 3552 1665 3602 Stilic.
1732 3553 1868 3604 ‘Qui
1911 3566 2006 3601 nec
2047 3551 2369 3615 principibus
2416 3552 2569 3601 donis

1500 3628 1842 3691 precibusque
1885 3629 2057 3677 vocati
2094 3629 2402 3686 Parnersnt,
2430 3629 2565 3692 jussi

1500 3703 1822 3767 properant!
1870 3705 2012 3767 Lips.

1573 3780 1782 3840 Rogant.
1822 3781 2111 3844 supplicant]
2163 3780 2270 3829 Dio
2311 3780 2363 3828 in
2404 3781 2564 3843 Frag-

1502 3858 1723 3905 mentis:
1766 3854 1880 3903 Ὀτι
1911 3858 2134 3904 πλεῖσται
2172 3855 2280 3904 ὅσαι
2315 3859 2570 3918 πρεσβεῖαι

1500 3933 1616 3997 πρὸς
1635 3932 1863 3996 Τραϊανὸν
1885 3932 2011 3994 παρὰ
2041 3931 2294 3997 βαρβάρων
2315 3934 2481 3983 ἄλλον
2509 3952 2566 3984 τε

1502 4010 1580 4059 καὶ
1603 4011 1768 4058 ‘invasu
1788 4006 2032 4070 ἀφίκοντο·
2092 4011 2232 4066 Quod
2260 4012 2385 4059 curii
2406 4012 2572 4058 multi-

1503 4102 1594 4151 que
1613 4087 1782 4149 legati,
1804 4102 1907 4134 cum
1926 4085 1986 4134 ab
2007 4086 2118 4134 aliis
2139 4085 2372 4147 barbaris,
2394 4092 2496 4133 tum
2519 4090 2568 4134 et

1502 4163 1564 4213 ub
1585 4163 1743 4224 Indis,
1769 4164 1833 4210 ud
1861 4161 2116 4221 Trajnnum
2151 4160 2381 4210 venerint.
2452 4159 2567 4208 Etsi

1504 4243 1619 4291 haec
1649 4241 1811 4304 magis
1850 4250 2034 4304 postea
2069 4247 2234 4301 gesta,
2269 4236 2406 4285 sicut
2427 4246 2482 4286 et
2506 4238 2567 4286 il·

1506 4319 1615 4379 lud,
1646 4315 1786 4383 quod
1820 4315 1871 4365 in
1911 4314 2094 4366 Dionis
2126 4310 2432 4376 compendio
2453 4318 2562 4360 esti
