3060 4902
781 351 849 402 c.
897 349 1145 402 vuum
1194 350 1529 403 suenum
1580 353 1856 404 nuuc.
1935 356 1984 406 1.
2012 339 2123 406 68.

339 494 387 550 1.
407 509 458 556 ο.
492 495 621 547 mali
658 494 923 560 principes
953 496 1179 547 omnium
1201 495 1408 547 omnino

334 574 724 640 provinciarum
751 573 1132 638 pmsidumque
1154 572 1408 623 defectio·

333 666 452 702 nem
476 665 631 716 neque
651 650 976 707 metuebant,
995 650 1038 700 si
1059 664 1160 699 nou
1183 649 1248 699 ad
1275 664 1405 714 prae·

335 728 593 791 scriptum
636 735 844 790 tempus
883 725 1198 776 advenirent
1240 727 1407 776 nuntii

334 803 402 855 de
427 804 665 868 prestito
678 802 1048 866 jnrejurando,
1064 803 1303 867 votisque
1327 817 1408 854 so·

335 882 579 933 lennibus
610 882 662 931 iu
698 880 931 932 futurum
970 889 1178 946 tempus
1214 897 1407 932 nuncu·

335 959 509 1024 petis3
554 973 670 1009 cum
710 973 865 1009 nemo
902 957 1054 1010 facile
1091 966 1234 1010 esset
1270 960 1409 1009 inter

336 1035 611 1100 presides,
635 1037 721 1100 qui
752 1050 857 1085 uon
894 1035 1073 1092 baberi
1112 1043 1288 1101 posset
1314 1038 1406 1086 im-

337 1113 485 1178 perio
519 1112 745 1177 dignior.
809 1113 928 1165 Jam
956 1129 1101 1177 vero,
1125 1114 1260 1179 quod
1295 1115 1406 1164 Sal·

334 1188 522 1239 iustius
557 1188 633 1238 ait
655 1188 707 1238 iu
732 1188 891 1238 Catil.
911 1203 1030 1252 cap.
1054 1195 1103 1239 7.
1139 1191 1155 1219 ‘
1175 1190 1406 1254 Regibus

337 1264 475 1319 boul,
499 1278 654 1328 quam
691 1264 831 1326 mali,
866 1266 1213 1329 suspectiores
1246 1274 1407 1327 sunt3

334 1356 544 1406 semper
566 1342 643 1390 bis
665 1342 836 1392 aliena
868 1343 1035 1394 virtus
1072 1341 1407 1394 formidolosa

335 1417 456 1468 est)
506 1417 755 1467 Schwartz.

404 1494 640 1558 Quisquis
674 1500 746 1544 ese
775 1495 993 1561 dignior]
1034 1496 1096 1546 Iu
1139 1497 1406 1548 codicibus

335 1569 465 1622 Mss.
491 1572 895 1636 salisburgensi,
927 1573 1411 1640 Guelplierbytano,

333 1646 617 1709 Patavino,
639 1657 694 1698 et
718 1663 851 1706 meo,
873 1648 1000 1699 item
1031 1650 1083 1700 iu
1120 1651 1252 1700 libro
1277 1653 1407 1701 Vos-

332 1724 500 1786 siano,
520 1733 575 1774 et
601 1739 733 1775 nuuc
759 1727 812 1775 in
846 1724 1076 1775 editione
1100 1726 1409 1778 Arntzenia·

336 1816 420 1865 na,
439 1817 536 1869 pro
559 1791 686 1852 vo‘ce
708 1804 942 1867 quisquis,
960 1804 1177 1867 legimns
1192 1808 1406 1869 quisque.

334 1878 430 1929 vir
452 1880 595 1930 doct.
621 1879 934 1931 Arutzenins
957 1882 1091 1931 banc
1129 1883 1405 1933 lectionem

334 1957 630 2021 elegantem
664 1971 937 2022 veramque
962 1958 1139 2019 babet,
1165 1958 1406 2024 idemque

334 2034 516 2090 tradit,
537 2035 750 2098 quisque,
773 2034 930 2083 etiam
964 2035 1015 2083 in
1050 2033 1163 2083 aliis
1185 2034 1422 2098 scripto·'

333 2110 501 2170 ribus,
543 2112 628 2159 vel
670 2112 870 2160 centies
913 2125 1009 2174 pro
1040 2112 1272 2175 quisquis,
1314 2127 1404 2162 seu

333 2188 612 2250 quicunque.
662 2188 805 2250 poni.
894 2186 1212 2239 Conferatur
1265 2188 1403 2239 idern

332 2263 400 2311 ad
424 2262 626 2313 Victor.
651 2262 716 2313 de
742 2263 877 2312 Caes.
913 2279 965 2327 p.
985 2268 1101 2313 405.
1171 2266 1291 2315 Nou
1314 2280 1402 2315 ne-

335 2351 417 2401 go,
439 2339 633 2402 quisque
649 2347 704 2388 et
721 2340 934 2403 quisquis
957 2340 1094 2390 inter
1117 2354 1173 2388 se
1198 2356 1403 2405 permu-

336 2414 433 2463 tari
458 2415 662 2478 solere;
698 2415 788 2465 sed
809 2417 1000 2467 nullam
1025 2418 1274 2481 majorem
1297 2419 1405 2468 ele·

335 2490 561 2552 gentiam
597 2491 646 2540 in
680 2490 778 2540 ista
813 2495 1194 2555 permutatione
1217 2507 1404 2555 agnos·

335 2579 414 2623 co,
455 2580 625 2631 neque
662 2568 943 2631 quidquam
989 2568 1138 2618 video
1177 2571 1405 2619 necessi-

335 2641 481 2702 tatis,
526 2655 621 2692 cur
662 2643 1068 2706 vulgatissimam
1126 2645 1405 2694 lectionem

334 2718 559 2781 ejiciam.
627 2717 821 2770 Confer
858 2727 1033 2770 notem
1074 2729 1301 2771 nostram
1338 2720 1403 2769 ad

336 2808 496 2845 zxrx.
520 2800 571 2845 8.
607 2796 757 2847 Idem.

403 2871 629 2920 Tardius
675 2871 872 2937 differt]
929 2873 1162 2924 Verbum
1218 2874 1403 2939 differe,

335 2946 455 3009 quia
473 2947 802 3011 conjungitur
817 2963 933 2997 cum
959 2949 1250 2999 nominibus
1273 2966 1405 3000 moro

335 3030 391 3072 et
424 3024 650 3087 tarditas,
675 3032 820 3074 notat
849 3025 947 3075 boc
979 3027 1112 3084 loco,
1146 3035 1403 3077 ‘remora-

335 3098 455 3159 tur:
507 3101 590 3149 vel
646 3101 946 3165 ‘impeditz'
998 3117 1291 3167 quanquam
1348 3113 1405 3154 et

335 3176 462 3226 alias
504 3191 646 3240 soepe
690 3177 966 3242 significat,
1015 3180 1405 3237 ‘interturbat,'

331 3259 347 3282 ⁸
370 3253 672 3311 disturbat,'
708 3255 790 3304 ‘iu
813 3255 1075 3305 diversum
1107 3254 1248 3305 fert!
1316 3258 1404 3308 Itn

334 3331 569 3395 explicat
621 3332 718 3380 boc
763 3331 975 3381 verbum
1034 3332 1279 3380 Donatus
1334 3334 1399 3383 ad

334 3407 548 3457 Terent.
575 3406 738 3457 Andr.
776 3419 842 3456 ιι.
877 3412 929 3457 4.
963 3413 1013 3456 5.
1062 3410 1078 3435 ⁴
1100 3408 1401 3459 Orationem

333 3490 514 3546 sperat
547 3482 806 3532 invenisse
839 3497 916 3543 se,
938 3497 1035 3546 qua
1068 3480 1273 3533 differat
1314 3483 1403 3534 te.’

336 3556 418 3606 Ao
444 3569 598 3621 quem
624 3559 791 3607 locum
816 3558 970 3607 etiam
990 3559 1400 3609 Westerliovius:

328 3633 346 3658 ‘
372 3631 632 3695 Differri,’
690 3633 876 3697 iuquit,
924 3634 1168 3696 ‘proprie
1213 3634 1404 3683 dicitur

333 3721 442 3771 res,
464 3722 604 3773 qnae,
639 3708 728 3757 ubi
763 3708 1047 3772 conjuncta
1083 3718 1240 3759 antea
1272 3718 1402 3768 erat,

331 3782 389 3833 iu
414 3792 595 3847 partes
617 3785 848 3834 diversas
883 3785 1073 3848 agitur,
1100 3794 1154 3835 et
1185 3785 1403 3850 dissipa·

337 3857 455 3908 tur.'
502 3860 588 3909 Sic
610 3861 746 3923 apud
771 3860 925 3909 eund.
946 3862 1155 3910 Terent.
1181 3861 1405 3926 Adelph.

332 3949 398 3986 ιι.
418 3939 468 3984 4.
492 3940 574 3985 40.
615 3936 890 4001 Pamphila
914 3937 1231 4000 parturiens,
1266 3937 1282 3963 ‘
1300 3939 1402 3989 Mi·

329 4024 500 4082 soram
538 4010 667 4060 mel’
699 4012 792 4068 ait,
827 4010 1070 4061 ‘differor
1103 4013 1403 4063 doloribus)

334 4088 506 4140 Etiam
541 4088 718 4137 Plaut.
756 4087 915 4152 Epid.
954 4102 992 4137 1.
1026 4094 1075 4137 2.
1101 4092 1180 4137 15.
1226 4097 1241 4119 ‘
1262 4090 1401 4141 Quin

331 4163 522 4227 edepol
575 4169 787 4226 egomet
839 4164 1067 4215 clamore
1122 4165 1400 4230 defatigor,

332 4238 581 4290 differor)
616 4240 770 4290 Idem.

2423 343 2555 412 899

1553 497 1739 561 Ubique
1756 497 1946 562 jurari]
1981 498 2115 549 Post
2137 504 2259 549 vota
2278 500 2448 563 Jurari
2472 517 2551 554 so·

1481 573 1626 623 litum
1652 575 1958 638 imperatori
1981 591 2012 625 a
2036 575 2365 639 magistratu,
2389 593 2552 641 popu·

1480 650 1655 714 loque,
1694 651 1744 700 ἐς
1779 650 1864 710 τὴν
1900 651 2057 715 ἀρχὴν
2099 652 2267 714 αὐτοῦ,
2309 654 2414 705 Dio
2460 656 2551 706 lib.

1481 741 1643 779 ινιιι.
1677 728 1774 779 ‘de
1797 730 2152 780 conservanda
2175 738 2228 781 et
2253 732 2446 783 tuenda
2471 749 2551 783 sa·

1480 804 1592 855 lute
1629 804 1873 867 Coesaris‚
1909 805 2154 870 dirasque
2198 822 2301 857 non
2338 807 2552 859 facienti

1482 879 1953 943 imprecabantur:'
2000 882 2381 949 addebantque.
2428 886 2551 937 ‘Sa-

1480 957 1661 1013 lutem.
1715 958 2060 1023 honoremque
2113 960 2444 1024 imperatoris
2497 970 2552 1014 et

1482 1032 1711 1096 Augusti
1732 1034 2070 1098 antiquiorem
2110 1036 2209 1086 sibi
2243 1037 2551 1088 chariorem-

1480 1123 1581 1173 que
1624 1108 1854 1160 futurum
1908 1111 2014 1159 suis
2059 1110 2270 1160 liberis-⁸
2338 1115 2552 1165 sueton.

1480 1185 1593 1235 Cal.
1627 1200 1676 1235 c.
1700 1190 1778 1235 15.
1810 1187 1976 1236 Tacit.
1999 1185 2190 1236 Annei.
2217 1201 2317 1238 xv.
2374 1189 2551 1239 'Deni-

1479 1276 1583 1325 que
1620 1269 1674 1312 et
1706 1270 1720 1292 ⁴
1743 1263 1794 1312 in
1833 1270 1951 1312 acte
1987 1261 2139 1326 ejus,'
2170 1264 2337 1314 Tacit.
2357 1263 2552 1316 Annal.

1479 1350 1602 1390 xvi.
1624 1343 1710 1389 22.
1749 1344 1796 1389 1.
1840 1340 1986 1389 Suet.
2006 1340 2122 1390 Tib.
2144 1355 2188 1390 c.
2212 1345 2295 1390 26.
2319 1349 2374 1391 et
2395 1345 2478 1390 6⁷.
2496 1350 2553 1391 et

1477 1416 1494 1444 ⁸
1515 1416 1567 1465 in
1594 1416 1797 1480 agenda
1813 1416 2107 1479 jurabant.'
2170 1418 2278 1467 Dio
2300 1417 2387 1467 lib.
2410 1431 2553 1469 nvn.

1482 1490 1623 1556 Lege
1648 1492 1718 1542 sis
1742 1494 1889 1557 Lips.
1911 1494 2131 1542 Excurs.
2162 1492 2229 1542 ad
2248 1493 2419 1543 Tacit.
2443 1493 2553 1542 An-

1479 1569 1585 1618 nal.
1610 1581 1728 1617 xvi.
1764 1569 1903 1618 Plin.
1935 1568 2106 1631 Epist.
2136 1568 2230 1619 lib.
2254 1581 2313 1618 x.
2346 1569 2553 1633 passim.

1482 1644 1602 1692 Mos
1639 1643 1724 1694 bic
1762 1643 1929 1693 mutui
1961 1643 2310 1707 jurisjurandi
2348 1643 2553 1695 obtinet

1480 1721 1650 1771 adbuc
1685 1722 1736 1771 iu
1771 1722 1963 1783 Gallia,
1996 1727 2053 1771 et
2089 1721 2450 1785 Argentorati,
2476 1724 2552 1772 in·

1480 1814 1582 1864 que
1605 1799 1974 1864 inaugurandis
1996 1800 2184 1849 nostris
2208 1799 2550 1864 principibus.

1480 1875 1635 1925 Ber-n.

1543 1952 1824 2017 suu-averia]
1856 1953 1956 2002 Vel
1988 1953 2040 2003 in
2065 1953 2359 2015 consulatu,
2392 1955 2476 2003 vel
2500 1954 2550 2004 iu

1477 2028 1580 2078 ista
1603 2030 1835 2079 Deorum
1859 2029 2229 2079 obtestatione.
2260 2029 2395 2092 Lips.

1546 2106 1699 2155 Nemo
1740 2106 1829 2155 Ιιοσ
1862 2106 1961 2156 sibi
2002 2121 2098 2154 non
2136 2104 2366 2170 praelat]
2405 2107 2550 2156 Bene

1479 2181 1712 2231 Baunius
1734 2198 1747 2229 ε
1786 2183 1953 2233 Nemo
1976 2191 2079 2244 est,
2100 2183 2225 2247 quin
2251 2197 2345 2232 sua
2367 2198 2552 2233 caussa

1480 2257 1534 2307 id
1581 2257 1760 2315 faciat,
1802 2273 1907 2308 non
1953 2266 2059 2307 tua.
2127 2258 2330 2307 Plinius
2378 2273 2553 2320 supra,

1483 2348 1687 2385 κινιιι.
1712 2342 1761 2385 2.
1798 2345 1813 2367 ‘
1832 2336 1946 2386 Scis
1987 2335 2147 2398 enim,
2175 2335 2273 2383 sibi
2295 2349 2552 2399 quemque

1480 2418 1752 2475 praestare,
1774 2413 1912 2478 quod
1936 2418 1990 2462 te
2015 2410 2231 2474 videat,’
2251 2413 2350 2460 διο.
2415 2411 2551 2461 vide

1479 2488 1553 2538 ibi
1571 2495 1762 2538 notam.
1810 2488 1874 2538 ln
1896 2496 2119 2553 quatuor
2136 2487 2405 2538 codicibus
2424 2488 2552 2539 Mss.

1481 2572 1896 2629 transponuntur
1939 2567 2054 2615 istae
2098 2579 2272 2629 voces,
2314 2581 2407 2615 non
2441 2566 2552 2615 sibi.

1481 2642 1546 2692 ln
1587 2643 2013 2693 antecedentibus
2035 2644 2226 2698 verbis,
2259 2657 2353 2707 pro
2381 2643 2553 2706 ubique

1466 2718 1651 2783 jurari,
1687 2720 1855 2769 codex
1886 2720 2170 2769 Vaticanus
2207 2724 2354 2769 8461.
2392 2720 2552 2770 babet

1478 2796 1685 2858 undique
1705 2795 1888 2857 jurari.
1960 2796 2028 2845 Et
2063 2795 2423 2856 Weinricbins‚
2457 2810 2552 2859 pro

1483 2874 1670 2931 verbis,
1698 2889 1804 2923 cum
1835 2874 1934 2936 ipse
1950 2873 2196 2934 juraveris
2222 2873 2454 2936 omnibus,
2473 2874 2553 2923 in·

1480 2960 1836 3013 congruenter
1857 2949 2043 3008 edidit,
2064 2964 2171 2999 cum
2202 2964 2282 3012 spe
2303 2949 2551 3008 juraveris

1479 3027 1711 3075 omnibus.
1745 3025 2008 3075 Schwarz.

1548 3104 1702 3151 Nemo
1717 3103 1804 3150 hoc
1815 3101 1909 3150 sibi
1930 3115 2023 3149 non
2042 3097 2265 3163 praa-stat]
2298 3099 2450 3150 Nemo
2465 3100 2551 3151 hoe

1477 3194 1573 3229 non
1592 3179 1685 3228 sibi
1704 3182 1907 3242 prestat
1932 3177 1997 3226 V.
2030 3176 2193 3225 Licin.

1546 3255 1653 3305 Sibi
1680 3252 1903 3318 prestat]
1938 3253 2044 3302 Sua
2066 3266 2249 3302 caussa
2270 3249 2423 3314 facit,
2443 3266 2547 3302 nou

1478 3339 1587 3382 tua.
1631 3333 1767 3395 Lips.
2512 3382 2519 3389 ,

1546 3410 1663 3458 Non
1707 3408 1780 3459 tui
1800 3407 2010 3468 facimus
2044 3421 2221 3467 amore,
2254 3407 2338 3455 sed
2370 3407 2549 3471 nostri]

1481 3486 1554 3536 At
1577 3486 1687 3537 Cic.
1711 3485 1778 3535 de
1805 3486 1917 3535 Fin.
1942 3499 2006 3534 ιι.
2041 3488 2124 3534 24.
2155 3499 2220 3534 ex
2251 3484 2547 3535 Stoicorum

1479 3563 1774 3613 sententia:
1822 3562 2120 3613 ‘Amicitioe
2162 3561 2327 3623 vero,'
2359 3563 2551 3627 inquit,

1479 3640 1495 3668 ‘
1512 3641 1655 3689 locus
1679 3638 1767 3689 ubi
1794 3651 1906 3688 esse
1941 3645 2136 3702 potest,
2160 3648 2248 3687 aut
2271 3638 2386 3702 quis
2421 3640 2548 3688 ami-

1479 3730 1575 3765 cus
1609 3729 1722 3765 esse
1761 3715 2023 3779 cuiquam,
2049 3728 2199 3780 quem
2238 3727 2339 3763 uon
2376 3714 2545 3777 ipsum

1478 3799 1622 3841 amet
1658 3797 1876 3855 propter
1915 3790 2123 3854 ipsum?
2190 3788 2328 3840 Quid
2370 3797 2544 3838 autem

1477 3876 1562 3918 est
1583 3883 1774 3924 amere,
1797 3882 1827 3918 e
1851 3882 1955 3932 quo
1977 3881 2164 3917 nomen
2183 3866 2395 3915 ductum
2420 3867 2546 3914 ami-

1477 3944 1620 3994 citiae
1660 3952 1762 4006 est,
1802 3946 1901 3993 nisi
1939 3945 2092 4004 velle,
2130 3942 2278 3992 bonis
2318 3942 2543 4006 aliquem

1477 4017 1613 4069 affici
1634 4034 1782 4084 quam
1806 4018 2060 4074 maximis,
2082 4017 2286 4066 etiamsi
2309 4014 2376 4065 ad
2399 4030 2453 4064 se
2478 4031 2544 4066 ex

1477 4095 1539 4144 iis
1583 4095 1707 4143 nihil
1754 4092 1998 4144 redeat?'
2058 4093 2161 4142 Sed
2206 4092 2323 4142 vide
2365 4098 2543 4143 notam

1476 4177 1709 4218 nostram
1734 4169 1967 4231 proxime
1985 4172 2303 4232 sequentem.
2324 4167 2549 4218 Schwar-

1474 4258 1594 4293 zius.
