3060 4902
771 386 840 434 C.
886 381 1127 431 Pbtmt
1178 379 1510 431 ssscutmt
1565 379 1838 429 PANRG.

322 529 433 593 puli
479 528 607 591 jura
661 524 1128 586 circumscripsisse
1180 521 1389 571 videtur

320 604 590 662 Tiberius,
614 602 680 651 de
713 616 814 665 qno
841 600 1010 650 Tacit.
1031 597 1220 648 Annal.
1247 612 1285 647 ι.
1310 603 1389 647 15.

320 679 484 731 ‘Tum
526 680 750 743 primum
790 692 820 727 e
857 690 1044 739 campo
1075 676 1287 726 comitia
1324 672 1390 722 ad

321 767 506 822 patres
548 755 800 805 translata
835 762 984 814 sunt;
1024 767 1136 801 nam
1176 752 1239 801 ad
1279 765 1392 800 eam

323 835 488 895 diem,
523 833 623 882 etsi
661 831 926 895 potissima
957 830 1175 880 arbitrio
1202 828 1390 891 princi-

327 911 432 975 pis,
456 908 695 974 qnaedam
734 915 907 956 tamen
932 907 1116 955 studiis
1144 905 1396 966 tribuum,

325 985 563 1038 fiebant.’
631 984 810 1034 Nihilo
851 984 1017 1032 minus
1062 991 1114 1032 et
1161 982 1256 1031 sub
1294 983 1395 1030 hoc

323 1063 568 1128 principe
590 1058 954 1123 superfuerunt
980 1058 1187 1107 comitia
1210 1071 1394 1106 consu-

324 1140 476 1201 laria,
507 1137 768 1188 referente
797 1137 987 1186 Tacito
1019 1136 1206 1184 Annal.
1243 1148 1280 1185 t.
1310 1138 1394 1183 81.

325 1217 418 1267 nbi
448 1215 696 1265 Tiberius
729 1217 746 1243 ‘
766 1212 1058 1262 consulibus
1094 1211 1263 1260 edidit
1304 1225 1394 1259 no-

324 1293 468 1344 mina
490 1291 885 1341 candidatorum
904 1306 919 1349 3
938 1296 1169 1338 ceterum
1188 1303 1250 1336 ea
1269 1288 1397 1351 egit,

327 1384 450 1435 qnae
486 1369 725 1432 speciosa
766 1365 956 1422 verbis,
992 1380 1048 1414 re
1084 1365 1271 1419 inania,
1305 1371 1394 1414 aut

326 1446 570 1509 subdola,
609 1451 818 1507 essent3
864 1450 1158 1507 quantoque
1198 1442 1393 1504 majore

325 1524 588 1575 libertatis
621 1521 846 1584 imagine
883 1518 1210 1582 tegebantur,
1250 1526 1395 1566 tanto

325 1607 585 1664 eruptura
609 1598 673 1647 ad
699 1595 946 1645 infensius
969 1591 1274 1643 servitium!
1345 1593 1395 1642 1·

326 1677 449 1727 dem
489 1675 657 1725 Tacit.
691 1674 831 1725 Hist.
873 1687 935 1722 tr.
963 1676 1045 1722 91.
1085 1685 1394 1721 commemo·

327 1763 438 1818 tat,
493 1753 767 1803 Vitellium
820 1752 836 1778 ⁴
862 1750 1074 1799 comitia
1126 1750 1394 1798 consulum

329 1846 448 1883 cum
477 1828 772 1880 candidatis
806 1826 1032 1875 civiliter
1056 1824 1345 1873 celebrasse
1361 1822 1396 1884 ς’

328 1923 485 1975 quam
516 1904 763 1970 loquendi
802 1902 1067 1952 formulam
1108 1900 1397 1949 luculenter

328 1984 578 2048 exposuit
600 1981 913 2032 Gronovius.
970 1979 1099 2029 Quae
1124 1987 1177 2026 et
1205 1984 1396 2039 quanta

329 2068 568 2128 potestas
586 2059 846 2110 consulum
863 2055 1220 2106 faciendorum
1241 2056 1393 2104 etiam

329 2139 495 2190 fuerit
517 2152 676 2202 penes
697 2137 1063 2197 imperatorem
1100 2134 1176 2181 Fl.
1201 2133 1396 2194 Vespa·

330 2218 556 2276 sianum,
581 2215 889 2277 intelligitur
913 2227 977 2261 ex
1005 2210 1299 2274 fragmento
1322 2211 1393 2258 le·

331 2294 413 2359 gis
436 2293 592 2356 regiae
615 2290 752 2354 apnd
777 2290 933 2339 Grut.
958 2287 1121 2351 Oper.
1154 2287 1396 2347 Inscript.

330 2386 389 2436 p.
415 2382 620 2420 ccxmt.
658 2379 882 2419 'va-mvn.
901 2378 1059 2416 ανοε.
1084 2375 1393 2412 mactamu-

329 2461 470 2499 Tvsr.
491 2457 865 2496 Ροτεετᾼτεω.
890 2453 1204 2491 mentium.
1225 2453 1394 2488 evna-

328 2537 649 2575 ·noussmva.
697 2534 876 2572 cvivs.
932 2533 1045 2568 aar,
1113 2530 1395 2566 versuras

329 2613 592 2650 ιικιτνι.
610 2609 960 2650 Ρονηοανε.
985 2607 1238 2643 Romano.
1255 2607 1395 2642 coiu-

331 2689 733 2729 κεκοΑνειυτ.
789 2685 1121 2727 eravsove.
1163 2683 1396 2719 avr-‘rna-

333 2766 651 2804 eartoueu.
683 2765 848 2801 svam.
884 2762 1148 2798 nennium.
1185 2760 1395 2796 Paom-

330 2845 511 2883 szm‘r.
543 2842 760 2879 coavat.
794 2826 1044 2876 comvrls.
1078 2837 1395 2878 Qvinvseva

331 2920 543 2960 tuna.
558 2918 841 2956 onumen.
862 2916 1053 2953 uxrio.
1073 2914 1395 2950 nanturra.

330 2986 506 3036 Etiam
551 2983 650 3032 sub
698 2980 995 3030 Domitiano
1049 2978 1230 3026 habita
1276 2984 1396 3026 sunt

329 3063 543 3114 comitia
567 3058 874 3110 consularia.
936 3057 1152 3106 Sueten.
1175 3069 1292 3117 cap.
1322 3058 1397 3103 10.

329 3139 520 3194 refert,
554 3137 790 3186 Flavium
818 3134 1060 3184 Sabinum
1086 3149 1115 3181 a
1140 3131 1397 3181 Domitia-

330 3234 402 3270 no
429 3220 762 3266 interemtum
787 3228 920 3267 esse,
940 3210 1076 3276 quod
1100 3224 1214 3258 eum
1240 3208 1396 3257 comi·

331 3296 525 3347 tiorum
567 3290 906 3341 consularium
951 3287 1038 3337 die
1082 3287 1396 3336 destinatum

332 3384 610 3438 perperam
656 3381 833 3432 praeco
875 3380 975 3415 nou
1021 3359 1395 3413 consulem‘ad

331 3448 606 3514 populum,
634 3443 724 3492 sed
763 3443 1148 3506 imperatorem,
1174 3453 1396 3502 pronun·

333 3528 539 3577 tiasset.
610 3521 848 3583 Interim,
891 3533 1044 3583 quam
1084 3519 1271 3577 exigua
1307 3530 1396 3578 po-

331 3610 494 3654 testas
518 3598 694 3664 populi
722 3595 941 3645 Romani
965 3592 1122 3642 fuerit
1147 3593 1244 3641 illis
1270 3599 1398 3641 tem·

331 3680 569 3746 poribus,
589 3674 857 3728 Juvenalis
892 3673 1002 3721 Sat.
1040 3684 1098 3720 x.
1132 3674 1215 3720 79.
1249 3683 1398 3733 seqq.

333 3764 604 3808 testatur:
661 3759 676 3782 ‘
704 3750 806 3801 Qui
851 3748 1013 3796 dabat
1058 3747 1179 3795 olim
1225 3746 1399 3807 Impe-

333 3835 488 3893 rium,
521 3828 709 3888 fasces,
746 3826 999 3889 legiones,
1040 3824 1228 3885 omnia,
1263 3836 1399 3871 nunc

330 3924 389 3961 se
416 3908 689 3961 Continet,
726 3909 880 3964 atque
916 3900 1044 3949 duas
1084 3908 1282 3948 tantum
1314 3912 1398 3946 res

330 3983 518 4035 anxius
561 3986 734 4043 optat,
775 3978 970 4025 Panem
1009 3982 1061 4023 et
1092 3972 1400 4024 Circenses!

329 4060 470 4114 Quid
511 4058 718 4116 mirum,
745 4052 787 4101 si
813 4053 922 4116 jam
955 4052 1187 4100 Lucanus
1219 4050 1281 4099 de
1308 4065 1400 4100 suo

257 4134 266 4142 ’
327 4148 586 4201 tempore,
610 4134 709 4182 hoc
730 4139 830 4190 est,
851 4129 1095 4191 Neronis,
1112 4137 1202 4178 aut
1227 4129 1400 4193 potins

329 4214 401 4265 de
443 4209 665 4262 Caesaris
709 4221 840 4263 nvo,
875 4205 1144 4260 cecinerit,
1192 4217 1241 4251 v.
1288 4207 1401 4252 392.

325 4305 480 4358 seqq.
523 4285 743 4351 ‘Pingit
786 4281 1017 4335 solennia
1060 4294 1297 4345 campus,
1333 4282 1402 4331 Et

1914 376 1967 425 1.
1994 360 2103 426 63.
2397 357 2533 426 855

1465 535 1567 569 non
1593 518 1829 569 admissas
1853 517 2053 568 dirimit
2073 515 2321 581 suffragia
2346 515 2535 582 plebis,

1465 599 1828 662 Decantatque
1854 597 2036 659 tribus,
2052 606 2105 645 et
2129 610 2258 644 vana
2282 602 2455 643 versat
2478 594 2533 644 in

1467 673 1637 725 urna.'
1702 675 1902 726 Quibus
1951 684 2126 722 autem
2185 670 2357 720 verbis
2404 671 2530 735 qnid

1469 752 1608 802 aliud
1631 751 1829 800 indicat
1849 751 2108 812 Lucanus,
2122 763 2299 813 quam,
2324 755 2533 810 postea-

1468 845 1622 895 quam
1648 829 1712 878 ad
1739 845 1893 878 unum
1918 830 2176 879 Caesarem
2213 826 2385 875 omnia
2421 819 2535 874 fue·

1470 908 1572 955 rint
1594 905 1789 965 delata,
1811 905 1968 955 etiam
1995 905 2045 952 in
2081 903 2321 951 creandis
2344 900 2535 963 magis-

1469 984 1696 1032 tratibus
1721 997 1820 1031 non
1854 982 1952 1031 nisi
1980 979 2331 1042 imaginariam
2370 992 2533 1041 qnan-

1469 1059 1587 1107 dam
1633 1059 1955 1109 comitiorum
2003 1058 2053 1105 iu
2098 1070 2282 1118 campo
2339 1053 2536 1103 Martio

1470 1135 1649 1183 baberi
1673 1134 1918 1198 speciem,
1940 1132 2092 1183 citari
2116 1145 2145 1179 a
2180 1143 2420 1195 praecone
2447 1123 2536 1177 tri-

1473 1211 1585 1273 bus,
1609 1224 1775 1273 neque
1800 1218 1974 1259 tamen
2002 1207 2208 1256 admitti
2236 1206 2298 1255 ad
2325 1205 2536 1255 distinc-

1472 1294 1527 1336 ta
1570 1285 1840 1350 suffragia,
1882 1299 1998 1334 cum
2043 1281 2240 1332 frustra
2283 1282 2334 1331 iu
2378 1282 2536 1330 cistas

1470 1363 1816 1426 conjiciantur
1848 1360 2090 1421 tabellae3
2123 1357 2378 1423 siquidem
2419 1358 2537 1407 Cae-

1471 1455 1558 1488 sar
1592 1442 1704 1504 ipse
1736 1439 1971 1502 designet
2009 1436 2363 1499 centuriisque
2396 1449 2538 1484 com-

1472 1518 1702 1579 mendet,
1728 1531 1879 1579 quem
1907 1514 2052 1576 velit,
2081 1512 2365 1563 consulem.
2430 1510 2538 1558 Im-

1470 1608 1576 1652 mo,
1599 1592 1887 1657 posteriore
1913 1598 2092 1651 aetate,
2120 1591 2274 1638 etiam
2301 1586 2428 1637 illud
2460 1587 2539 1650 ip·

1472 1685 1584 1719 sum
1614 1669 1748 1732 juris
1788 1666 2051 1731 popularis
2088 1664 2421 1714 simulacrum
2447 1661 2538 1712 ali-

1472 1747 1679 1810 quando
1701 1744 1942 1799 cessavit,
1968 1743 2187 1791 maxime
2211 1755 2328 1791 cum
2353 1755 2540 1790 consu-

1471 1822 1546 1872 les
1586 1824 1742 1871 etiam
1781 1829 1931 1870 extra
1967 1820 2180 1868 Romam
2218 1824 2541 1867 crearentur.

1472 1900 1560 1948 Sic
1578 1898 1855 1957 Ausonius,
1875 1914 1903 1946 a
1924 1896 2180 1946 Gratiano
2201 1896 2541 1957 imperatore,

1472 1976 1560 2039 qui
1588 1983 1712 2024 tunc
1737 1973 1908 2023 Sirmii
1933 1973 1981 2020 in
2006 1971 2277 2021 Pannonia
2296 1970 2540 2032 degebat,

1473 2053 1651 2101 consul
1668 2050 1859 2112 sactus,
1877 2049 2200 2098 consulatum
2222 2047 2337 2096 iniit
2360 2046 2541 2096 Trevi-

1474 2128 1564 2187 ris,
1589 2135 1746 2191 atque
1787 2125 1908 2173 inde
1934 2126 1983 2172 in
2017 2124 2301 2185 gratiarum
2332 2123 2543 2172 actione

1474 2220 1568 2253 sua
1591 2218 1637 2253 c.
1662 2209 1709 2251 6.
1737 2217 1859 2250 vere
1895 2201 2069 2249 dicere
2097 2200 2285 2261 potuit,
2314 2201 2329 2226 ‘
2349 2198 2543 2247 Consul

1474 2295 1588 2341 ego,
1604 2278 1887 2342 imperator
1906 2275 2158 2339 Auguste,
2177 2288 2389 2323 munere
2419 2283 2542 2324 tuo:

1473 2371 1575 2404 non
1597 2368 1774 2417 passus
1791 2361 1961 2415 septa,
1975 2366 2141 2415 neque
2157 2366 2420 2414 campum;
2441 2364 2543 2400 non

1473 2430 1739 2493 suffragia,
1781 2443 1879 2478 non
1918 2435 2128 2492 puncta,
2163 2441 2264 2476 non
2310 2413 2543 2488 loculos}

1474 2512 1562 2575 qui
1589 2524 1691 2557 non
1718 2505 2070 2570 prensaverim
2109 2518 2310 2555 manus.
2335 2538 2348 2552 .
2366 2537 2381 2552 .
2400 2537 2413 2552 .
2440 2504 2541 2553 Ro-

1473 2602 1653 2636 manus
1697 2585 1939 2649 populus,
1976 2582 2199 2631 Martius
2231 2595 2467 2644 campus,
2491 2595 2545 2629 e-

1475 2670 1690 2728 quester
1713 2660 1859 2717 ordo,
1895 2666 2084 2722 rostra,
2112 2657 2291 2720 ovilia,
2313 2667 2544 2711 senatus,

1474 2743 1642 2802 curia,
1683 2754 1812 2789 uuus
1852 2737 1973 2787 milti
2011 2737 2184 2786 omnia
2221 2733 2541 2786 Gratianus.'

1474 2819 1543 2867 Et
1571 2832 1688 2878 cap.
1714 2821 1792 2865 18.
1816 2815 1928 2878 ipse
1951 2814 2236 2864 Gratianus
2261 2813 2311 2861 in
2340 2813 2546 2877 Episto-

1474 2894 1521 2942 la
1547 2893 1610 2942 ad
1638 2894 1833 2942 Auson.
1856 2892 1924 2940 ibi
1950 2891 2254 2954 proposita:
2289 2890 2304 2915 ‘
2325 2890 2457 2939 Cum
2475 2888 2543 2939 de

1474 2971 1774 3020 consulibus
1820 2970 1871 3018 in
1914 2983 2103 3017 annum
2146 2965 2384 3016 creandis
2406 2968 2545 3015 solua

1474 3061 1676 3096 mecum
1719 3045 2024 3107 volutarem,
2050 3078 2063 3093 .
2080 3076 2093 3091 .
2117 3077 2129 3091 .
2151 3077 2164 3093 .
2190 3049 2241 3091 te
2278 3043 2545 3092 consulem

1475 3123 1764 3188 designavi,
1804 3129 1859 3170 et
1900 3119 2182 3182 declaravi,
2226 3124 2279 3168 et
2317 3119 2545 3181 priorem

1475 3198 1812 3264 nuncupavi.'
1878 3199 2158 3261 Utcunque
2190 3205 2290 3254 est,
2316 3211 2423 3259 prae
2459 3211 2548 3246 ce-

1477 3280 1603 3328 teris
1632 3290 1801 3324 {arinen
1823 3274 2223 3338 imperatoribus
2249 3274 2475 3323 civiliter
2492 3273 2545 3323 in

1473 3354 1712 3406 creandis
1744 3349 2153 3415 magistratibus,
2183 3358 2237 3399 et
2260 3350 2547 3414 sigillatim,

1474 3428 1787 3489 consulibus,
1826 3427 1994 3490 egisse
2036 3426 2241 3475 videtur
2262 3426 2543 3490 Trajanus.

1473 3511 1604 3559 Cum
1630 3507 1717 3557 alii
1745 3506 2087 3568 imperatores
2109 3504 2547 3567 conteutijussis-

1474 3601 1528 3635 se
1573 3599 1628 3634 se
1669 3583 1903 3632 consules
1953 3581 2260 3643 renuntiari,
2305 3596 2402 3630 non
2443 3582 2544 3645 ipsi

1475 3662 1789 3712 interessent
1826 3658 2049 3708 comitiis
2080 3659 2454 3720 consularibus,
2489 3665 2546 3707 et

1475 3740 1803 3791 consulatum
1829 3740 1987 3788 etiam
2014 3751 2114 3786 non
2145 3738 2242 3786 nisi
2283 3752 2377 3801 per
2401 3739 2545 3787 edic·

1481 3826 1588 3865 tum
1624 3814 1982 3872 dimitterent3
2019 3814 2128 3875 ipse
2155 3813 2412 3875 Trajanus
2452 3827 2543 3861 no·

1475 3894 1573 3943 luit
1599 3891 1776 3942 consul
1801 3889 1933 3945 fieri,
1968 3904 2134 3952 neque
2161 3889 2429 3937 consulatu
2455 3888 2545 3937 ab·

1476 3971 1572 4031 ire,
1594 3970 1693 4018 nisi
1737 3976 1793 4016 nt
1827 3980 1959 4015 unus
1989 3980 2018 4013 e
2044 3962 2393 4025 senatoribus,
2415 3978 2542 4026 quos

1477 4047 1604 4098 fecit
1630 4045 1867 4097 consules
1890 4060 1905 4095 z
1939 4042 1990 4091 id
2017 4041 2153 4107 quod
2181 4041 2382 4090 Plinius
2418 4042 2541 4090 ube·

1477 4129 1584 4176 rins
1625 4123 1842 4185 exponit
1879 4123 1929 4168 in
1959 4119 2077 4180 hoc,
2111 4126 2165 4167 et
2201 4118 2540 4181 sequentibus

1479 4198 1759 4264 capitibus.
1836 4196 1966 4246 Cum
2015 4208 2136 4242 vero
2177 4193 2303 4242 alios
2340 4191 2544 4245 faceret

1481 4275 1737 4334 consules,
1777 4273 1890 4338 ipse
1938 4271 2181 4337 princeps
2226 4271 2543 4336 nominabat,
