<?xml version="1.0" encoding="UTF-8"?>
<!DOCTYPE html PUBLIC "-//W3C//DTD XHTML 1.0 Transitional//EN"
    "http://www.w3.org/TR/xhtml1/DTD/xhtml1-transitional.dtd">
<html xmlns="http://www.w3.org/1999/xhtml" xml:lang="en" lang="en">
 <head>
  <title>
</title>
<meta http-equiv="Content-Type" content="text/html;charset=utf-8" />
  <meta name='ocr-system' content='tesseract 3.04.00' />
  <meta name='ocr-capabilities' content='ocr_page ocr_carea ocr_par ocr_line ocrx_word'/>
</head>
<body>
  <div class='ocr_page' id='page_1' title='image "./panegyriciveter02unkngoog_0262.png"; bbox 0 0 3060 4902; ppageno 0'>
   <div class='ocr_carea' id='block_1_1' title="bbox 533 351 666 417">
    <p class='ocr_par' dir='ltr' id='par_1_1' title="bbox 533 351 666 417">
     <span class='ocr_line' id='line_1_1' title="bbox 533 351 666 417; baseline 0 0"><span class='ocrx_word' id='word_1_1' title='bbox 533 351 666 417; x_wconf 78' lang='lat'>710</span> 
     </span>
    </p>
   </div>
   <div class='ocr_carea' id='block_1_2' title="bbox 522 507 1609 4333">
    <p class='ocr_par' dir='ltr' id='par_1_2' title="bbox 530 507 1603 1797">
     <span class='ocr_line' id='line_1_2' title="bbox 534 507 1603 575; baseline -0.005 -14"><span class='ocrx_word' id='word_1_2' title='bbox 534 525 623 561; x_wconf 85' lang='lat' dir='ltr'>m.</span> <span class='ocrx_word' id='word_1_3' title='bbox 654 511 1005 575; x_wconf 78' lang='lat' dir='ltr'>15.legimns:</span> <span class='ocrx_word' id='word_1_4' title='bbox 1044 516 1058 540; x_wconf 76' lang='lat'>⁸</span> <span class='ocrx_word' id='word_1_5' title='bbox 1086 510 1217 560; x_wconf 82' lang='lat' dir='ltr'>Haec</span> <span class='ocrx_word' id='word_1_6' title='bbox 1251 507 1483 557; x_wconf 87' lang='lat' dir='ltr'>conditio</span> <span class='ocrx_word' id='word_1_7' title='bbox 1518 521 1603 557; x_wconf 88' lang='lat' dir='ltr'>sn·</span> 
     </span>
     <span class='ocr_line' id='line_1_3' title="bbox 533 585 1603 652; baseline -0.002 -16"><span class='ocrx_word' id='word_1_8' title='bbox 533 588 794 652; x_wconf 81' lang='lat' dir='ltr'>periurum</span> <span class='ocrx_word' id='word_1_9' title='bbox 833 595 935 647; x_wconf 83' lang='lat' dir='ltr'>est,</span> <span class='ocrx_word' id='word_1_10' title='bbox 973 596 1050 644; x_wconf 88' lang='lat' dir='ltr'>ut,</span> <span class='ocrx_word' id='word_1_11' title='bbox 1090 586 1342 651; x_wconf 84' lang='lat' dir='ltr'>quidquid</span> <span class='ocrx_word' id='word_1_12' title='bbox 1383 585 1603 647; x_wconf 84' lang='lat' dir='ltr'>faciunt,</span> 
     </span>
     <span class='ocr_line' id='line_1_4' title="bbox 532 661 1602 727; baseline -0.003 -15"><span class='ocrx_word' id='word_1_13' title='bbox 532 665 823 727; x_wconf 63' lang='lat' dir='ltr'>precipere</span> <span class='ocrx_word' id='word_1_14' title='bbox 849 664 1156 723; x_wconf 77' lang='lat' dir='ltr'>videantur3</span> <span class='ocrx_word' id='word_1_15' title='bbox 1189 670 1244 712; x_wconf 88' lang='lat' dir='ltr'>et</span> <span class='ocrx_word' id='word_1_16' title='bbox 1277 661 1602 725; x_wconf 87' lang='lat' dir='ltr'>perniciosis·</span> 
     </span>
     <span class='ocr_line' id='line_1_5' title="bbox 535 739 1601 802; baseline -0.003 -13"><span class='ocrx_word' id='word_1_17' title='bbox 535 742 689 789; x_wconf 86' lang='lat' dir='ltr'>simus</span> <span class='ocrx_word' id='word_1_18' title='bbox 724 747 806 789; x_wconf 86' lang='lat' dir='ltr'>est</span> <span class='ocrx_word' id='word_1_19' title='bbox 848 741 997 790; x_wconf 70' lang='lat' dir='ltr'>malae</span> <span class='ocrx_word' id='word_1_20' title='bbox 1041 741 1115 790; x_wconf 90' lang='lat' dir='ltr'>rei</span> <span class='ocrx_word' id='word_1_21' title='bbox 1166 740 1420 789; x_wconf 84' lang='lat' dir='ltr'>maximus</span> <span class='ocrx_word' id='word_1_22' title='bbox 1461 739 1601 802; x_wconf 87' lang='lat' dir='ltr'>quis-</span> 
     </span>
     <span class='ocr_line' id='line_1_6' title="bbox 533 815 1601 882; baseline -0.004 -15"><span class='ocrx_word' id='word_1_23' title='bbox 533 831 635 882; x_wconf 87' lang='lat' dir='ltr'>que</span> <span class='ocrx_word' id='word_1_24' title='bbox 661 815 878 866; x_wconf 73' lang='lat' dir='ltr'>auctor-⁹</span> <span class='ocrx_word' id='word_1_25' title='bbox 944 817 1077 866; x_wconf 77' lang='lat' dir='ltr'>Item</span> <span class='ocrx_word' id='word_1_26' title='bbox 1100 816 1237 881; x_wconf 85' lang='lat' dir='ltr'>apud</span> <span class='ocrx_word' id='word_1_27' title='bbox 1266 817 1379 866; x_wconf 80' lang='lat' dir='ltr'>Lat.</span> <span class='ocrx_word' id='word_1_28' title='bbox 1417 816 1601 865; x_wconf 88' lang='lat' dir='ltr'>Pacat.</span> 
     </span>
     <span class='ocr_line' id='line_1_7' title="bbox 531 892 1599 956; baseline -0.003 -13"><span class='ocrx_word' id='word_1_29' title='bbox 531 894 585 943; x_wconf 85' lang='lat' dir='ltr'>in</span> <span class='ocrx_word' id='word_1_30' title='bbox 625 894 820 956; x_wconf 79' lang='lat' dir='ltr'>Paneg.</span> <span class='ocrx_word' id='word_1_31' title='bbox 863 908 979 955; x_wconf 84' lang='lat' dir='ltr'>cap.</span> <span class='ocrx_word' id='word_1_32' title='bbox 1026 897 1106 942; x_wconf 87' lang='grc'><strong>15.</strong></span> <span class='ocrx_word' id='word_1_33' title='bbox 1163 898 1176 921; x_wconf 81' lang='lat'><strong>⁴</strong></span> <span class='ocrx_word' id='word_1_34' title='bbox 1203 893 1288 941; x_wconf 90' lang='lat' dir='ltr'>Sic</span> <span class='ocrx_word' id='word_1_35' title='bbox 1319 900 1399 942; x_wconf 89' lang='lat' dir='ltr'>est</span> <span class='ocrx_word' id='word_1_36' title='bbox 1439 892 1599 952; x_wconf 89' lang='lat' dir='ltr'>enim,</span> 
     </span>
     <span class='ocr_line' id='line_1_8' title="bbox 533 968 1599 1033; baseline -0.002 -15"><span class='ocrx_word' id='word_1_37' title='bbox 533 971 610 1020; x_wconf 80' lang='lat' dir='ltr'>sic</span> <span class='ocrx_word' id='word_1_38' title='bbox 646 979 751 1019; x_wconf 86' lang='lat' dir='ltr'>est:</span> <span class='ocrx_word' id='word_1_39' title='bbox 794 978 1076 1033; x_wconf 85' lang='lat' dir='ltr'>exasperat</span> <span class='ocrx_word' id='word_1_40' title='bbox 1116 970 1346 1019; x_wconf 83' lang='lat' dir='ltr'>homines</span> <span class='ocrx_word' id='word_1_41' title='bbox 1377 968 1599 1033; x_wconf 88' lang='lat' dir='ltr'>impera·</span> 
     </span>
     <span class='ocr_line' id='line_1_9' title="bbox 532 1045 1601 1109; baseline -0.001 -13"><span class='ocrx_word' id='word_1_42' title='bbox 532 1057 589 1096; x_wconf 81' lang='lat' dir='ltr'>ta</span> <span class='ocrx_word' id='word_1_43' title='bbox 645 1048 946 1107; x_wconf 88' lang='lat' dir='ltr'>correctio;</span> <span class='ocrx_word' id='word_1_44' title='bbox 1004 1047 1335 1096; x_wconf 75' lang='lat' dir='ltr'><strong>blandissime</strong></span> <span class='ocrx_word' id='word_1_45' title='bbox 1379 1045 1601 1109; x_wconf 88' lang='lat' dir='ltr'>jubetur</span> 
     </span>
     <span class='ocr_line' id='line_1_10' title="bbox 533 1121 1599 1187; baseline -0.004 -14"><span class='ocrx_word' id='word_1_46' title='bbox 533 1122 813 1187; x_wconf 61' lang='lat' dir='ltr'>exemplo!</span> <span class='ocrx_word' id='word_1_47' title='bbox 870 1122 1018 1172; x_wconf 85' lang='lat' dir='ltr'>Bene</span> <span class='ocrx_word' id='word_1_48' title='bbox 1057 1123 1120 1171; x_wconf 88' lang='lat' dir='ltr'>ad</span> <span class='ocrx_word' id='word_1_49' title='bbox 1156 1123 1206 1170; x_wconf 88' lang='lat' dir='ltr'>h.</span> <span class='ocrx_word' id='word_1_50' title='bbox 1246 1122 1278 1170; x_wconf 89' lang='lat'>1.</span> <span class='ocrx_word' id='word_1_51' title='bbox 1319 1121 1599 1170; x_wconf 79' lang='lat' dir='ltr'>Arntzeni·</span> 
     </span>
     <span class='ocr_line' id='line_1_11' title="bbox 531 1197 1598 1261; baseline -0.003 -12"><span class='ocrx_word' id='word_1_52' title='bbox 531 1215 624 1249; x_wconf 88' lang='lat' dir='ltr'>us:</span> <span class='ocrx_word' id='word_1_53' title='bbox 660 1207 676 1229; x_wconf 79' lang='lat'><strong><em>¹</em></strong></span> <span class='ocrx_word' id='word_1_54' title='bbox 701 1202 779 1249; x_wconf 88' lang='lat' dir='ltr'>De</span> <span class='ocrx_word' id='word_1_55' title='bbox 820 1200 1111 1249; x_wconf 87' lang='lat' dir='ltr'>mutatione</span> <span class='ocrx_word' id='word_1_56' title='bbox 1156 1212 1219 1247; x_wconf 86' lang='lat' dir='ltr'>ne</span> <span class='ocrx_word' id='word_1_57' title='bbox 1262 1197 1598 1261; x_wconf 83' lang='lat' dir='ltr'>cogitandum</span> 
     </span>
     <span class='ocr_line' id='line_1_12' title="bbox 530 1273 1599 1337; baseline -0.001 -15"><span class='ocrx_word' id='word_1_58' title='bbox 530 1274 737 1337; x_wconf 88' lang='lat' dir='ltr'>quidem</span> <span class='ocrx_word' id='word_1_59' title='bbox 763 1275 858 1323; x_wconf 84' lang='lat' dir='ltr'>hic.</span> <span class='ocrx_word' id='word_1_60' title='bbox 927 1273 1179 1336; x_wconf 80' lang='lat' dir='ltr'>Exempla</span> <span class='ocrx_word' id='word_1_61' title='bbox 1213 1273 1340 1322; x_wconf 85' lang='lat' dir='ltr'>duas</span> <span class='ocrx_word' id='word_1_62' title='bbox 1379 1287 1460 1322; x_wconf 91' lang='lat' dir='ltr'>res</span> <span class='ocrx_word' id='word_1_63' title='bbox 1486 1286 1599 1335; x_wconf 88' lang='lat' dir='ltr'>per·</span> 
     </span>
     <span class='ocr_line' id='line_1_13' title="bbox 531 1348 1601 1413; baseline -0.001 -14"><span class='ocrx_word' id='word_1_64' title='bbox 531 1349 745 1399; x_wconf 80' lang='lat' dir='ltr'>ficiunt:</span> <span class='ocrx_word' id='word_1_65' title='bbox 783 1359 832 1399; x_wconf 79' lang='lat' dir='ltr'>et</span> <span class='ocrx_word' id='word_1_66' title='bbox 858 1351 972 1413; x_wconf 84' lang='lat' dir='ltr'>ipsa</span> <span class='ocrx_word' id='word_1_67' title='bbox 1007 1358 1237 1405; x_wconf 86' lang='lat' dir='ltr'>monent.</span> <span class='ocrx_word' id='word_1_68' title='bbox 1267 1364 1381 1413; x_wconf 73' lang='lat' dir='ltr'>quae</span> <span class='ocrx_word' id='word_1_69' title='bbox 1406 1348 1601 1399; x_wconf 80' lang='lat' dir='ltr'>facien·</span> 
     </span>
     <span class='ocr_line' id='line_1_14' title="bbox 531 1427 1602 1488; baseline 0.002 -12"><span class='ocrx_word' id='word_1_70' title='bbox 531 1429 600 1476; x_wconf 92' lang='lat' dir='ltr'>da</span> <span class='ocrx_word' id='word_1_71' title='bbox 622 1435 740 1476; x_wconf 92' lang='lat' dir='ltr'>sunt</span> <span class='ocrx_word' id='word_1_72' title='bbox 763 1444 777 1488; x_wconf 92' lang='lat'><strong>;</strong></span> <span class='ocrx_word' id='word_1_73' title='bbox 813 1437 866 1476; x_wconf 89' lang='lat' dir='ltr'>et</span> <span class='ocrx_word' id='word_1_74' title='bbox 889 1428 1009 1476; x_wconf 87' lang='lat' dir='ltr'>dein</span> <span class='ocrx_word' id='word_1_75' title='bbox 1033 1429 1329 1484; x_wconf 85' lang='lat' dir='ltr'>ostendunt,</span> <span class='ocrx_word' id='word_1_76' title='bbox 1365 1427 1516 1477; x_wconf 84' lang='lat' dir='ltr'>etiam</span> <span class='ocrx_word' id='word_1_77' title='bbox 1541 1442 1602 1478; x_wconf 85' lang='lat' dir='ltr'>ea</span> 
     </span>
     <span class='ocr_line' id='line_1_15' title="bbox 530 1503 1601 1567; baseline 0.001 -13"><span class='ocrx_word' id='word_1_78' title='bbox 530 1504 644 1554; x_wconf 80' lang='lat' dir='ltr'>fieri</span> <span class='ocrx_word' id='word_1_79' title='bbox 672 1519 841 1567; x_wconf 83' lang='lat' dir='ltr'>posse.</span> <span class='ocrx_word' id='word_1_80' title='bbox 885 1503 988 1553; x_wconf 84' lang='lat' dir='ltr'>Adi</span> <span class='ocrx_word' id='word_1_81' title='bbox 1017 1505 1346 1553; x_wconf 86' lang='lat' dir='ltr'>Bucltnerutn</span> <span class='ocrx_word' id='word_1_82' title='bbox 1374 1504 1436 1552; x_wconf 91' lang='lat' dir='ltr'>ad</span> <span class='ocrx_word' id='word_1_83' title='bbox 1463 1504 1601 1555; x_wconf 84' lang='lat' dir='ltr'>Ptin.</span> 
     </span>
     <span class='ocr_line' id='line_1_16' title="bbox 531 1580 1600 1645; baseline -0.001 -14"><span class='ocrx_word' id='word_1_84' title='bbox 531 1583 702 1645; x_wconf 85' lang='lat' dir='ltr'>Epist.</span> <span class='ocrx_word' id='word_1_85' title='bbox 745 1596 872 1631; x_wconf 82' lang='lat' dir='ltr'>vm.</span> <span class='ocrx_word' id='word_1_86' title='bbox 915 1586 992 1631; x_wconf 72' lang='lat'>14.</span> <span class='ocrx_word' id='word_1_87' title='bbox 1050 1582 1202 1633; x_wconf 84' lang='lat' dir='ltr'>Quod</span> <span class='ocrx_word' id='word_1_88' title='bbox 1244 1580 1600 1630; x_wconf 85' lang='lat' dir='ltr'>fidelissimum</span> 
     </span>
     <span class='ocr_line' id='line_1_17' title="bbox 533 1658 1601 1722; baseline 0.002 -16"><span class='ocrx_word' id='word_1_89' title='bbox 533 1659 876 1721; x_wconf 60' lang='lat' dir='ltr'>praecipiendi</span> <span class='ocrx_word' id='word_1_90' title='bbox 924 1673 1105 1720; x_wconf 81' lang='lat' dir='ltr'>genus,</span> <span class='ocrx_word' id='word_1_91' title='bbox 1149 1658 1402 1722; x_wconf 84' lang='lat' dir='ltr'>exemplis</span> <span class='ocrx_word' id='word_1_92' title='bbox 1446 1659 1601 1708; x_wconf 90' lang='lat' dir='ltr'>doce-</span> 
     </span>
     <span class='ocr_line' id='line_1_18' title="bbox 530 1735 1158 1797; baseline -0.005 -11"><span class='ocrx_word' id='word_1_93' title='bbox 530 1736 755 1797; x_wconf 86' lang='lat' dir='ltr'>bantur,&#39;</span> <span class='ocrx_word' id='word_1_94' title='bbox 777 1740 877 1786; x_wconf 69' lang='lat' dir='ltr'>dre.</span> <span class='ocrx_word' id='word_1_95' title='bbox 910 1735 1158 1785; x_wconf 78' lang='lat' dir='ltr'>Schwarz.</span> 
     </span>
    </p>

    <p class='ocr_par' dir='ltr' id='par_1_3' title="bbox 522 1810 1605 2855">
     <span class='ocr_line' id='line_1_19' title="bbox 599 1810 1602 1876; baseline -0.001 -15"><span class='ocrx_word' id='word_1_96' title='bbox 599 1814 732 1861; x_wconf 69' lang='lat' dir='ltr'>cn.</span> <span class='ocrx_word' id='word_1_97' title='bbox 769 1826 925 1860; x_wconf 74' lang='lat' dir='ltr'>xm&#39;t.</span> <span class='ocrx_word' id='word_1_98' title='bbox 992 1813 1058 1860; x_wconf 79' lang='lat' dir='ltr'>Ee</span> <span class='ocrx_word' id='word_1_99' title='bbox 1097 1810 1230 1875; x_wconf 78' lang='lat' dir='ltr'>quis]</span> <span class='ocrx_word' id='word_1_100' title='bbox 1274 1811 1488 1860; x_wconf 84' lang='lat' dir='ltr'>Macula</span> <span class='ocrx_word' id='word_1_101' title='bbox 1529 1819 1602 1876; x_wconf 80' lang='lat' dir='ltr'>ty·</span> 
     </span>
     <span class='ocr_line' id='line_1_20' title="bbox 530 1888 1602 1951; baseline 0.002 -16"><span class='ocrx_word' id='word_1_102' title='bbox 530 1889 846 1951; x_wconf 80' lang='lat' dir='ltr'>pographica</span> <span class='ocrx_word' id='word_1_103' title='bbox 872 1890 1038 1937; x_wconf 76' lang='lat' dir='ltr'>haeret</span> <span class='ocrx_word' id='word_1_104' title='bbox 1072 1890 1121 1936; x_wconf 87' lang='lat' dir='ltr'>in</span> <span class='ocrx_word' id='word_1_105' title='bbox 1146 1888 1460 1938; x_wconf 75' lang='lat' dir='ltr'>editionibus</span> <span class='ocrx_word' id='word_1_106' title='bbox 1484 1890 1602 1939; x_wconf 89' lang='lat' dir='ltr'>Cel·</span> 
     </span>
     <span class='ocr_line' id='line_1_21' title="bbox 530 1966 1605 2030; baseline -0.001 -13"><span class='ocrx_word' id='word_1_107' title='bbox 530 1966 762 2026; x_wconf 82' lang='lat' dir='ltr'>larianis,</span> <span class='ocrx_word' id='word_1_108' title='bbox 784 1980 895 2014; x_wconf 86' lang='lat' dir='ltr'>cum</span> <span class='ocrx_word' id='word_1_109' title='bbox 922 1966 1190 2030; x_wconf 85' lang='lat' dir='ltr'>inquinate</span> <span class='ocrx_word' id='word_1_110' title='bbox 1209 1967 1489 2016; x_wconf 80' lang='lat' dir='ltr'>exhibeant</span> <span class='ocrx_word' id='word_1_111' title='bbox 1510 1968 1605 2030; x_wconf 78' lang='lat' dir='ltr'>liis,</span> 
     </span>
     <span class='ocr_line' id='line_1_22' title="bbox 532 2041 1605 2106; baseline 0.004 -17"><span class='ocrx_word' id='word_1_112' title='bbox 532 2041 650 2091; x_wconf 91' lang='lat' dir='ltr'>loco</span> <span class='ocrx_word' id='word_1_113' title='bbox 696 2042 1010 2106; x_wconf 74' lang='lat' dir='ltr'>pronominis</span> <span class='ocrx_word' id='word_1_114' title='bbox 1049 2044 1422 2105; x_wconf 81' lang='lat' dir='ltr'>interrogandi,</span> <span class='ocrx_word' id='word_1_115' title='bbox 1459 2045 1605 2105; x_wconf 78' lang='lat' dir='ltr'>quis?</span> 
     </span>
     <span class='ocr_line' id='line_1_23' title="bbox 530 2117 1603 2168; baseline 0.002 -2"><span class='ocrx_word' id='word_1_116' title='bbox 530 2117 785 2166; x_wconf 81' lang='lat' dir='ltr'>Similiter</span> <span class='ocrx_word' id='word_1_117' title='bbox 817 2118 1060 2166; x_wconf 84' lang='lat' dir='ltr'>mendum</span> <span class='ocrx_word' id='word_1_118' title='bbox 1100 2118 1294 2168; x_wconf 85' lang='lat' dir='ltr'>librarii</span> <span class='ocrx_word' id='word_1_119' title='bbox 1331 2128 1413 2167; x_wconf 82' lang='lat' dir='ltr'>est</span> <span class='ocrx_word' id='word_1_120' title='bbox 1440 2119 1491 2167; x_wconf 87' lang='lat' dir='ltr'>iu</span> <span class='ocrx_word' id='word_1_121' title='bbox 1517 2133 1603 2168; x_wconf 84' lang='lat' dir='ltr'>co·</span> 
     </span>
     <span class='ocr_line' id='line_1_24' title="bbox 532 2194 1604 2259; baseline 0.001 -16"><span class='ocrx_word' id='word_1_122' title='bbox 532 2194 647 2243; x_wconf 86' lang='lat' dir='ltr'>dice</span> <span class='ocrx_word' id='word_1_123' title='bbox 672 2194 1152 2259; x_wconf 81' lang='lat' dir='ltr'>Guelplierbytano,</span> <span class='ocrx_word' id='word_1_124' title='bbox 1178 2196 1284 2259; x_wconf 88' lang='lat' dir='ltr'>qui,</span> <span class='ocrx_word' id='word_1_125' title='bbox 1311 2209 1405 2258; x_wconf 91' lang='lat' dir='ltr'>pro</span> <span class='ocrx_word' id='word_1_126' title='bbox 1428 2196 1604 2244; x_wconf 78' lang='lat' dir='ltr'>valuis-</span> 
     </span>
     <span class='ocr_line' id='line_1_25' title="bbox 531 2273 1605 2334; baseline 0.002 -14"><span class='ocrx_word' id='word_1_127' title='bbox 531 2277 623 2332; x_wconf 76' lang='lat' dir='ltr'>set,</span> <span class='ocrx_word' id='word_1_128' title='bbox 664 2274 948 2321; x_wconf 74' lang='lat' dir='ltr'>oscitanter</span> <span class='ocrx_word' id='word_1_129' title='bbox 988 2273 1213 2334; x_wconf 77' lang='lat' dir='ltr'>reposuit</span> <span class='ocrx_word' id='word_1_130' title='bbox 1257 2273 1512 2330; x_wconf 55' lang='lat' dir='ltr'>voluissem</span> <span class='ocrx_word' id='word_1_131' title='bbox 1550 2280 1605 2322; x_wconf 88' lang='lat' dir='ltr'>et</span> 
     </span>
     <span class='ocr_line' id='line_1_26' title="bbox 534 2348 1603 2411; baseline 0.004 -17"><span class='ocrx_word' id='word_1_132' title='bbox 534 2348 586 2394; x_wconf 90' lang='lat' dir='ltr'>iu</span> <span class='ocrx_word' id='word_1_133' title='bbox 614 2348 785 2397; x_wconf 85' lang='lat' dir='ltr'>verbis</span> <span class='ocrx_word' id='word_1_134' title='bbox 805 2349 1073 2398; x_wconf 70' lang='lat' dir='ltr'>reverentia</span> <span class='ocrx_word' id='word_1_135' title='bbox 1095 2349 1187 2409; x_wconf 77' lang='lat' dir='ltr'>tui,</span> <span class='ocrx_word' id='word_1_136' title='bbox 1213 2363 1492 2411; x_wconf 87' lang='lat' dir='ltr'>pronomen</span> <span class='ocrx_word' id='word_1_137' title='bbox 1529 2350 1603 2398; x_wconf 73' lang='lat' dir='ltr'>tui</span> 
     </span>
     <span class='ocr_line' id='line_1_27' title="bbox 534 2425 1603 2489; baseline 0.003 -17"><span class='ocrx_word' id='word_1_138' title='bbox 534 2438 744 2486; x_wconf 82' lang='lat' dir='ltr'>prorsus</span> <span class='ocrx_word' id='word_1_139' title='bbox 769 2425 976 2485; x_wconf 78' lang='lat' dir='ltr'>omisit3</span> <span class='ocrx_word' id='word_1_140' title='bbox 1014 2440 1107 2488; x_wconf 90' lang='lat' dir='ltr'>pro</span> <span class='ocrx_word' id='word_1_141' title='bbox 1133 2439 1232 2487; x_wconf 83' lang='lat' dir='ltr'>quo</span> <span class='ocrx_word' id='word_1_142' title='bbox 1255 2440 1402 2489; x_wconf 79' lang='lat' dir='ltr'>seque</span> <span class='ocrx_word' id='word_1_143' title='bbox 1421 2427 1603 2476; x_wconf 85' lang='lat' dir='ltr'>vitiose</span> 
     </span>
     <span class='ocr_line' id='line_1_28' title="bbox 531 2502 1602 2564; baseline 0.002 -15"><span class='ocrx_word' id='word_1_144' title='bbox 531 2502 775 2549; x_wconf 87' lang='lat' dir='ltr'>librarius</span> <span class='ocrx_word' id='word_1_145' title='bbox 819 2502 869 2550; x_wconf 89' lang='lat' dir='ltr'>in</span> <span class='ocrx_word' id='word_1_146' title='bbox 915 2502 1092 2550; x_wconf 87' lang='lat' dir='ltr'>codice</span> <span class='ocrx_word' id='word_1_147' title='bbox 1138 2503 1344 2551; x_wconf 82' lang='lat' dir='ltr'>Veneto</span> <span class='ocrx_word' id='word_1_148' title='bbox 1393 2504 1602 2564; x_wconf 75' lang='lat' dir='ltr'>scripsit</span> 
     </span>
     <span class='ocr_line' id='line_1_29' title="bbox 533 2579 1602 2646; baseline 0.003 -21"><span class='ocrx_word' id='word_1_149' title='bbox 533 2585 633 2626; x_wconf 77' lang='lat' dir='ltr'>tua.</span> <span class='ocrx_word' id='word_1_150' title='bbox 702 2579 805 2626; x_wconf 87' lang='lat' dir='ltr'>Sed</span> <span class='ocrx_word' id='word_1_151' title='bbox 844 2593 942 2627; x_wconf 88' lang='lat' dir='ltr'>nec</span> <span class='ocrx_word' id='word_1_152' title='bbox 989 2594 1245 2627; x_wconf 87' lang='lat' dir='ltr'>moramur</span> <span class='ocrx_word' id='word_1_153' title='bbox 1288 2580 1413 2628; x_wconf 87' lang='lat' dir='ltr'>illud</span> <span class='ocrx_word' id='word_1_154' title='bbox 1460 2581 1602 2646; x_wconf 76' lang='lat' dir='ltr'>effici·</span> 
     </span>
     <span class='ocr_line' id='line_1_30' title="bbox 535 2654 1603 2717; baseline 0.002 -16"><span class='ocrx_word' id='word_1_155' title='bbox 535 2661 634 2714; x_wconf 76' lang='lat' dir='ltr'>tur,</span> <span class='ocrx_word' id='word_1_156' title='bbox 658 2654 794 2717; x_wconf 87' lang='lat' dir='ltr'>quod</span> <span class='ocrx_word' id='word_1_157' title='bbox 830 2669 922 2715; x_wconf 90' lang='lat' dir='ltr'>pro</span> <span class='ocrx_word' id='word_1_158' title='bbox 969 2658 1237 2717; x_wconf 65' lang='lat' dir='ltr'>praeterito</span> <span class='ocrx_word' id='word_1_159' title='bbox 1274 2666 1508 2716; x_wconf 86' lang='lat' dir='ltr'>tempore</span> <span class='ocrx_word' id='word_1_160' title='bbox 1532 2656 1603 2715; x_wconf 81' lang='lat' dir='ltr'>ef·</span> 
     </span>
     <span class='ocr_line' id='line_1_31' title="bbox 522 2728 1604 2788; baseline 0.003 -12"><span class='ocrx_word' id='word_1_161' title='bbox 522 2730 648 2788; x_wconf 78' lang='lat' dir='ltr'>fecit</span> <span class='ocrx_word' id='word_1_162' title='bbox 686 2728 921 2778; x_wconf 84' lang='lat' dir='ltr'>innostro</span> <span class='ocrx_word' id='word_1_163' title='bbox 968 2729 1147 2779; x_wconf 89' lang='lat' dir='ltr'>codice</span> <span class='ocrx_word' id='word_1_164' title='bbox 1183 2739 1454 2781; x_wconf 84' lang='lat' dir='ltr'>exaratum</span> <span class='ocrx_word' id='word_1_165' title='bbox 1505 2741 1604 2781; x_wconf 85' lang='lat' dir='ltr'>est.</span> 
     </span>
     <span class='ocr_line' id='line_1_32' title="bbox 538 2807 692 2855; baseline -0.013 -1"><span class='ocrx_word' id='word_1_166' title='bbox 538 2807 692 2855; x_wconf 82' lang='lat' dir='ltr'>Idem.</span> 
     </span>
    </p>

    <p class='ocr_par' dir='ltr' id='par_1_4' title="bbox 535 2882 1609 4259">
     <span class='ocr_line' id='line_1_33' title="bbox 606 2882 1604 2950; baseline 0.003 -19"><span class='ocrx_word' id='word_1_167' title='bbox 606 2883 833 2932; x_wconf 75' lang='lat' dir='ltr'>eminuit</span> <span class='ocrx_word' id='word_1_168' title='bbox 869 2882 1064 2948; x_wconf 79' lang='lat' dir='ltr'>aliquis]</span> <span class='ocrx_word' id='word_1_169' title='bbox 1111 2884 1372 2939; x_wconf 74' lang='lat' dir='ltr'>Tiberius,</span> <span class='ocrx_word' id='word_1_170' title='bbox 1407 2885 1471 2934; x_wconf 86' lang='lat' dir='ltr'>‘a</span> <span class='ocrx_word' id='word_1_171' title='bbox 1503 2901 1604 2950; x_wconf 86' lang='lat' dir='ltr'>quo</span> 
     </span>
     <span class='ocr_line' id='line_1_34' title="bbox 538 2958 1602 3022; baseline 0.005 -16"><span class='ocrx_word' id='word_1_172' title='bbox 538 2960 671 3022; x_wconf 89' lang='lat' dir='ltr'>pulsi</span> <span class='ocrx_word' id='word_1_173' title='bbox 722 2960 994 3008; x_wconf 80' lang='lat' dir='ltr'>histriones</span> <span class='ocrx_word' id='word_1_174' title='bbox 1042 2958 1235 3020; x_wconf 85' lang='lat' dir='ltr'>ltalia,&#39;</span> <span class='ocrx_word' id='word_1_175' title='bbox 1277 2961 1448 3010; x_wconf 81' lang='lat' dir='ltr'>Tacit.</span> <span class='ocrx_word' id='word_1_176' title='bbox 1496 2961 1602 3011; x_wconf 80' lang='lat' dir='ltr'>Au·</span> 
     </span>
     <span class='ocr_line' id='line_1_35' title="bbox 535 3037 1603 3101; baseline 0.001 -14"><span class='ocrx_word' id='word_1_177' title='bbox 535 3038 639 3087; x_wconf 80' lang='lat' dir='ltr'>nal.</span> <span class='ocrx_word' id='word_1_178' title='bbox 668 3051 743 3086; x_wconf 85' lang='lat' dir='ltr'>tv.</span> <span class='ocrx_word' id='word_1_179' title='bbox 773 3042 852 3087; x_wconf 80' lang='lat'>14.</span> <span class='ocrx_word' id='word_1_180' title='bbox 888 3046 940 3086; x_wconf 87' lang='lat' dir='ltr'>et</span> <span class='ocrx_word' id='word_1_181' title='bbox 980 3037 1140 3093; x_wconf 87' lang='lat' dir='ltr'>Nero,</span> <span class='ocrx_word' id='word_1_182' title='bbox 1178 3052 1208 3087; x_wconf 85' lang='lat' dir='ltr'>a</span> <span class='ocrx_word' id='word_1_183' title='bbox 1245 3053 1345 3101; x_wconf 90' lang='lat' dir='ltr'>quo</span> <span class='ocrx_word' id='word_1_184' title='bbox 1378 3041 1394 3067; x_wconf 89' lang='lat'>‘</span> <span class='ocrx_word' id='word_1_185' title='bbox 1418 3049 1603 3101; x_wconf 87' lang='lat' dir='ltr'>panto-</span> 
     </span>
     <span class='ocr_line' id='line_1_36' title="bbox 538 3113 1603 3187; baseline 0.002 -25"><span class='ocrx_word' id='word_1_186' title='bbox 538 3117 808 3164; x_wconf 83' lang='lat' dir='ltr'>mimorum</span> <span class='ocrx_word' id='word_1_187' title='bbox 835 3113 1084 3163; x_wconf 83' lang='lat' dir='ltr'>sactiones</span> <span class='ocrx_word' id='word_1_188' title='bbox 1119 3129 1233 3163; x_wconf 90' lang='lat' dir='ltr'>cum</span> <span class='ocrx_word' id='word_1_189' title='bbox 1262 3116 1383 3187; x_wconf 71' lang='lat' dir='ltr'>ipsis</span> <span class='ocrx_word' id='word_1_190' title='bbox 1408 3117 1603 3179; x_wconf 77' lang='lat' dir='ltr'>relega-</span> 
     </span>
     <span class='ocr_line' id='line_1_37' title="bbox 540 3180 1604 3253; baseline 0.005 -15"><span class='ocrx_word' id='word_1_191' title='bbox 540 3190 645 3245; x_wconf 84' lang='lat' dir='ltr'>tae,&#39;</span> <span class='ocrx_word' id='word_1_192' title='bbox 679 3180 890 3239; x_wconf 87' lang='lat' dir='ltr'>Sueton.</span> <span class='ocrx_word' id='word_1_193' title='bbox 925 3205 1036 3253; x_wconf 85' lang='lat' dir='ltr'>cap.</span> <span class='ocrx_word' id='word_1_194' title='bbox 1075 3195 1157 3241; x_wconf 81' lang='lat'>16.</span> <span class='ocrx_word' id='word_1_195' title='bbox 1181 3201 1231 3240; x_wconf 87' lang='lat' dir='ltr'>et</span> <span class='ocrx_word' id='word_1_196' title='bbox 1263 3193 1604 3250; x_wconf 87' lang='lat' dir='ltr'>Domitianus,</span> 
     </span>
     <span class='ocr_line' id='line_1_38' title="bbox 541 3268 1604 3334; baseline 0.006 -20"><span class='ocrx_word' id='word_1_197' title='bbox 541 3269 628 3328; x_wconf 86' lang='lat' dir='ltr'>qui</span> <span class='ocrx_word' id='word_1_198' title='bbox 667 3274 680 3294; x_wconf 85' lang='lat'><strong>·</strong></span> <span class='ocrx_word' id='word_1_199' title='bbox 700 3268 971 3317; x_wconf 83' lang='lat' dir='ltr'>interdixit</span> <span class='ocrx_word' id='word_1_200' title='bbox 998 3269 1332 3319; x_wconf 77' lang='lat' dir='ltr'>histrionibus</span> <span class='ocrx_word' id='word_1_201' title='bbox 1358 3271 1604 3334; x_wconf 82' lang='lat' dir='ltr'>scenam,&#39;</span> 
     </span>
     <span class='ocr_line' id='line_1_39' title="bbox 537 3341 1602 3409; baseline 0.009 -20"><span class='ocrx_word' id='word_1_202' title='bbox 537 3341 686 3395; x_wconf 84' lang='lat' dir='ltr'>Idem</span> <span class='ocrx_word' id='word_1_203' title='bbox 711 3344 928 3394; x_wconf 87' lang='lat' dir='ltr'>Sueton.</span> <span class='ocrx_word' id='word_1_204' title='bbox 951 3360 1067 3409; x_wconf 82' lang='lat' dir='ltr'>cap.</span> <span class='ocrx_word' id='word_1_205' title='bbox 1095 3350 1143 3395; x_wconf 86' lang='grc'><strong>7.</strong></span> <span class='ocrx_word' id='word_1_206' title='bbox 1214 3347 1350 3395; x_wconf 86' lang='lat' dir='ltr'>Vide</span> <span class='ocrx_word' id='word_1_207' title='bbox 1385 3358 1438 3397; x_wconf 88' lang='lat' dir='ltr'>et</span> <span class='ocrx_word' id='word_1_208' title='bbox 1475 3349 1602 3398; x_wconf 89' lang='lat' dir='ltr'>Dio·</span> 
     </span>
     <span class='ocr_line' id='line_1_40' title="bbox 541 3421 1409 3478; baseline 0.002 -10"><span class='ocrx_word' id='word_1_209' title='bbox 541 3433 658 3469; x_wconf 88' lang='lat' dir='ltr'>nem</span> <span class='ocrx_word' id='word_1_210' title='bbox 686 3421 939 3478; x_wconf 87' lang='lat' dir='ltr'>Cassium,</span> <span class='ocrx_word' id='word_1_211' title='bbox 963 3423 1152 3472; x_wconf 73' lang='lat' dir='ltr'>cenat.</span> <span class='ocrx_word' id='word_1_212' title='bbox 1191 3424 1409 3471; x_wconf 75' lang='lat' dir='ltr'>Palm-01.</span> 
     </span>
     <span class='ocr_line' id='line_1_41' title="bbox 538 3498 1608 3562; baseline 0.004 -16"><span class='ocrx_word' id='word_1_213' title='bbox 538 3538 541 3539; x_wconf 12' lang='grc' dir='ltr'><em>γ</em></span> <span class='ocrx_word' id='word_1_214' title='bbox 613 3498 832 3548; x_wconf 69' lang='lat' dir='ltr'>Obtinui:</span> <span class='ocrx_word' id='word_1_215' title='bbox 857 3501 1056 3562; x_wconf 79' lang='lat' dir='ltr'>aliquis]</span> <span class='ocrx_word' id='word_1_216' title='bbox 1094 3501 1156 3548; x_wconf 85' lang='lat' dir='ltr'>Et</span> <span class='ocrx_word' id='word_1_217' title='bbox 1185 3500 1428 3548; x_wconf 76' lang='lat' dir='ltr'>Tiberius</span> <span class='ocrx_word' id='word_1_218' title='bbox 1467 3502 1608 3562; x_wconf 91' lang='lat' dir='ltr'>olim,</span> 
     </span>
     <span class='ocr_line' id='line_1_42' title="bbox 539 3574 1606 3641; baseline 0.005 -17"><span class='ocrx_word' id='word_1_219' title='bbox 539 3574 704 3624; x_wconf 82' lang='lat' dir='ltr'>Tacit.</span> <span class='ocrx_word' id='word_1_220' title='bbox 731 3576 915 3623; x_wconf 63' lang='lat' dir='ltr'>Annuit.</span> <span class='ocrx_word' id='word_1_221' title='bbox 943 3590 1023 3623; x_wconf 81' lang='lat' dir='ltr'>tv.</span> <span class='ocrx_word' id='word_1_222' title='bbox 1049 3581 1126 3625; x_wconf 68' lang='lat'>1⁴.</span> <span class='ocrx_word' id='word_1_223' title='bbox 1151 3578 1295 3624; x_wconf 86' lang='lat' dir='ltr'>Suet.</span> <span class='ocrx_word' id='word_1_224' title='bbox 1329 3578 1454 3626; x_wconf 89' lang='lat' dir='ltr'>Ner.</span> <span class='ocrx_word' id='word_1_225' title='bbox 1490 3593 1606 3641; x_wconf 84' lang='lat' dir='ltr'>cap.</span> 
     </span>
     <span class='ocr_line' id='line_1_43' title="bbox 544 3652 1603 3718; baseline 0.003 -18"><span class='ocrx_word' id='word_1_226' title='bbox 544 3656 592 3700; x_wconf 90' lang='lat' dir='ltr'>l.</span> <span class='ocrx_word' id='word_1_227' title='bbox 643 3653 859 3700; x_wconf 86' lang='lat' dir='ltr'>Sueton.</span> <span class='ocrx_word' id='word_1_228' title='bbox 903 3652 1103 3699; x_wconf 86' lang='lat' dir='ltr'>Domit.</span> <span class='ocrx_word' id='word_1_229' title='bbox 1149 3666 1266 3714; x_wconf 89' lang='lat' dir='ltr'>cap.</span> <span class='ocrx_word' id='word_1_230' title='bbox 1308 3657 1357 3702; x_wconf 85' lang='grc'><strong>7.</strong></span> <span class='ocrx_word' id='word_1_231' title='bbox 1400 3669 1479 3717; x_wconf 88' lang='lat' dir='ltr'>pr.</span> <span class='ocrx_word' id='word_1_232' title='bbox 1519 3656 1603 3718; x_wconf 88' lang='lat' dir='ltr'>qui</span> 
     </span>
     <span class='ocr_line' id='line_1_44' title="bbox 543 3727 1606 3793; baseline 0.004 -17"><span class='ocrx_word' id='word_1_233' title='bbox 543 3728 845 3776; x_wconf 76' lang='lat' dir='ltr'>‘histriones</span> <span class='ocrx_word' id='word_1_234' title='bbox 880 3727 1040 3775; x_wconf 87' lang='lat' dir='ltr'>ltalia</span> <span class='ocrx_word' id='word_1_235' title='bbox 1079 3729 1329 3790; x_wconf 82' lang='lat' dir='ltr'>pepulit3&#39;</span> <span class='ocrx_word' id='word_1_236' title='bbox 1362 3738 1417 3779; x_wconf 88' lang='lat' dir='ltr'>et</span> <span class='ocrx_word' id='word_1_237' title='bbox 1444 3732 1606 3793; x_wconf 89' lang='lat' dir='ltr'>Nero,</span> 
     </span>
     <span class='ocr_line' id='line_1_45' title="bbox 542 3802 1608 3869; baseline 0.003 -15"><span class='ocrx_word' id='word_1_238' title='bbox 542 3807 627 3869; x_wconf 90' lang='lat' dir='ltr'>qui</span> <span class='ocrx_word' id='word_1_239' title='bbox 679 3802 966 3853; x_wconf 83' lang='lat' dir='ltr'>‘factiones</span> <span class='ocrx_word' id='word_1_240' title='bbox 1026 3806 1459 3866; x_wconf 85' lang='lat' dir='ltr'>pantomimorum</span> <span class='ocrx_word' id='word_1_241' title='bbox 1507 3823 1608 3857; x_wconf 86' lang='lat' dir='ltr'>una</span> 
     </span>
     <span class='ocr_line' id='line_1_46' title="bbox 542 3882 1608 3947; baseline 0.003 -15"><span class='ocrx_word' id='word_1_242' title='bbox 542 3898 659 3932; x_wconf 88' lang='lat' dir='ltr'>curn</span> <span class='ocrx_word' id='word_1_243' title='bbox 697 3883 821 3946; x_wconf 89' lang='lat' dir='ltr'>ipsis</span> <span class='ocrx_word' id='word_1_244' title='bbox 859 3883 1108 3947; x_wconf 81' lang='lat' dir='ltr'>relegavit</span> <span class='ocrx_word' id='word_1_245' title='bbox 1128 3882 1161 3943; x_wconf 72' lang='grc' dir='ltr'>ς’</span> <span class='ocrx_word' id='word_1_246' title='bbox 1194 3891 1249 3932; x_wconf 84' lang='lat' dir='ltr'>et</span> <span class='ocrx_word' id='word_1_247' title='bbox 1278 3885 1608 3935; x_wconf 85' lang='lat' dir='ltr'>Domitianus</span> 
     </span>
     <span class='ocr_line' id='line_1_47' title="bbox 543 3960 1608 4026; baseline 0.002 -18"><span class='ocrx_word' id='word_1_248' title='bbox 543 3960 789 4026; x_wconf 86' lang='lat' dir='ltr'>denique,</span> <span class='ocrx_word' id='word_1_249' title='bbox 824 3961 941 4024; x_wconf 86' lang='lat' dir='ltr'>‘qui</span> <span class='ocrx_word' id='word_1_250' title='bbox 982 3961 1250 4009; x_wconf 79' lang='lat' dir='ltr'>interdixit</span> <span class='ocrx_word' id='word_1_251' title='bbox 1273 3962 1608 4011; x_wconf 75' lang='lat' dir='ltr'>histrionibus</span> 
     </span>
     <span class='ocr_line' id='line_1_48' title="bbox 539 4037 1609 4102; baseline 0.001 -15"><span class='ocrx_word' id='word_1_252' title='bbox 539 4052 764 4100; x_wconf 82' lang='lat' dir='ltr'>scenam,</span> <span class='ocrx_word' id='word_1_253' title='bbox 802 4037 935 4086; x_wconf 84' lang='lat' dir='ltr'>intra</span> <span class='ocrx_word' id='word_1_254' title='bbox 974 4038 1179 4086; x_wconf 87' lang='lat' dir='ltr'>domum</span> <span class='ocrx_word' id='word_1_255' title='bbox 1217 4039 1423 4102; x_wconf 88' lang='lat' dir='ltr'>quidem</span> <span class='ocrx_word' id='word_1_256' title='bbox 1459 4054 1609 4088; x_wconf 82' lang='lat' dir='ltr'>exer-</span> 
     </span>
     <span class='ocr_line' id='line_1_49' title="bbox 545 4114 1609 4177; baseline 0.002 -14"><span class='ocrx_word' id='word_1_257' title='bbox 545 4114 697 4163; x_wconf 88' lang='lat' dir='ltr'>cendi</span> <span class='ocrx_word' id='word_1_258' title='bbox 722 4121 887 4162; x_wconf 87' lang='lat' dir='ltr'>artem</span> <span class='ocrx_word' id='word_1_259' title='bbox 913 4115 1035 4177; x_wconf 89' lang='lat' dir='ltr'>jure</span> <span class='ocrx_word' id='word_1_260' title='bbox 1060 4114 1345 4163; x_wconf 88' lang='lat' dir='ltr'>concesso.&#39;</span> <span class='ocrx_word' id='word_1_261' title='bbox 1409 4116 1486 4163; x_wconf 87' lang='lat' dir='ltr'>De</span> <span class='ocrx_word' id='word_1_262' title='bbox 1511 4117 1609 4165; x_wconf 87' lang='lat' dir='ltr'>isto</span> 
     </span>
     <span class='ocr_line' id='line_1_50' title="bbox 547 4192 1579 4259; baseline 0.003 -19"><span class='ocrx_word' id='word_1_263' title='bbox 547 4206 662 4240; x_wconf 81' lang='lat' dir='ltr'>eum</span> <span class='ocrx_word' id='word_1_264' title='bbox 686 4193 897 4247; x_wconf 86' lang='lat' dir='ltr'>sentire,</span> <span class='ocrx_word' id='word_1_265' title='bbox 927 4193 1198 4256; x_wconf 86' lang='lat' dir='ltr'>sequeutia</span> <span class='ocrx_word' id='word_1_266' title='bbox 1221 4192 1428 4243; x_wconf 88' lang='lat' dir='ltr'>docent.</span> <span class='ocrx_word' id='word_1_267' title='bbox 1444 4194 1579 4259; x_wconf 77' lang='lat' dir='ltr'>Lips.</span> 
     </span>
    </p>

    <p class='ocr_par' dir='ltr' id='par_1_5' title="bbox 611 4267 1608 4333">
     <span class='ocr_line' id='line_1_51' title="bbox 611 4267 1608 4333; baseline 0.008 -17"><span class='ocrx_word' id='word_1_268' title='bbox 611 4267 1043 4333; x_wconf 76' lang='lat' dir='ltr'>Pantomimoram]</span> <span class='ocrx_word' id='word_1_269' title='bbox 1079 4270 1163 4320; x_wconf 86' lang='lat' dir='ltr'>Ne</span> <span class='ocrx_word' id='word_1_270' title='bbox 1183 4270 1505 4323; x_wconf 76' lang='lat' dir='ltr'>histrioniam</span> <span class='ocrx_word' id='word_1_271' title='bbox 1526 4287 1608 4324; x_wconf 85' lang='lat' dir='ltr'>ar·</span> 
     </span>
    </p>
   </div>
   <div class='ocr_carea' id='block_1_3' title="bbox 1238 362 2042 415">
    <p class='ocr_par' dir='ltr' id='par_1_6' title="bbox 1238 362 2042 415">
     <span class='ocr_line' id='line_1_52' title="bbox 1238 362 2042 415; baseline -0.005 0"><span class='ocrx_word' id='word_1_272' title='bbox 1238 364 1457 415; x_wconf 75' lang='lat' dir='ltr'>No&#39;rAE</span> <span class='ocrx_word' id='word_1_273' title='bbox 1506 362 1913 413; x_wconf 69' lang='lat' dir='ltr'>vammum</span> <span class='ocrx_word' id='word_1_274' title='bbox 1967 363 2042 411; x_wconf 70' lang='lat' dir='ltr'>tu</span> 
     </span>
    </p>
   </div>
   <div class='ocr_carea' id='block_1_4' title="bbox 1676 504 2759 4337">
    <p class='ocr_par' dir='ltr' id='par_1_7' title="bbox 1678 504 2751 647">
     <span class='ocr_line' id='line_1_53' title="bbox 1679 504 2751 569; baseline -0.001 -12"><span class='ocrx_word' id='word_1_275' title='bbox 1679 514 1784 557; x_wconf 85' lang='lat' dir='ltr'>tem</span> <span class='ocrx_word' id='word_1_276' title='bbox 1807 507 1859 556; x_wconf 91' lang='lat' dir='ltr'>in</span> <span class='ocrx_word' id='word_1_277' title='bbox 1881 520 2039 556; x_wconf 84' lang='lat' dir='ltr'>scena</span> <span class='ocrx_word' id='word_1_278' title='bbox 2062 511 2118 555; x_wconf 89' lang='lat' dir='ltr'>et</span> <span class='ocrx_word' id='word_1_279' title='bbox 2142 504 2192 554; x_wconf 88' lang='lat' dir='ltr'>in</span> <span class='ocrx_word' id='word_1_280' title='bbox 2227 505 2502 569; x_wconf 84' lang='lat' dir='ltr'>propatulo</span> <span class='ocrx_word' id='word_1_281' title='bbox 2536 518 2751 556; x_wconf 82' lang='lat' dir='ltr'>exerce·</span> 
     </span>
     <span class='ocr_line' id='line_1_54' title="bbox 1678 584 2177 647; baseline 0 -14"><span class='ocrx_word' id='word_1_282' title='bbox 1678 599 1736 633; x_wconf 90' lang='lat' dir='ltr'>re</span> <span class='ocrx_word' id='word_1_283' title='bbox 1759 590 1989 647; x_wconf 81' lang='lat' dir='ltr'>possent.</span> <span class='ocrx_word' id='word_1_284' title='bbox 2024 584 2177 633; x_wconf 79' lang='lat' dir='ltr'>Rern.</span> 
     </span>
    </p>

    <p class='ocr_par' dir='ltr' id='par_1_8' title="bbox 1676 658 2750 1111">
     <span class='ocr_line' id='line_1_55' title="bbox 1744 658 2748 721; baseline 0 -12"><span class='ocrx_word' id='word_1_285' title='bbox 1744 658 2180 721; x_wconf 77' lang='lat' dir='ltr'>Pantomimorum]</span> <span class='ocrx_word' id='word_1_286' title='bbox 2232 659 2335 709; x_wconf 83' lang='lat' dir='ltr'>Qui</span> <span class='ocrx_word' id='word_1_287' title='bbox 2375 667 2524 721; x_wconf 66' lang='lat' dir='ltr'>gestu</span> <span class='ocrx_word' id='word_1_288' title='bbox 2556 667 2610 708; x_wconf 88' lang='lat' dir='ltr'>et</span> <span class='ocrx_word' id='word_1_289' title='bbox 2646 659 2748 710; x_wconf 83' lang='lat' dir='ltr'>sal·</span> 
     </span>
     <span class='ocr_line' id='line_1_56' title="bbox 1679 736 2749 801; baseline -0.004 -14"><span class='ocrx_word' id='word_1_290' title='bbox 1679 738 1896 801; x_wconf 88' lang='lat' dir='ltr'>tatione,</span> <span class='ocrx_word' id='word_1_291' title='bbox 1912 745 2161 800; x_wconf 87' lang='lat' dir='ltr'>motuque</span> <span class='ocrx_word' id='word_1_292' title='bbox 2186 737 2444 799; x_wconf 87' lang='lat' dir='ltr'>corporis,</span> <span class='ocrx_word' id='word_1_293' title='bbox 2464 736 2634 784; x_wconf 83' lang='lat' dir='ltr'>omnia</span> <span class='ocrx_word' id='word_1_294' title='bbox 2656 748 2749 784; x_wconf 81' lang='lat' dir='ltr'>ex·</span> 
     </span>
     <span class='ocr_line' id='line_1_57' title="bbox 1676 812 2745 879; baseline -0.003 -16"><span class='ocrx_word' id='word_1_295' title='bbox 1676 814 1907 879; x_wconf 89' lang='lat' dir='ltr'>primunt</span> <span class='ocrx_word' id='word_1_296' title='bbox 1943 822 1997 863; x_wconf 90' lang='lat' dir='ltr'>et</span> <span class='ocrx_word' id='word_1_297' title='bbox 2027 813 2310 874; x_wconf 79' lang='lat' dir='ltr'>imitantur,</span> <span class='ocrx_word' id='word_1_298' title='bbox 2341 812 2481 862; x_wconf 87' lang='lat' dir='ltr'>unde</span> <span class='ocrx_word' id='word_1_299' title='bbox 2506 812 2745 861; x_wconf 81' lang='lat' dir='ltr'>Graecum</span> 
     </span>
     <span class='ocr_line' id='line_1_58' title="bbox 1677 890 2749 950; baseline -0.007 -5"><span class='ocrx_word' id='word_1_300' title='bbox 1677 909 1882 945; x_wconf 83' lang='lat' dir='ltr'>nomen.</span> <span class='ocrx_word' id='word_1_301' title='bbox 1952 893 2126 942; x_wconf 89' lang='lat' dir='ltr'>Latini</span> <span class='ocrx_word' id='word_1_302' title='bbox 2163 890 2511 950; x_wconf 85' lang='lat' dir='ltr'>‘histriones‚’</span> <span class='ocrx_word' id='word_1_303' title='bbox 2543 899 2600 938; x_wconf 89' lang='lat' dir='ltr'>et</span> <span class='ocrx_word' id='word_1_304' title='bbox 2621 890 2749 938; x_wconf 83' lang='lat' dir='ltr'>‘sal-</span> 
     </span>
     <span class='ocr_line' id='line_1_59' title="bbox 1678 965 2750 1033; baseline -0.006 -15"><span class='ocrx_word' id='word_1_305' title='bbox 1678 969 1910 1031; x_wconf 86' lang='lat' dir='ltr'>tatores‚&#39;</span> <span class='ocrx_word' id='word_1_306' title='bbox 1934 976 1992 1020; x_wconf 90' lang='lat' dir='ltr'>et</span> <span class='ocrx_word' id='word_1_307' title='bbox 2023 972 2037 998; x_wconf 81' lang='lat'>⁸</span> <span class='ocrx_word' id='word_1_308' title='bbox 2055 967 2483 1033; x_wconf 83' lang='lat' dir='ltr'>gesticulatores,&#39;</span> <span class='ocrx_word' id='word_1_309' title='bbox 2507 965 2750 1016; x_wconf 88' lang='lat' dir='ltr'>reddunt.</span> 
     </span>
     <span class='ocr_line' id='line_1_60' title="bbox 1676 1048 1812 1111; baseline -0.007 -15"><span class='ocrx_word' id='word_1_310' title='bbox 1676 1048 1812 1111; x_wconf 78' lang='lat' dir='ltr'>Lips.</span> 
     </span>
    </p>

    <p class='ocr_par' dir='ltr' id='par_1_9' title="bbox 1677 1118 2759 4337">
     <span class='ocr_line' id='line_1_61' title="bbox 1743 1118 2748 1184; baseline -0.005 -12"><span class='ocrx_word' id='word_1_311' title='bbox 1743 1120 2172 1184; x_wconf 76' lang='lat' dir='ltr'>Pantomimorum]</span> <span class='ocrx_word' id='word_1_312' title='bbox 2228 1118 2427 1169; x_wconf 80' lang='lat' dir='ltr'>Horum</span> <span class='ocrx_word' id='word_1_313' title='bbox 2464 1118 2748 1168; x_wconf 78' lang='lat' dir='ltr'>“historiam</span> 
     </span>
     <span class='ocr_line' id='line_1_62' title="bbox 1677 1193 2750 1262; baseline -0.005 -15"><span class='ocrx_word' id='word_1_314' title='bbox 1677 1200 1919 1262; x_wconf 76' lang='lat' dir='ltr'>exposuit</span> <span class='ocrx_word' id='word_1_315' title='bbox 1944 1199 2132 1248; x_wconf 84' lang='lat' dir='ltr'>Octav.</span> <span class='ocrx_word' id='word_1_316' title='bbox 2167 1196 2434 1245; x_wconf 79' lang='lat' dir='ltr'>Ferrarius</span> <span class='ocrx_word' id='word_1_317' title='bbox 2474 1194 2525 1243; x_wconf 92' lang='lat' dir='ltr'>in</span> <span class='ocrx_word' id='word_1_318' title='bbox 2558 1193 2750 1243; x_wconf 83' lang='lat' dir='ltr'>disser-</span> 
     </span>
     <span class='ocr_line' id='line_1_63' title="bbox 1679 1270 2749 1339; baseline -0.007 -14"><span class='ocrx_word' id='word_1_319' title='bbox 1679 1276 1880 1326; x_wconf 76' lang='lat' dir='ltr'>tatione</span> <span class='ocrx_word' id='word_1_320' title='bbox 1923 1283 2194 1339; x_wconf 80' lang='lat' dir='ltr'>postuma;</span> <span class='ocrx_word' id='word_1_321' title='bbox 2245 1287 2310 1322; x_wconf 85' lang='lat' dir='ltr'>ex</span> <span class='ocrx_word' id='word_1_322' title='bbox 2358 1286 2461 1335; x_wconf 86' lang='lat' dir='ltr'>qua</span> <span class='ocrx_word' id='word_1_323' title='bbox 2505 1284 2609 1320; x_wconf 88' lang='lat' dir='ltr'>non</span> <span class='ocrx_word' id='word_1_324' title='bbox 2654 1270 2749 1319; x_wconf 88' lang='lat' dir='ltr'>nisi</span> 
     </span>
     <span class='ocr_line' id='line_1_64' title="bbox 1678 1346 2749 1416; baseline -0.006 -15"><span class='ocrx_word' id='word_1_325' title='bbox 1678 1367 1847 1416; x_wconf 86' lang='lat' dir='ltr'>panca</span> <span class='ocrx_word' id='word_1_326' title='bbox 1891 1352 2126 1416; x_wconf 62' lang='lat' dir='ltr'>quasdam</span> <span class='ocrx_word' id='word_1_327' title='bbox 2173 1363 2309 1398; x_wconf 88' lang='lat' dir='ltr'>nune</span> <span class='ocrx_word' id='word_1_328' title='bbox 2355 1346 2543 1397; x_wconf 82' lang='lat' dir='ltr'>afferre</span> <span class='ocrx_word' id='word_1_329' title='bbox 2602 1346 2749 1397; x_wconf 78' lang='lat' dir='ltr'>libet.</span> 
     </span>
     <span class='ocr_line' id='line_1_65' title="bbox 1680 1426 2748 1494; baseline -0.004 -14"><span class='ocrx_word' id='word_1_330' title='bbox 1680 1432 1809 1481; x_wconf 89' lang='lat' dir='ltr'>Cum</span> <span class='ocrx_word' id='word_1_331' title='bbox 1832 1445 2020 1494; x_wconf 87' lang='lat' dir='ltr'>nempe</span> <span class='ocrx_word' id='word_1_332' title='bbox 2056 1430 2222 1494; x_wconf 89' lang='lat' dir='ltr'>primo</span> <span class='ocrx_word' id='word_1_333' title='bbox 2246 1429 2297 1478; x_wconf 88' lang='lat' dir='ltr'>in</span> <span class='ocrx_word' id='word_1_334' title='bbox 2325 1427 2611 1490; x_wconf 81' lang='lat' dir='ltr'>tragoediis,</span> <span class='ocrx_word' id='word_1_335' title='bbox 2634 1426 2748 1476; x_wconf 83' lang='lat' dir='ltr'>sub·</span> 
     </span>
     <span class='ocr_line' id='line_1_66' title="bbox 1681 1504 2750 1568; baseline -0.007 -11"><span class='ocrx_word' id='word_1_336' title='bbox 1681 1508 1788 1557; x_wconf 82' lang='lat' dir='ltr'>lato</span> <span class='ocrx_word' id='word_1_337' title='bbox 1824 1508 1998 1568; x_wconf 81' lang='lat' dir='ltr'>choro,</span> <span class='ocrx_word' id='word_1_338' title='bbox 2020 1507 2497 1561; x_wconf 86' lang='lat' dir='ltr'>introducerentur,</span> <span class='ocrx_word' id='word_1_339' title='bbox 2521 1504 2609 1565; x_wconf 86' lang='lat' dir='ltr'>qui</span> <span class='ocrx_word' id='word_1_340' title='bbox 2645 1518 2750 1551; x_wconf 86' lang='lat' dir='ltr'>mo·</span> 
     </span>
     <span class='ocr_line' id='line_1_67' title="bbox 1681 1579 2750 1644; baseline -0.007 -8"><span class='ocrx_word' id='word_1_341' title='bbox 1681 1589 1773 1636; x_wconf 90' lang='lat' dir='ltr'>dos</span> <span class='ocrx_word' id='word_1_342' title='bbox 1811 1584 2081 1644; x_wconf 82' lang='lat' dir='ltr'>facerent3</span> <span class='ocrx_word' id='word_1_343' title='bbox 2119 1583 2273 1632; x_wconf 81' lang='lat' dir='ltr'>etiarn</span> <span class='ocrx_word' id='word_1_344' title='bbox 2309 1588 2515 1630; x_wconf 84' lang='lat' dir='ltr'>actores</span> <span class='ocrx_word' id='word_1_345' title='bbox 2552 1579 2750 1629; x_wconf 86' lang='lat' dir='ltr'>inducti</span> 
     </span>
     <span class='ocr_line' id='line_1_68' title="bbox 1680 1665 2751 1723; baseline -0.006 -13"><span class='ocrx_word' id='word_1_346' title='bbox 1680 1669 1800 1711; x_wconf 86' lang='lat' dir='ltr'>sunt</span> <span class='ocrx_word' id='word_1_347' title='bbox 1826 1670 1973 1709; x_wconf 81' lang='lat' dir='ltr'>extra</span> <span class='ocrx_word' id='word_1_348' title='bbox 2009 1665 2391 1723; x_wconf 76' lang='lat' dir='ltr'>argumentum,</span> <span class='ocrx_word' id='word_1_349' title='bbox 2414 1671 2632 1720; x_wconf 84' lang='lat' dir='ltr'>quorum</span> <span class='ocrx_word' id='word_1_350' title='bbox 2668 1670 2751 1704; x_wconf 86' lang='lat' dir='ltr'>ur·</span> 
     </span>
     <span class='ocr_line' id='line_1_69' title="bbox 1681 1734 2750 1801; baseline -0.007 -14"><span class='ocrx_word' id='word_1_351' title='bbox 1681 1738 1917 1787; x_wconf 83' lang='lat' dir='ltr'>banitate</span> <span class='ocrx_word' id='word_1_352' title='bbox 1953 1751 2014 1786; x_wconf 88' lang='lat' dir='ltr'>ac</span> <span class='ocrx_word' id='word_1_353' title='bbox 2043 1737 2179 1801; x_wconf 88' lang='lat' dir='ltr'>jocis</span> <span class='ocrx_word' id='word_1_354' title='bbox 2215 1734 2370 1784; x_wconf 80' lang='lat' dir='ltr'>animi</span> <span class='ocrx_word' id='word_1_355' title='bbox 2394 1742 2750 1797; x_wconf 81' lang='lat' dir='ltr'>spectatorum</span> 
     </span>
     <span class='ocr_line' id='line_1_70' title="bbox 1680 1810 2749 1878; baseline -0.004 -16"><span class='ocrx_word' id='word_1_356' title='bbox 1680 1814 1981 1864; x_wconf 80' lang='lat' dir='ltr'>laxarentur</span> <span class='ocrx_word' id='word_1_357' title='bbox 2001 1831 2015 1874; x_wconf 93' lang='lat'><strong>;</strong></span> <span class='ocrx_word' id='word_1_358' title='bbox 2052 1821 2209 1878; x_wconf 84' lang='lat' dir='ltr'>atque</span> <span class='ocrx_word' id='word_1_359' title='bbox 2233 1812 2285 1860; x_wconf 87' lang='lat' dir='ltr'>bi</span> <span class='ocrx_word' id='word_1_360' title='bbox 2308 1811 2434 1873; x_wconf 71' lang='grc' dir='ltr'>παρὰ</span> <span class='ocrx_word' id='word_1_361' title='bbox 2454 1811 2544 1857; x_wconf 77' lang='grc' dir='ltr'>τοῦ</span> <span class='ocrx_word' id='word_1_362' title='bbox 2563 1810 2749 1870; x_wconf 57' lang='lat' dir='ltr'>plaste·</span> 
     </span>
     <span class='ocr_line' id='line_1_71' title="bbox 1678 1887 2749 1954; baseline -0.005 -13"><span class='ocrx_word' id='word_1_363' title='bbox 1678 1896 1769 1954; x_wconf 78' lang='grc' dir='ltr'>θαι,</span> <span class='ocrx_word' id='word_1_364' title='bbox 1813 1893 1872 1941; x_wconf 80' lang='lat' dir='ltr'>ab</span> <span class='ocrx_word' id='word_1_365' title='bbox 1911 1892 2192 1945; x_wconf 76' lang='lat' dir='ltr'>imitatione,</span> <span class='ocrx_word' id='word_1_366' title='bbox 2235 1889 2365 1939; x_wconf 86' lang='lat' dir='ltr'>dicti</span> <span class='ocrx_word' id='word_1_367' title='bbox 2399 1891 2414 1918; x_wconf 86' lang='lat'>‘</span> <span class='ocrx_word' id='word_1_368' title='bbox 2437 1887 2613 1943; x_wconf 83' lang='lat' dir='ltr'>mimi‚&#39;</span> <span class='ocrx_word' id='word_1_369' title='bbox 2648 1903 2749 1937; x_wconf 89' lang='lat' dir='ltr'>uon</span> 
     </span>
     <span class='ocr_line' id='line_1_72' title="bbox 1680 1964 2751 2028; baseline -0.004 -12"><span class='ocrx_word' id='word_1_370' title='bbox 1680 1967 1960 2016; x_wconf 86' lang='lat' dir='ltr'>saltatione</span> <span class='ocrx_word' id='word_1_371' title='bbox 2000 1974 2055 2015; x_wconf 88' lang='lat' dir='ltr'>et</span> <span class='ocrx_word' id='word_1_372' title='bbox 2087 1974 2256 2028; x_wconf 79' lang='lat' dir='ltr'>gestu,</span> <span class='ocrx_word' id='word_1_373' title='bbox 2281 1964 2373 2013; x_wconf 79' lang='lat' dir='ltr'>sed</span> <span class='ocrx_word' id='word_1_374' title='bbox 2400 1977 2523 2013; x_wconf 85' lang='lat' dir='ltr'>voce</span> <span class='ocrx_word' id='word_1_375' title='bbox 2550 1978 2613 2013; x_wconf 86' lang='lat' dir='ltr'>ac</span> <span class='ocrx_word' id='word_1_376' title='bbox 2641 1979 2751 2012; x_wconf 77' lang='lat' dir='ltr'>ver·</span> 
     </span>
     <span class='ocr_line' id='line_1_73' title="bbox 1681 2042 2749 2103; baseline -0.005 -11"><span class='ocrx_word' id='word_1_377' title='bbox 1681 2044 1760 2092; x_wconf 84' lang='lat' dir='ltr'>bis</span> <span class='ocrx_word' id='word_1_378' title='bbox 1782 2057 1862 2091; x_wconf 84' lang='lat' dir='ltr'>res</span> <span class='ocrx_word' id='word_1_379' title='bbox 1884 2042 2128 2091; x_wconf 86' lang='lat' dir='ltr'>ridiculas</span> <span class='ocrx_word' id='word_1_380' title='bbox 2153 2042 2204 2090; x_wconf 87' lang='lat' dir='ltr'>in</span> <span class='ocrx_word' id='word_1_381' title='bbox 2230 2055 2386 2090; x_wconf 87' lang='lat' dir='ltr'>scena</span> <span class='ocrx_word' id='word_1_382' title='bbox 2404 2047 2749 2103; x_wconf 70' lang='lat' dir='ltr'>repraesenta·</span> 
     </span>
     <span class='ocr_line' id='line_1_74' title="bbox 1682 2117 2751 2184; baseline -0.004 -15"><span class='ocrx_word' id='word_1_383' title='bbox 1682 2126 1838 2180; x_wconf 91' lang='lat' dir='ltr'>runt;</span> <span class='ocrx_word' id='word_1_384' title='bbox 1891 2119 2170 2184; x_wconf 85' lang='lat' dir='ltr'>aliquando</span> <span class='ocrx_word' id='word_1_385' title='bbox 2219 2125 2390 2167; x_wconf 88' lang='lat' dir='ltr'>tamen</span> <span class='ocrx_word' id='word_1_386' title='bbox 2437 2127 2492 2167; x_wconf 91' lang='lat' dir='ltr'>et</span> <span class='ocrx_word' id='word_1_387' title='bbox 2539 2117 2751 2166; x_wconf 86' lang='lat' dir='ltr'>utilibus</span> 
     </span>
     <span class='ocr_line' id='line_1_75' title="bbox 1681 2193 2750 2252; baseline -0.006 -5"><span class='ocrx_word' id='word_1_388' title='bbox 1681 2199 1800 2247; x_wconf 56' lang='lat' dir='ltr'>vitas</span> <span class='ocrx_word' id='word_1_389' title='bbox 1842 2196 2119 2245; x_wconf 81' lang='lat' dir='ltr'>sententiis</span> <span class='ocrx_word' id='word_1_390' title='bbox 2156 2203 2275 2243; x_wconf 86' lang='lat' dir='ltr'>sunt</span> <span class='ocrx_word' id='word_1_391' title='bbox 2320 2194 2418 2243; x_wconf 88' lang='lat' dir='ltr'>usi.</span> <span class='ocrx_word' id='word_1_392' title='bbox 2485 2193 2592 2243; x_wconf 87' lang='lat' dir='ltr'>Sed</span> <span class='ocrx_word' id='word_1_393' title='bbox 2641 2193 2750 2252; x_wconf 88' lang='lat' dir='ltr'>alii,</span> 
     </span>
     <span class='ocr_line' id='line_1_76' title="bbox 1680 2270 2751 2338; baseline -0.004 -16"><span class='ocrx_word' id='word_1_394' title='bbox 1680 2274 1815 2338; x_wconf 88' lang='lat' dir='ltr'>quod</span> <span class='ocrx_word' id='word_1_395' title='bbox 1855 2272 2019 2332; x_wconf 86' lang='lat' dir='ltr'>taciti,</span> <span class='ocrx_word' id='word_1_396' title='bbox 2042 2274 2151 2321; x_wconf 88' lang='lat' dir='ltr'>sola</span> <span class='ocrx_word' id='word_1_397' title='bbox 2187 2270 2463 2320; x_wconf 76' lang='lat' dir='ltr'>saltatione</span> <span class='ocrx_word' id='word_1_398' title='bbox 2501 2284 2561 2316; x_wconf 89' lang='lat' dir='ltr'>ac</span> <span class='ocrx_word' id='word_1_399' title='bbox 2600 2279 2751 2331; x_wconf 81' lang='lat' dir='ltr'>gestu</span> 
     </span>
     <span class='ocr_line' id='line_1_77' title="bbox 1679 2345 2752 2414; baseline -0.007 -15"><span class='ocrx_word' id='word_1_400' title='bbox 1679 2351 1870 2405; x_wconf 84' lang='lat' dir='ltr'>omnia.</span> <span class='ocrx_word' id='word_1_401' title='bbox 1905 2364 2021 2414; x_wconf 75' lang='lat' dir='ltr'>quae</span> <span class='ocrx_word' id='word_1_402' title='bbox 2064 2363 2094 2396; x_wconf 86' lang='lat' dir='ltr'>a</span> <span class='ocrx_word' id='word_1_403' title='bbox 2128 2347 2363 2409; x_wconf 71' lang='lat' dir='ltr'>tragoedo</span> <span class='ocrx_word' id='word_1_404' title='bbox 2409 2345 2752 2400; x_wconf 78' lang='lat' dir='ltr'>canebantur.</span> 
     </span>
     <span class='ocr_line' id='line_1_78' title="bbox 1679 2428 2752 2492; baseline -0.008 -14"><span class='ocrx_word' id='word_1_405' title='bbox 1679 2429 2033 2492; x_wconf 84' lang='lat' dir='ltr'>exprimerent</span> <span class='ocrx_word' id='word_1_406' title='bbox 2075 2438 2133 2473; x_wconf 86' lang='lat' dir='ltr'>ac</span> <span class='ocrx_word' id='word_1_407' title='bbox 2174 2428 2632 2486; x_wconf 62' lang='lat' dir='ltr'>representarent,</span> <span class='ocrx_word' id='word_1_408' title='bbox 2666 2434 2752 2470; x_wconf 87' lang='lat' dir='ltr'>au·</span> 
     </span>
     <span class='ocr_line' id='line_1_79' title="bbox 1681 2498 2751 2567; baseline -0.009 -12"><span class='ocrx_word' id='word_1_409' title='bbox 1681 2506 1889 2555; x_wconf 86' lang='lat' dir='ltr'>dierunt</span> <span class='ocrx_word' id='word_1_410' title='bbox 1921 2506 1935 2533; x_wconf 76' lang='lat'><strong>⁴</strong></span> <span class='ocrx_word' id='word_1_411' title='bbox 1963 2500 2301 2567; x_wconf 81' lang='lat' dir='ltr'>pantomimi,’</span> <span class='ocrx_word' id='word_1_412' title='bbox 2335 2499 2478 2562; x_wconf 85' lang='lat' dir='ltr'>qnasi</span> <span class='ocrx_word' id='word_1_413' title='bbox 2523 2498 2751 2546; x_wconf 89' lang='lat' dir='ltr'>omnium</span> 
     </span>
     <span class='ocr_line' id='line_1_80' title="bbox 1681 2577 2752 2638; baseline -0.006 -7"><span class='ocrx_word' id='word_1_414' title='bbox 1681 2583 1990 2631; x_wconf 86' lang='lat' dir='ltr'>imitatores.</span> <span class='ocrx_word' id='word_1_415' title='bbox 2057 2578 2243 2629; x_wconf 91' lang='lat' dir='ltr'>Omnis</span> <span class='ocrx_word' id='word_1_416' title='bbox 2286 2591 2409 2638; x_wconf 77' lang='lat' dir='ltr'>ergo</span> <span class='ocrx_word' id='word_1_417' title='bbox 2448 2577 2626 2624; x_wconf 87' lang='lat' dir='ltr'>horum</span> <span class='ocrx_word' id='word_1_418' title='bbox 2671 2590 2752 2625; x_wconf 82' lang='lat' dir='ltr'>ars</span> 
     </span>
     <span class='ocr_line' id='line_1_81' title="bbox 1678 2653 2753 2720; baseline -0.004 -13"><span class='ocrx_word' id='word_1_419' title='bbox 1678 2657 1796 2720; x_wconf 79' lang='lat' dir='ltr'>fnit,</span> <span class='ocrx_word' id='word_1_420' title='bbox 1821 2666 1960 2706; x_wconf 88' lang='lat' dir='ltr'>motu</span> <span class='ocrx_word' id='word_1_421' title='bbox 1989 2655 2245 2718; x_wconf 85' lang='lat' dir='ltr'>corporis,</span> <span class='ocrx_word' id='word_1_422' title='bbox 2279 2653 2469 2717; x_wconf 86' lang='lat' dir='ltr'>pedum</span> <span class='ocrx_word' id='word_1_423' title='bbox 2496 2653 2753 2715; x_wconf 74' lang='lat' dir='ltr'>agilitate,</span> 
     </span>
     <span class='ocr_line' id='line_1_82' title="bbox 1679 2730 2754 2796; baseline -0.009 -13"><span class='ocrx_word' id='word_1_424' title='bbox 1679 2741 1732 2783; x_wconf 91' lang='lat' dir='ltr'>et</span> <span class='ocrx_word' id='word_1_425' title='bbox 1756 2733 2176 2796; x_wconf 72' lang='lat' dir='ltr'>gesticulatione,</span> <span class='ocrx_word' id='word_1_426' title='bbox 2199 2745 2311 2794; x_wconf 76' lang='lat' dir='ltr'>quae</span> <span class='ocrx_word' id='word_1_427' title='bbox 2339 2730 2391 2778; x_wconf 90' lang='lat' dir='ltr'>in</span> <span class='ocrx_word' id='word_1_428' title='bbox 2415 2743 2572 2778; x_wconf 85' lang='lat' dir='ltr'>scena</span> <span class='ocrx_word' id='word_1_429' title='bbox 2597 2744 2754 2778; x_wconf 79' lang='lat' dir='ltr'>caue.</span> 
     </span>
     <span class='ocr_line' id='line_1_83' title="bbox 1679 2805 2751 2872; baseline -0.006 -12"><span class='ocrx_word' id='word_1_430' title='bbox 1679 2812 1890 2872; x_wconf 82' lang='lat' dir='ltr'>bantur,</span> <span class='ocrx_word' id='word_1_431' title='bbox 1918 2810 1992 2856; x_wconf 84' lang='lat' dir='ltr'>ita</span> <span class='ocrx_word' id='word_1_432' title='bbox 2029 2807 2219 2855; x_wconf 88' lang='lat' dir='ltr'>imitari</span> <span class='ocrx_word' id='word_1_433' title='bbox 2255 2813 2306 2854; x_wconf 86' lang='lat' dir='ltr'>et</span> <span class='ocrx_word' id='word_1_434' title='bbox 2347 2805 2662 2866; x_wconf 81' lang='lat' dir='ltr'>exprimere,</span> <span class='ocrx_word' id='word_1_435' title='bbox 2694 2813 2751 2854; x_wconf 88' lang='lat' dir='ltr'>nt</span> 
     </span>
     <span class='ocr_line' id='line_1_84' title="bbox 1679 2879 2755 2946; baseline -0.007 -9"><span class='ocrx_word' id='word_1_436' title='bbox 1679 2889 1809 2937; x_wconf 88' lang='lat' dir='ltr'>muti</span> <span class='ocrx_word' id='word_1_437' title='bbox 1858 2886 2293 2946; x_wconf 77' lang='lat' dir='ltr'>intelligerentur,</span> <span class='ocrx_word' id='word_1_438' title='bbox 2341 2889 2415 2944; x_wconf 91' lang='lat' dir='ltr'>et,</span> <span class='ocrx_word' id='word_1_439' title='bbox 2460 2889 2519 2931; x_wconf 90' lang='lat' dir='ltr'>ut</span> <span class='ocrx_word' id='word_1_440' title='bbox 2557 2881 2631 2930; x_wconf 84' lang='lat' dir='ltr'>sic</span> <span class='ocrx_word' id='word_1_441' title='bbox 2679 2879 2755 2930; x_wconf 88' lang='lat' dir='ltr'>di-</span> 
     </span>
     <span class='ocr_line' id='line_1_85' title="bbox 1679 2958 2753 3026; baseline -0.007 -13"><span class='ocrx_word' id='word_1_442' title='bbox 1679 2979 1872 3018; x_wconf 86' lang='lat' dir='ltr'>camus,</span> <span class='ocrx_word' id='word_1_443' title='bbox 1916 2969 2268 3026; x_wconf 88' lang='lat' dir='ltr'>spectatorum</span> <span class='ocrx_word' id='word_1_444' title='bbox 2308 2959 2444 3007; x_wconf 85' lang='lat' dir='ltr'>oculi</span> <span class='ocrx_word' id='word_1_445' title='bbox 2492 2958 2753 3009; x_wconf 83' lang='lat' dir='ltr'>audirent.</span> 
     </span>
     <span class='ocr_line' id='line_1_86' title="bbox 1680 3036 2755 3104; baseline -0.006 -15"><span class='ocrx_word' id='word_1_446' title='bbox 1680 3041 1934 3104; x_wconf 81' lang='lat' dir='ltr'>Exempla</span> <span class='ocrx_word' id='word_1_447' title='bbox 1971 3037 2249 3100; x_wconf 74' lang='lat' dir='ltr'>singularia</span> <span class='ocrx_word' id='word_1_448' title='bbox 2280 3036 2458 3084; x_wconf 89' lang='lat' dir='ltr'>borum</span> <span class='ocrx_word' id='word_1_449' title='bbox 2497 3037 2755 3098; x_wconf 83' lang='lat' dir='ltr'>pantomi-</span> 
     </span>
     <span class='ocr_line' id='line_1_87' title="bbox 1678 3111 2755 3178; baseline -0.004 -13"><span class='ocrx_word' id='word_1_450' title='bbox 1678 3132 1875 3166; x_wconf 88' lang='lat' dir='ltr'>morum</span> <span class='ocrx_word' id='word_1_451' title='bbox 1902 3114 2051 3165; x_wconf 83' lang='lat' dir='ltr'>affert</span> <span class='ocrx_word' id='word_1_452' title='bbox 2079 3111 2317 3162; x_wconf 88' lang='lat' dir='ltr'>Macrob.</span> <span class='ocrx_word' id='word_1_453' title='bbox 2355 3111 2570 3178; x_wconf 83' lang='lat' dir='ltr'>Saturn.</span> <span class='ocrx_word' id='word_1_454' title='bbox 2605 3124 2668 3161; x_wconf 86' lang='grc' dir='ltr'>ιι.</span> <span class='ocrx_word' id='word_1_455' title='bbox 2703 3116 2755 3161; x_wconf 81' lang='grc'><strong>7.</strong></span> 
     </span>
     <span class='ocr_line' id='line_1_88' title="bbox 1679 3187 2754 3256; baseline -0.007 -13"><span class='ocrx_word' id='word_1_456' title='bbox 1679 3203 1734 3243; x_wconf 90' lang='lat' dir='ltr'>et</span> <span class='ocrx_word' id='word_1_457' title='bbox 1760 3193 1915 3256; x_wconf 83' lang='lat' dir='ltr'>Apul.</span> <span class='ocrx_word' id='word_1_458' title='bbox 1940 3191 2112 3242; x_wconf 87' lang='lat' dir='ltr'>Miles.</span> <span class='ocrx_word' id='word_1_459' title='bbox 2139 3188 2231 3238; x_wconf 89' lang='lat' dir='ltr'>lib.</span> <span class='ocrx_word' id='word_1_460' title='bbox 2256 3202 2313 3237; x_wconf 81' lang='lat' dir='ltr'>x.</span> <span class='ocrx_word' id='word_1_461' title='bbox 2331 3203 2390 3249; x_wconf 85' lang='lat' dir='ltr'>p.</span> <span class='ocrx_word' id='word_1_462' title='bbox 2409 3191 2526 3237; x_wconf 74' lang='lat'>233.</span> <span class='ocrx_word' id='word_1_463' title='bbox 2563 3187 2754 3238; x_wconf 86' lang='lat' dir='ltr'>Osten-</span> 
     </span>
     <span class='ocr_line' id='line_1_89' title="bbox 1680 3264 2752 3328; baseline -0.007 -8"><span class='ocrx_word' id='word_1_464' title='bbox 1680 3271 1758 3320; x_wconf 87' lang='lat' dir='ltr'>dit</span> <span class='ocrx_word' id='word_1_465' title='bbox 1792 3284 1914 3320; x_wconf 84' lang='lat' dir='ltr'>vero</span> <span class='ocrx_word' id='word_1_466' title='bbox 1952 3267 2214 3318; x_wconf 80' lang='lat' dir='ltr'>Ferrarius</span> <span class='ocrx_word' id='word_1_467' title='bbox 2240 3264 2349 3313; x_wconf 80' lang='lat' dir='ltr'>falli</span> <span class='ocrx_word' id='word_1_468' title='bbox 2391 3264 2641 3328; x_wconf 83' lang='lat' dir='ltr'>Lipsium,</span> <span class='ocrx_word' id='word_1_469' title='bbox 2666 3264 2752 3328; x_wconf 84' lang='lat' dir='ltr'>qui</span> 
     </span>
     <span class='ocr_line' id='line_1_90' title="bbox 1680 3341 2753 3408; baseline -0.007 -11"><span class='ocrx_word' id='word_1_470' title='bbox 1680 3347 1777 3397; x_wconf 89' lang='lat' dir='ltr'>sub</span> <span class='ocrx_word' id='word_1_471' title='bbox 1824 3347 2060 3408; x_wconf 82' lang='lat' dir='ltr'>Augusto</span> <span class='ocrx_word' id='word_1_472' title='bbox 2117 3341 2460 3407; x_wconf 80' lang='lat' dir='ltr'>pantomimos</span> <span class='ocrx_word' id='word_1_473' title='bbox 2509 3341 2753 3390; x_wconf 89' lang='lat' dir='ltr'>inductos</span> 
     </span>
     <span class='ocr_line' id='line_1_91' title="bbox 1681 3416 2757 3480; baseline -0.009 -6"><span class='ocrx_word' id='word_1_474' title='bbox 1681 3423 2020 3480; x_wconf 78' lang='lat' dir='ltr'>existimarit3</span> <span class='ocrx_word' id='word_1_475' title='bbox 2057 3434 2172 3469; x_wconf 87' lang='lat' dir='ltr'>cnm</span> <span class='ocrx_word' id='word_1_476' title='bbox 2198 3418 2565 3479; x_wconf 82' lang='lat' dir='ltr'>histriones,et</span> <span class='ocrx_word' id='word_1_477' title='bbox 2592 3416 2757 3465; x_wconf 87' lang='lat' dir='ltr'>ludio·</span> 
     </span>
     <span class='ocr_line' id='line_1_92' title="bbox 1682 3492 2756 3561; baseline -0.007 -13"><span class='ocrx_word' id='word_1_478' title='bbox 1682 3515 1792 3555; x_wconf 86' lang='lat' dir='ltr'>nes,</span> <span class='ocrx_word' id='word_1_479' title='bbox 1845 3495 2183 3561; x_wconf 80' lang='lat' dir='ltr'>antiquissimi</span> <span class='ocrx_word' id='word_1_480' title='bbox 2238 3492 2434 3543; x_wconf 81' lang='lat' dir='ltr'>fuerint</span> <span class='ocrx_word' id='word_1_481' title='bbox 2491 3492 2756 3553; x_wconf 81' lang='lat' dir='ltr'>Romanis,</span> 
     </span>
     <span class='ocr_line' id='line_1_93' title="bbox 1684 3571 2753 3626; baseline -0.007 0"><span class='ocrx_word' id='word_1_482' title='bbox 1684 3586 1820 3626; x_wconf 84' lang='lat' dir='ltr'>teste</span> <span class='ocrx_word' id='word_1_483' title='bbox 1860 3576 1972 3625; x_wconf 85' lang='lat' dir='ltr'>Liv.</span> <span class='ocrx_word' id='word_1_484' title='bbox 1997 3587 2036 3624; x_wconf 90' lang='lat'>1.</span> <span class='ocrx_word' id='word_1_485' title='bbox 2059 3578 2107 3623; x_wconf 84' lang='grc'><strong>7.</strong></span> <span class='ocrx_word' id='word_1_486' title='bbox 2177 3571 2239 3620; x_wconf 88' lang='lat' dir='ltr'>ld</span> <span class='ocrx_word' id='word_1_487' title='bbox 2278 3578 2452 3619; x_wconf 82' lang='lat' dir='ltr'>tamen</span> <span class='ocrx_word' id='word_1_488' title='bbox 2489 3571 2753 3625; x_wconf 88' lang='lat' dir='ltr'>concedit,</span> 
     </span>
     <span class='ocr_line' id='line_1_94' title="bbox 1682 3648 2754 3713; baseline -0.006 -11"><span class='ocrx_word' id='word_1_489' title='bbox 1682 3668 1796 3703; x_wconf 88' lang='lat' dir='ltr'>cum</span> <span class='ocrx_word' id='word_1_490' title='bbox 1838 3653 1986 3701; x_wconf 90' lang='lat' dir='ltr'>initio</span> <span class='ocrx_word' id='word_1_491' title='bbox 2027 3648 2329 3713; x_wconf 86' lang='lat' dir='ltr'>pantomimi</span> <span class='ocrx_word' id='word_1_492' title='bbox 2357 3662 2473 3697; x_wconf 88' lang='lat' dir='ltr'>cum</span> <span class='ocrx_word' id='word_1_493' title='bbox 2506 3648 2754 3709; x_wconf 73' lang='lat' dir='ltr'>tragoedis</span> 
     </span>
     <span class='ocr_line' id='line_1_95' title="bbox 1683 3726 2756 3780; baseline -0.007 0"><span class='ocrx_word' id='word_1_494' title='bbox 1683 3738 1737 3779; x_wconf 89' lang='lat' dir='ltr'>et</span> <span class='ocrx_word' id='word_1_495' title='bbox 1774 3728 2023 3780; x_wconf 83' lang='lat' dir='ltr'>comoedis</span> <span class='ocrx_word' id='word_1_496' title='bbox 2061 3727 2197 3777; x_wconf 88' lang='lat' dir='ltr'>iuter</span> <span class='ocrx_word' id='word_1_497' title='bbox 2229 3732 2379 3775; x_wconf 85' lang='lat' dir='ltr'>actus</span> <span class='ocrx_word' id='word_1_498' title='bbox 2422 3726 2667 3773; x_wconf 80' lang='lat' dir='ltr'>saltarint</span> <span class='ocrx_word' id='word_1_499' title='bbox 2702 3732 2756 3774; x_wconf 88' lang='lat' dir='ltr'>et</span> 
     </span>
     <span class='ocr_line' id='line_1_96' title="bbox 1684 3801 2754 3870; baseline -0.005 -15"><span class='ocrx_word' id='word_1_500' title='bbox 1684 3806 1979 3870; x_wconf 77' lang='lat' dir='ltr'>gesticulati</span> <span class='ocrx_word' id='word_1_501' title='bbox 2016 3804 2140 3867; x_wconf 88' lang='lat' dir='ltr'>sint,</span> <span class='ocrx_word' id='word_1_502' title='bbox 2172 3804 2268 3852; x_wconf 87' lang='lat' dir='ltr'>sub</span> <span class='ocrx_word' id='word_1_503' title='bbox 2307 3801 2550 3864; x_wconf 78' lang='lat' dir='ltr'>Augusto</span> <span class='ocrx_word' id='word_1_504' title='bbox 2606 3816 2754 3865; x_wconf 82' lang='lat' dir='ltr'>sepa·</span> 
     </span>
     <span class='ocr_line' id='line_1_97' title="bbox 1686 3879 2753 3942; baseline -0.005 -10"><span class='ocrx_word' id='word_1_505' title='bbox 1686 3898 1826 3933; x_wconf 83' lang='lat' dir='ltr'>rasse</span> <span class='ocrx_word' id='word_1_506' title='bbox 1850 3898 1905 3932; x_wconf 88' lang='lat' dir='ltr'>se</span> <span class='ocrx_word' id='word_1_507' title='bbox 1928 3881 1994 3930; x_wconf 91' lang='lat' dir='ltr'>ab</span> <span class='ocrx_word' id='word_1_508' title='bbox 2020 3882 2141 3941; x_wconf 87' lang='lat' dir='ltr'>illis,</span> <span class='ocrx_word' id='word_1_509' title='bbox 2162 3888 2217 3929; x_wconf 90' lang='lat' dir='ltr'>et</span> <span class='ocrx_word' id='word_1_510' title='bbox 2242 3885 2404 3928; x_wconf 88' lang='lat' dir='ltr'>artem</span> <span class='ocrx_word' id='word_1_511' title='bbox 2439 3879 2753 3942; x_wconf 81' lang='lat' dir='ltr'>peculiarem</span> 
     </span>
     <span class='ocr_line' id='line_1_98' title="bbox 1686 3956 2755 4023; baseline -0.005 -14"><span class='ocrx_word' id='word_1_512' title='bbox 1686 3960 1904 4019; x_wconf 81' lang='lat' dir='ltr'>fecisse;</span> <span class='ocrx_word' id='word_1_513' title='bbox 1940 3958 2172 4023; x_wconf 88' lang='lat' dir='ltr'>adeoque</span> <span class='ocrx_word' id='word_1_514' title='bbox 2196 3956 2300 4006; x_wconf 90' lang='lat' dir='ltr'>dici</span> <span class='ocrx_word' id='word_1_515' title='bbox 2324 3969 2494 4019; x_wconf 84' lang='lat' dir='ltr'>posse.</span> <span class='ocrx_word' id='word_1_516' title='bbox 2518 3956 2650 4005; x_wconf 79' lang='lat' dir='ltr'>lianc</span> <span class='ocrx_word' id='word_1_517' title='bbox 2678 3970 2755 4004; x_wconf 87' lang='lat' dir='ltr'>at·-</span> 
     </span>
     <span class='ocr_line' id='line_1_99' title="bbox 1688 4031 2757 4099; baseline -0.006 -12"><span class='ocrx_word' id='word_1_518' title='bbox 1688 4045 1790 4087; x_wconf 85' lang='lat' dir='ltr'>tem</span> <span class='ocrx_word' id='word_1_519' title='bbox 1817 4048 1942 4086; x_wconf 89' lang='lat' dir='ltr'>tunc</span> <span class='ocrx_word' id='word_1_520' title='bbox 1969 4035 2133 4099; x_wconf 86' lang='lat' dir='ltr'>primo</span> <span class='ocrx_word' id='word_1_521' title='bbox 2158 4033 2426 4081; x_wconf 81' lang='lat' dir='ltr'>inventam</span> <span class='ocrx_word' id='word_1_522' title='bbox 2446 4046 2582 4080; x_wconf 82' lang='lat' dir='ltr'>esse.</span> <span class='ocrx_word' id='word_1_523' title='bbox 2625 4031 2757 4081; x_wconf 82' lang='lat' dir='ltr'>Inde</span> 
     </span>
     <span class='ocr_line' id='line_1_100' title="bbox 1685 4109 2755 4176; baseline -0.004 -13"><span class='ocrx_word' id='word_1_524' title='bbox 1685 4122 1857 4164; x_wconf 81' lang='lat' dir='ltr'>autem</span> <span class='ocrx_word' id='word_1_525' title='bbox 1904 4111 2248 4176; x_wconf 79' lang='lat' dir='ltr'>paptomimos</span> <span class='ocrx_word' id='word_1_526' title='bbox 2285 4122 2316 4158; x_wconf 85' lang='lat' dir='ltr'>a</span> <span class='ocrx_word' id='word_1_527' title='bbox 2352 4110 2560 4158; x_wconf 78' lang='lat' dir='ltr'>tlieatro</span> <span class='ocrx_word' id='word_1_528' title='bbox 2594 4109 2755 4159; x_wconf 74' lang='lat' dir='ltr'>etiam</span> 
     </span>
     <span class='ocr_line' id='line_1_101' title="bbox 1687 4186 2759 4247; baseline -0.007 -5"><span class='ocrx_word' id='word_1_529' title='bbox 1687 4193 1750 4243; x_wconf 83' lang='lat' dir='ltr'>ad</span> <span class='ocrx_word' id='word_1_530' title='bbox 1788 4204 1987 4240; x_wconf 86' lang='lat' dir='ltr'>mensas</span> <span class='ocrx_word' id='word_1_531' title='bbox 2021 4198 2079 4238; x_wconf 87' lang='lat' dir='ltr'>et</span> <span class='ocrx_word' id='word_1_532' title='bbox 2103 4186 2344 4237; x_wconf 78' lang='lat' dir='ltr'>convivia</span> <span class='ocrx_word' id='word_1_533' title='bbox 2379 4191 2590 4235; x_wconf 79' lang='lat' dir='ltr'>vocatos</span> <span class='ocrx_word' id='word_1_534' title='bbox 2628 4196 2759 4247; x_wconf 80' lang='lat' dir='ltr'>esse,</span> 
     </span>
     <span class='ocr_line' id='line_1_102' title="bbox 1686 4260 2758 4337; baseline -0.008 -15"><span class='ocrx_word' id='word_1_535' title='bbox 1686 4278 1883 4337; x_wconf 79' lang='lat' dir='ltr'>praeter</span> <span class='ocrx_word' id='word_1_536' title='bbox 1922 4267 2071 4332; x_wconf 86' lang='lat' dir='ltr'>alios,</span> <span class='ocrx_word' id='word_1_537' title='bbox 2109 4271 2339 4317; x_wconf 84' lang='lat' dir='ltr'>testatur</span> <span class='ocrx_word' id='word_1_538' title='bbox 2363 4260 2617 4335; x_wconf 60' lang='lat' dir='ltr'>queual.</span> <span class='ocrx_word' id='word_1_539' title='bbox 2647 4264 2758 4315; x_wconf 80' lang='lat' dir='ltr'>Sat.</span> 
     </span>
    </p>
   </div>
  </div>
 </body>
</html>
