3060 4902
775 346 840 394 C.
885 345 1136 396 Pmmt
1188 345 1520 396 sssoUNnt
1578 347 1854 395 PANEG.

311 487 586 538 semmae
635 486 791 550 Deru,
832 488 968 538 Deus
1010 488 1174 538 intulit
1212 486 1396 539 hortis?

1939 349 1986 395 1.
2036 332 2144 398 50.
2406 279 2536 401 739

1472 489 1719 539 Postulat
1752 489 1864 541 fere
1898 492 2181 542 sententies
2209 506 2390 558 nexus,
2431 495 2541 558 Est,

317 565 571 615 Proxime
607 579 815 629 quoque
855 580 1156 628 germanum
1191 573 1274 616 est
1310 582 1395 616 ex·
1469 568 1593 630 quod
1630 569 1816 630 Cesar,
1849 569 1924 618 uti
1961 569 2284 634 adscriptum
2321 579 2433 621 erat
2471 574 2535 622 ad

312 648 471 706 pereo,
512 656 620 691 non
657 648 893 705 expertos.
966 644 1127 692 Patet
1169 645 1234 692 de
1278 658 1395 693 sen·

317 720 506 768 tentia.
579 719 664 768 Ne
689 718 871 767 durum
907 726 962 768 et
989 719 1174 769 infelix
1202 721 1299 769 tibi
1325 721 1395 770 sit

316 793 493 844 fontes
536 808 748 857 semper
782 802 838 843 et
882 796 1026 844 lacus
1062 797 1224 855 adire,
1258 796 1393 845 haud

320 869 442 919 dum
483 879 732 933 experto,
772 871 921 936 ‘quae
969 874 1126 921 miser
1168 871 1395 934 ignotis,'

321 952 424 1000 &m
461 949 630 998 Licin.

386 1026 591 1088 Fontes,
605 1026 777 1081 maria,
791 1027 1085 1091 deserviunt]
1103 1030 1252 1078 Solus
1271 1029 1395 1077 Cus-

323 1101 569 1165 pinianus
586 1117 676 1165 pro
689 1117 815 1151 voce
821 1103 1004 1163 fontes,
1015 1105 1181 1154 edidit
1197 1112 1397 1154 montes.

323 1180 434 1229 Pro
472 1180 633 1229 verbo
668 1181 959 1237 deserviunt,
995 1183 1210 1231 Vossius
1243 1198 1396 1232 atino·

326 1256 461 1305 tavit
501 1257 832 1306 destruuntur.
900 1258 1000 1307 Sed
1047 1259 1260 1307 verbum
1316 1261 1400 1307 de·

324 1333 561 1393 εσυίκιε,
580 1331 615 1380 i.
635 1347 683 1382 e.
702 1333 910 1382 omnino
927 1333 1183 1393 serviunt,
1205 1335 1398 1396 optime

327 1407 430 1456 linc
466 1407 711 1471 quadrat,
753 1421 854 1472 quo
900 1408 1056 1458 etiam
1096 1411 1301 1471 Cicero,
1343 1418 1399 1458 et

328 1483 456 1532 alibi
480 1483 701 1545 Plinius,
726 1484 1001 1547 aliquoties
1019 1485 1095 1534 usi
1120 1493 1258 1533 sunt.
1303 1486 1399 1534 Ce-,
1428 1550 1432 1553 ,

328 1568 521 1616 terum.
557 1558 622 1607 de
657 1558 915 1612 immensis
946 1561 1240 1624 principum
1277 1576 1401 1625 quo·

328 1635 546 1685 tundam
571 1637 981 1698 possessionibus
997 1653 1094 1687 non
1117 1654 1280 1702 pauca
1300 1654 1402 1688 me·

328 1714 875 1776 morantscriptores.
930 1714 1088 1777 Apud
1121 1716 1337 1764 Petron.
1357 1730 1402 1764 c.

328 1793 415 1841 48.
469 1789 768 1847 Trimalcio,
803 1791 896 1840 sub
935 1806 1057 1856 quo,
1088 1799 1177 1841 aut
1198 1792 1403 1841 Tiberi·

330 1880 437 1921 um,
461 1872 556 1920 aut
578 1866 885 1929 Caligulam,
921 1874 1011 1916 aut
1035 1868 1297 1917 Neronem
1331 1871 1401 1916 la-

332 1949 468 1995 tere,
514 1954 617 1990 non
654 1941 780 1990 nulli
817 1947 1022 2005 putant,
1049 1943 1405 2006 jactabundus

332 2020 431 2078 sit,
451 2018 467 2046 ⁸
487 2016 856 2066 suburbanum
880 2033 1045 2067 meum
1071 2019 1263 2067 dicitur
1286 2033 1405 2068 cou-

329 2093 440 2143 fine
471 2108 588 2143 esse
625 2093 1142 2144 Taraciuensibuset
1168 2095 1405 2144 Tarenti-

330 2173 414 2221 nis
448 2171 606 2236 (locis
644 2171 918 2235 plurimum
945 2188 976 2221 a
1001 2187 1057 2221 se
1081 2173 1403 2235 disjunctis).

333 2249 495 2299 Nunc
519 2249 838 2312 conjungere
864 2251 1042 2313 agellis
1066 2250 1294 2299 Siciliain
1319 2264 1407 2299 vo-

330 2327 404 2388 lo,
439 2333 520 2381 ut,
555 2340 669 2376 cum
697 2324 932 2376 Africam
958 2326 1169 2376 libuerit
1193 2327 1289 2390 ire,
1313 2341 1407 2391 per

329 2417 479 2455 meos
498 2401 628 2451 fines
654 2402 925 2465 navigem!
960 2403 1162 2455 Quibus
1189 2404 1359 2453 verbis
1377 2419 1409 2454 a

330 2481 574 2544 satyrico
596 2481 958 2544 perstringitur
983 2481 1000 2509 ‘
1019 2481 1200 2544 iugens
1222 2482 1307 2530 illa
1323 2496 1407 2530 cu·

333 2557 484 2620 pido,
500 2564 555 2604 et
570 2556 748 2605 insana
765 2555 924 2605 libido
938 2571 1091 2619 agros
1108 2558 1411 2605 continuan-

335 2632 697 2695 di,’utLirius
714 2638 1169 2689 vocat,xxxiv.4.
1208 2634 1410 2683 Plinius

335 2709 514 2773 Major
556 2721 760 2758 xxxvl.
798 2712 878 2758 15.
908 2708 1035 2759 ‘Bis
1072 2710 1288 2758 vidimus
1327 2726 1408 2759 ur-

334 2786 459 2838 bem
483 2792 644 2835 totam
670 2785 809 2849 cingi
834 2786 1072 2836 domibus
1099 2788 1412 2850 principum,

338 2861 477 2923 enit,
515 2869 571 2909 et
608 2861 851 2919 Neronis,
893 2870 946 2911 et
986 2863 1138 2925 liujus
1183 2863 1412 2927 quidem,

335 2952 406 2988 ne
430 2937 556 3002 quid
580 2937 812 2998 deesset,
837 2937 1031 2987 aurea!
1089 2937 1170 2987 Cf.
1196 2941 1411 2987 sueton.

339 3014 476 3066 Ner.
518 3027 636 3078 cap.
671 3018 756 3066 31.
800 3022 855 3063 et
901 3015 1089 3064 Seuec.
1125 3016 1292 3078 Epist.
1328 3019 1410 3064 89.

342 3091 595 3142 Schwart-

408 3169 525 3225 Est‚
559 3170 682 3231 quod
725 3166 916 3230 Carnr]
968 3170 1184 3217 Variant
1223 3169 1324 3217 hic,
1352 3169 1411 3218 li·

299 3292 308 3295 -
340 3245 446 3296 bri.
489 3245 618 3295 Cod.
640 3246 925 3296 Vaticanus
948 3250 1092 3296 1475.
1112 3247 1346 3295 Venetus
1363 3250 1410 3295 1.

340 3321 777 3386 Salisburgensis‚
812 3322 1327 3386 Guelpherbytanus‚
1361 3331 1416 3373 et

341 3414 509 3456 meus.
534 3398 727 3449 habent
756 3399 821 3447 Ee
837 3401 960 3461 quod
980 3402 1146 3449 Cesar
1166 3414 1301 3448 suum
1322 3414 1415 3447 non

341 3477 540 3526 vident?
557 3475 628 3524 At
643 3474 809 3524 codex
826 3475 1158 3533 parisiensis,
1176 3476 1414 3524 Venetus

341 3556 396 3602 2.
412 3558 490 3612 et,
515 3552 564 3600 in
590 3552 852 3613 impressis
880 3553 1048 3613 libris,
1074 3553 1415 3608 Puteolanus,

343 3638 402 3679 et
425 3628 736 3685 Beroaldus,
765 3630 826 3677 Et
851 3631 966 3692 quid
987 3632 1151 3679 Caesar
1169 3646 1258 3679 non
1280 3645 1414 3679 suum

340 3708 539 3758 videat?
608 3706 825 3770 Optima
866 3708 1026 3757 lectio
1068 3715 1148 3757 est
1183 3708 1414 3772 vulgata,

343 3800 463 3850 quae
488 3790 614 3848 apte
650 3784 891 3847 congruit
927 3799 1044 3834 cum
1077 3785 1412 3849 sequentibus

343 3862 541 3924 verbis,
575 3868 631 3910 et
666 3874 819 3924 quam
861 3868 968 3910 tres
1003 3862 1167 3911 ceteri
1206 3862 1414 3912 codices

345 3938 593 3989 Vaticani
615 3938 939 3987 confirmant.
978 3938 1127 3987 Idem.

409 4015 529 4075 Eat,
548 4016 672 4077 quod
693 4014 882 4078 Coesar]
923 4013 1112 4077 Ecquid
1137 4014 1304 4061 Coesar
1328 4012 1414 4062 Li·

346 4090 450 4141 vin.
477 4090 532 4139 in
572 4096 739 4138 textu.
806 4089 907 4138 Sed
942 4090 992 4139 in
1027 4090 1280 4154 margine,
1304 4092 1414 4147 Est,

346 4169 468 4232 qnod
496 4168 663 4216 Caernr
684 4166 754 4215 G.
774 4173 935 4217 recte.
971 4166 1210 4217 Rittersh.

411 4246 527 4309 Est,
580 4246 726 4311 quodx
751 4244 938 4308 Cesar]
1001 4244 1185 4306 Ecquid
1233 4245 1414 4295 Coesar.

1471 657 1614 692 oram
1639 644 1880 693 editionis
1902 645 2233 708 Livineianae,
2258 653 2313 696 et
2345 648 2539 711 reperit

1472 719 1524 768 in
1582 719 1816 770 editione
1858 720 2144 772 Viennensi
2202 722 2540 787 Bongarsius.

1477 795 1679 844 Gruter.

1538 871 1651 926 Est,
1693 872 1817 933 quod
1863 871 2054 935 Coesar]
2127 872 2317 936 Ecquid
2362 876 2543 925 Caerar.

1473 948 1765 995 ‘Universa
1804 948 1856 995 in
1893 948 2113 1011 imperio
2157 949 2269 1012 ejus
2308 959 2447 1014 suut,
2486 955 2540 1001 iu

1474 1022 1786 1085 patrimonio
1819 1021 2066 1087 propria.’
2131 1023 2256 1074 Sen.
2279 1025 2343 1074 B.
2367 1039 2469 1075 vn.
2494 1029 2546 1073 6.

1477 1099 1626 1147 Bern-

1543 1176 1841 1238 Tandemque
1880 1175 2156 1239 imperium]
2212 1176 2376 1227 Quasi
2419 1178 2542 1230 olim

1475 1254 1769 1316 principum
1823 1255 2169 1315 possessiones
2229 1268 2325 1316 per
2374 1262 2543 1305 totum

1475 1328 1988 1392 imperiumsparsae,
2010 1337 2061 1378 et
2089 1330 2162 1378 illi
2192 1344 2342 1392 paene
2366 1346 2544 1395 aequa·

1474 1403 1573 1452 les.
1641 1403 1774 1451 Nam
1811 1412 2003 1457 errant,
2042 1406 2128 1469 qui
2165 1405 2218 1453 in
2250 1407 2405 1456 alium
2430 1408 2544 1458 haec

1476 1493 1680 1528 sensum
1729 1482 1955 1536 trahunt,
1997 1481 2142 1545 quasi
2186 1481 2304 1531 ideo
2344 1483 2360 1511 ⁴
2385 1486 2547 1548 majus

1476 1553 1770 1617 imperium,
1793 1555 1909 1618 quia
1935 1556 2076 1606 cives
2104 1555 2248 1607 dicto
2272 1559 2547 1611 audientes

1477 1631 1637 1680 sunt.'
1674 1631 1861 1694 Nugae.
1897 1631 2037 1694 Lips.
2546 1645 2556 1654 ’

1549 1707 1844 1769 Tandemque
1880 1708 2153 1771 imperium]
2187 1709 2379 1761 Hocne
2412 1712 2550 1762 inso-

1477 1783 1662 1832 litum?
1698 1784 1943 1834 Omnino.
1982 1785 2214 1836 Aliorum
2252 1789 2548 1852 principum

1480 1862 1848 1923 patrimonium
1901 1860 2010 1912 fere
2048 1865 2293 1929 aequabat
2339 1866 2550 1931 imperi·

1481 1952 1586 1992 um,
1611 1952 1725 1987 cum
1760 1953 1910 2001 paene
1943 1954 2120 1990 omnes
2157 1941 2356 2004 imperii
2397 1957 2549 2006 agros

1479 2016 1574 2063 soli
1601 2016 1965 2078 possidereut;
1996 2017 2205 2082 Trajani
2230 2033 2354 2069 vero
2380 2035 2549 2070 secus.

1482 2092 1640 2141 Bern.

1549 2167 1808 2229 Imperium
1846 2168 2108 2231 principis]
2148 2170 2389 2221 Pertinet
2430 2172 2553 2231 huc,

1483 2246 1620 2309 quod
1660 2246 1862 2293 Seneca
1897 2244 1962 2291 de
2000 2242 2187 2292 Bencf.
2217 2259 2318 2293 vn.
2343 2251 2392 2295 5.
2425 2248 2551 2296 scri-

1484 2325 1598 2373 bit:
1641 2331 1655 2352 ⁶
1677 2325 1971 2377 Enimvero,
2007 2324 2079 2373 sic
2111 2327 2283 2373 omnia
2307 2326 2555 2389 sapientis

1484 2415 1598 2449 esse
1624 2401 1758 2459 dico,
1800 2408 1856 2450 ut
1896 2401 2055 2450 nihilo
2090 2401 2254 2449 miuus
2289 2403 2554 2466 proprium

1484 2481 1699 2545 quisque
1732 2480 1780 2529 in
1818 2479 1975 2529 rebus
2012 2479 2118 2529 suis
2155 2479 2435 2529 dominium
2470 2481 2559 2530 ha·

1485 2556 1640 2605 beat:
1669 2556 2098 2620 quemadmodum
2131 2555 2228 2606 sub
2252 2558 2449 2621 optimo
2475 2573 2554 2608 re·

1486 2650 1571 2699 ge,
1597 2636 1768 2683 omnis
1795 2650 1886 2685 rex
1924 2636 2144 2700 imperio
2170 2636 2422 2699 possidet,
2455 2636 2560 2686 sin·

1486 2713 1591 2774 guli
1638 2710 1904 2763 dominio)
1976 2714 2045 2761 Et
2087 2728 2203 2776 cap.
2246 2717 2295 2761 6.
2339 2713 2354 2739 ‘
2380 2714 2558 2763 Caesar

1485 2787 1654 2837 omnia
1680 2789 1837 2837 habet
1861 2805 1875 2849 ;
1903 2788 2054 2837 fiscus
2080 2791 2192 2853 ejus
2219 2790 2425 2853 privata
2447 2803 2556 2839 tan-

1486 2871 1616 2927 tum,
1641 2880 1700 2913 ac
1724 2881 1849 2926 sua3
1888 2873 1942 2913 et
1978 2866 2217 2915 universa
2250 2866 2301 2914 in
2336 2866 2555 2926 imperio

1485 2942 1597 3004 ejus
1623 2950 1760 3002 sunt,
1788 2943 1835 2990 in
1859 2943 2167 3004 patrimonio
2194 2939 2436 3004 propria.’
2490 2941 2557 2989 E·

1487 3016 1692 3080 quidem
1717 3018 1964 3079 imperium
1984 3018 2088 3066 late
2106 3018 2181 3065 sic
2200 3017 2396 3065 dictum
2417 3031 2554 3065 com.

1488 3093 1735 3154 plectitur
1761 3106 2008 3140 summam
2045 3098 2363 3155 potestatem
2394 3091 2557 3154 impe-

1488 3170 1735 3229 rantium,
1758 3183 1858 3215 non
1896 3169 2058 3217 solum
2088 3169 2278 3218 civium
2314 3167 2412 3218 sibi
2437 3167 2556 3217 sub-

1482 3244 1749 3306 jectorum
1775 3245 2005 3292 actiones
2033 3244 2311 3308 dirigendi,
2343 3244 2432 3293 sed
2458 3246 2559 3294 eti·

1489 3336 1569 3369 am
1594 3321 1660 3369 de
1700 3323 1925 3384 ipsorum
1953 3321 2100 3370 bonis
2130 3324 2192 3370 ad
2220 3322 2435 3371 salutem
2461 3323 2557 3372 rei·

1490 3396 1711 3460 publicae
1752 3396 2078 3459 disponendi.
2146 3397 2260 3447 Quo
2285 3396 2557 3448 referimus

1489 3473 1561 3529 id,
1584 3473 1719 3536 quod
1746 3472 1946 3521 Plinius
1970 3486 2145 3535 supra,
2171 3485 2360 3522 xxvii.
2379 3478 2426 3522 4.
2447 3473 2559 3522 dix·

1489 3548 1550 3610 it,
1574 3552 1589 3577 ‘
1628 3551 1785 3610 Cujus
1810 3558 1910 3604 est,
1936 3547 2183 3611 quidquid
2206 3556 2287 3598 est
2311 3551 2560 3611 omnium,

1491 3635 1691 3677 tantum
1720 3628 1852 3690 ipse,
1877 3634 2122 3690 quantum
2148 3641 2344 3685 omnes,
2367 3627 2562 3677 habet.'

1488 3705 1595 3756 Sed
1642 3706 1874 3769 pertinet
1920 3705 2020 3754 huc
2067 3705 2223 3754 etiam
2279 3705 2392 3768 ‘jus
2435 3705 2558 3753 emi«.

1489 3785 1649 3848 nens,’
1674 3788 1782 3834 sive
1819 3787 1831 3813 ‘
1855 3782 2282 3847 supereminens‚'
2305 3784 2442 3847 quod
2472 3798 2558 3832 vo·

1488 3868 1613 3911 cant
1649 3861 1788 3924 juris
1848 3868 2047 3910 naturae
2087 3861 2410 3923 scriptores3
2455 3874 2558 3922 quo

1489 3937 1609 3986 boni
1638 3937 1898 4000 principes
1931 3952 2050 3998 nou,
2078 3936 2176 3983 nisi
2214 3943 2435 3999 urgente
2469 3949 2560 3984 ne·

1488 4015 1761 4071 cessitate,
1818 4022 1874 4063 et
1928 4014 2052 4062 boni
2109 4013 2302 4076 publici
2359 4025 2563 4074 caussa,

1488 4099 1740 4154 utuntur3
1779 4090 1902 4140 mali
1936 4105 2060 4139 vero
2086 4105 2244 4152 saepe,
2278 4103 2373 4152 pro
2401 4089 2563 4138 animi

1490 4167 1569 4216 sui
1605 4167 1840 4229 libidine,
1874 4174 1928 4215 et
1968 4173 2211 4227 tanquam
2251 4164 2561 4228 patrimonio

1493 4258 1607 4309 suo,
1644 4244 1946 4295 abutuntur.
2017 4243 2132 4291 Qua
2166 4248 2341 4292 mente
2383 4242 2563 4295 Cesar
