3060 4902
785 396 855 443 0.
902 391 1145 441 vmml
1197 387 1532 439 sncuNm
1582 385 1863 435 PANEG.
1924 384 1988 433 J.

343 550 464 588 cnm
487 534 840 599 inscriptione
866 547 1029 584 auu.
1052 545 1196 582 ιτΑι..
1221 531 1385 580 Licin.

414 615 629 676 Quisque
656 612 880 676 deberet]
931 610 1083 660 Liber
1119 608 1425 667 Vossianus,

345 688 775 751 Beruegger20e
799 689 852 736 la
873 687 1073 741 Baune,
1092 685 1233 733 Cera
1251 683 1425 747 expri-

344 773 495 813 munt
529 777 799 813 numerum
822 759 1168 811 multitudinis
1187 759 1427 809 deberent.

345 840 453 891 Sed
480 841 621 889 nulla
645 854 779 902 opus
815 845 901 888 est
924 828 1234 897 mutatione3
1270 851 1421 900 quam

347 931 522 980 neqne
569 917 654 965 alii
684 914 898 966 codices
946 911 1144 978 antiqui
1176 912 1429 961 indicant.

348 992 595 1042 Schuetz.

399 1068 547 1130 Spem
560 1066 765 1115 hmani
779 1065 1043 1114 nominis...
1054 1064 1280 1129 suscipis]
1294 1065 1426 1115 Con·

348 1153 668 1200 stannum·
701 1156 841 1207 saepe
868 1156 961 1205 pro
996 1142 1219 1206 homine,
1251 1149 1428 1204 gente,

351 1227 409 1270 et
429 1220 644 1284 populo,
672 1218 814 1283 poni.
881 1218 1050 1267 Quam
1078 1217 1320 1282 loquendi
1346 1231 1425 1265 ra-

353 1297 553 1345 tionem
599 1295 807 1344 Graecis
862 1293 1023 1342 etiam
1081 1292 1426 1357 Hebraeisque

351 1387 680 1423 communem
717 1386 853 1433 esse,
886 1378 1030 1421 notat
1068 1370 1212 1420 Guil.
1238 1370 1428 1419 Cante-

353 1450 626 1514 rns,Nov.
669 1450 909 1499 Lection.
947 1462 1008 1498 ιι.
1043 1452 1125 1496 10.
1192 1448 1280 1497 Sic
1313 1447 1426 1496 Sal-

352 1529 482 1579 lust.
517 1527 675 1578 Catil.
718 1540 837 1589 cap.
875 1530 957 1575 52.
994 1526 1085 1581 ait,
1118 1525 1133 1551 ‘
1156 1524 1427 1574 Gallorum

353 1615 568 1670 gentem
605 1602 989 1654 infestissimam
1017 1603 1205 1651 nomini
1239 1601 1426 1650 Roma-

353 1699 421 1734 no
437 1684 452 1705 '
472 1684 536 1748 (i.
553 1697 603 1734 e.
623 1682 814 1746 populo
828 1679 1091 1742 Romano)
1113 1681 1128 1707 ‘
1152 1680 1216 1729 ad
1236 1679 1427 1739 bellum

354 1757 665 1810 arcessunt?
731 1758 881 1807 Idem
912 1755 1035 1814 Jng.
1054 1770 1102 1805 c.
1126 1760 1206 1806 39.
1231 1757 1246 1783 ⁸
1266 1755 1312 1804 A
1347 1770 1427 1804 so-

351 1838 466 1899 ciis,
500 1845 558 1886 et
583 1834 788 1885 nomine
812 1833 1014 1894 Latino,
1040 1833 1231 1881 attxilia
1256 1846 1427 1881 arces-

351 1913 512 1964 sere.’
580 1913 664 1963 Sic
694 1920 932 1966 ‘nome-n,
960 1910 1262 1964 Romanum,
1288 1908 1428 1957 Lati·

351 2005 500 2052 unm,
519 1989 790 2048 Volscum,
816 1987 1089 2040 Albanum,
1113 1985 1301 2035 crebro
1332 1984 1428 2033 eti·

353 2081 436 2114 am
456 2064 685 2115 occurrit
703 2060 843 2125 apud
863 2060 1082 2110 Livium.
1120 2060 1240 2124 Spes
1256 2067 1426 2108 autem

353 2141 562 2191 maianis
580 2139 804 2194 Romaiu,
818 2147 902 2186 est
916 2137 1114 2192 soboles
1138 2137 1311 2199 populi
1330 2136 1429 2184 Ro-

354 2218 517 2279 mani,
556 2226 666 2274 ant,
704 2224 762 2265 ut
808 2214 981 2264 brevis
1025 2213 1175 2263 modo
1221 2214 1427 2263 dixerat

353 2293 575 2350 Plinius,
614 2302 628 2322 ⁸
648 2292 853 2342 soboles
878 2289 1147 2339 Romana.’
1210 2292 1424 2340 Scilicet

349 2387 459 2434 spes
482 2386 585 2420 non
609 2371 774 2421 solum
801 2370 866 2419 de
883 2369 1060 2432 sobole
1083 2369 1423 2418 animantium

352 2449 584 2509 dicitnr;
618 2458 678 2499 ut
702 2447 766 2497 de
790 2447 1000 2513 capellis
1023 2446 1210 2508 virgil.
1245 2445 1423 2509 Eclog.

350 2541 394 2580 1.
419 2532 500 2578 15.
523 2535 537 2555 ⁸
563 2526 723 2588 Spem
748 2528 934 2590 gregis,
958 2524 1022 2574 ah
1046 2524 1192 2574 silice
1216 2523 1264 2571 in
1286 2523 1424 2572 nuda

352 2603 582 2652 connixa
613 2592 820 2666 reliquit
840 2618 855 2662 ς
873 2599 886 2620 ’
919 2601 985 2649 de
1012 2599 1196 2665 apibus
1223 2599 1422 2663 Georg.

354 2693 439 2729 tv.
480 2682 595 2729 162.
626 2677 795 2727 ‘Alite
834 2691 980 2741 spem
1012 2677 1180 2740 gentis
1219 2676 1423 2725 adultos

353 2755 608 2807 Educnnt
629 2752 833 2806 foetnsz’
870 2754 963 2803 sed
986 2754 1144 2803 etiam
1174 2754 1252 2802 vel
1286 2768 1424 2800 max·

356 2829 460 2882 ime
495 2831 693 2881 dicitnr
737 2831 804 2879 de
845 2831 1039 2891 liberis,
1069 2829 1157 2896 qui
1194 2830 1245 2877 iu
1283 2843 1424 2892 spem

355 2909 591 2965 familiae,
606 2910 655 2956 in
672 2922 813 2971 spem
833 2907 1010 2971 populi
1031 2915 1086 2955 et
1102 2904 1426 2967 reipublicae,

357 2992 718 3037 succrescunt.
798 2983 1132 3034 casaubonus
1172 2982 1235 3030 ad
1278 2982 1429 3030 Pers.

360 3065 476 3114 Sat.
505 3077 572 3113 rt.
595 3077 646 3125 p.
678 3064 793 3112 202.
815 3068 982 3123 notat,
1014 3059 1207 3109 Latinis
1244 3058 1427 3106 famili-

358 3156 450 3191 are
474 3155 604 3196 csse,
620 3141 635 3165 ⁸
659 3153 804 3202 spem
823 3142 838 3163 ’
859 3152 949 3200 pro
971 3136 1212 3199 pueritia,
1235 3143 1322 3185 ant
1340 3135 1426 3197 ju·

359 3225 601 3272 ventute,
637 3216 760 3265 item
807 3229 900 3278 pro
934 3227 1096 3277 puero
1137 3226 1200 3261 ac
1230 3211 1428 3275 juvene

359 3295 487 3343 dici.
554 3291 747 3356 virgil.
794 3298 921 3339 ‘nec
960 3303 1078 3353 spes
1109 3289 1221 3352 jam
1264 3293 1427 3337 restat

359 3368 501 3420 Inli.’
567 3370 769 3418 Seneca
800 3365 940 3429 apud
961 3366 1128 3414 Tacit.
1168 3372 1182 3393 ‘
1202 3365 1429 3416 Quartus

358 3447 594 3497 decimus
641 3458 801 3493 annus
847 3451 949 3505 est,
988 3441 1178 3496 Caesar,
1213 3454 1278 3489 ex
1326 3455 1427 3505 quo

360 3524 620 3590 spei-tua
658 3516 931 3569 admotus!
995 3518 1082 3567 Sic
1121 3525 1175 3566 et
1217 3516 1330 3567 Cic.
1363 3517 1426 3564 ad

360 3601 506 3651 Fam.
543 3612 664 3648 xiv.
698 3602 749 3647 4.
786 3598 801 3623 ‘
826 3596 945 3643 Mea
965 3594 1230 3654 Terentia,
1257 3627 1270 3641 .
1296 3626 1310 3640 .
1336 3625 1349 3640 .
1373 3601 1429 3643 et

358 3693 476 3739 men
489 3674 795 3734 charissima
816 3670 993 3734 filiola,
1017 3680 1072 3720 et
1091 3685 1208 3733 spes
1234 3671 1428 3735 reliqua

359 3762 562 3808 nostru,
594 3750 799 3810 Cicero,
833 3746 1039 3797 valete!
1105 3747 1238 3796 Vide
1286 3761 1427 3804 vero,

360 3845 513 3895 quam
537 3827 748 3884 selectis
764 3825 1002 3889 aptisque
1030 3824 1201 3873 verbis
1225 3824 1427 3874 Plinius

359 3910 410 3957 in
435 3909 534 3957 hnc
562 3903 617 3954 re'
640 3900 984 3966 exprimenda
1008 3903 1212 3950 utatur!
1272 3901 1427 3951 Post·

360 4003 515 4054 qnam
551 3984 691 4036 enim
725 3983 1011 4047 Trajanum
1056 3981 1263 4030 dixerat
1309 3983 1429 4044 ‘pa-

359 4075 562 4114 rentem
582 4061 852 4127 publicum
870 4056 904 4121 ;’
925 4072 1061 4108 nunc
1078 4058 1309 4107 sobolem
1328 4058 1428 4107 Ro-

358 4155 563 4194 manam
585 4143 745 4189 voest
762 4150 913 4199 spent,
946 4142 1130 4197 utpote
1155 4135 1222 4184 de
1245 4149 1346 4199 qua
1379 4136 1429 4185 in

358 4216 589 4268 faturum
611 4221 825 4278 tempus
848 4212 1045 4276 optima
1065 4226 1284 4276 quaeque
1312 4223 1428 4275 spe-

358 4310 473 4347 rare
506 4299 724 4361 poterat
761 4302 949 4355 pareus
988 4288 1225 4355 publicus
1237 4303 1254 4349 5
1288 4286 1431 4338 deni-

2031 367 2141 432 26.
2440 366 2568 431 567

1500 542 1601 593 qne
1647 542 1831 576 munus
1868 535 1922 576 et
1958 523 2265 574 beneficium
2300 529 2570 585 paternum

1499 605 1745 669 exprimit
1803 618 1896 666 per
1953 601 2164 650 verbum
2207 601 2222 627 ‘
2252 595 2573 661 suscipere.'

1495 682 1511 709 ‘
1533 679 1804 745 Suscipis,'
1820 679 2010 744 inquit,
2026 681 2041 708 ‘
2058 693 2203 741 spem
2225 677 2441 725 nominis
2463 674 2573 723 Ro·

1500 756 1678 819 mani,'
1713 757 1764 817 lt.
1788 770 1837 805 e.
1873 755 2099 805 sobolem
2126 754 2429 807 Romanam,
2456 758 2572 799 tau-

1501 848 1654 899 quam
1697 839 1867 896 pater,
1905 830 2139 881 alendam
2179 828 2571 878 educandamve

1501 909 1762 960 decernis.
1785 912 1801 939 ‘
1821 910 2026 959 Tollere
2046 907 2059 929 '
2085 907 2219 956 enim
2241 906 2323 954 et‘
2340 904 2572 967 suscipe-

1504 992 1559 1037 re
1585 984 1814 1049 liberos,'
1848 985 2111 1050 proprium
2138 992 2249 1032 erat
2276 990 2503 1047 patrum,
2525 980 2571 1029 si

1502 1079 1632 1129 quos
1673 1065 1863 1112 liberos
1903 1060 2206 1110 nntriendos
2253 1058 2575 1108 educandos·

1505 1154 1606 1202 que
1632 1139 1995 1187 decernerent.
2063 1135 2194 1188 Quis
2221 1135 2357 1183 enim
2386 1133 2573 1190 nescit,

1505 1217 1760 1266 Romanos
1785 1214 2134 1268 consuevisse,
2157 1210 2400 1273 infantes,
2422 1211 2573 1260 simul

1503 1292 1632 1340 editi
1673 1298 1864 1352 essent,
1902 1290 2039 1338 humi
2081 1288 2361 1350 deponere,
2403 1292 2460 1334 ut
2497 1285 2572 1335 O-

1503 1382 1641 1432 pem,
1684 1373 1924 1429 tanquam
1971 1375 2184 1413 matrem
2229 1375 2575 1421 communem,

1504 1446 1812 1505 salutarent,
1836 1442 1985 1504 cujus
2018 1456 2116 1503 ope
2141 1440 2350 1503 posthac
2377 1436 2576 1499 indige·

1504 1519 1660 1568 rent?
1719 1518 1885 1568 Quem
1922 1523 2095 1563 autem
2139 1521 2287 1577 pater
2324 1512 2575 1576 probaret

1504 1601 1559 1644 et
1599 1594 1759 1648 alere,
1785 1607 1882 1640 nec
1923 1604 2188 1654 exponere
2233 1589 2410 1649 vellet,
2438 1588 2573 1635 hunc

1503 1672 1660 1721 humo
1683 1670 1698 1696 ‘
1718 1666 1980 1728 tollebat,'
2015 1667 2126 1715 sive
2167 1667 2182 1693 ‘
2205 1662 2524 1726 suscipiebat
2542 1662 2575 1724 ς’

1503 1763 1660 1813 quam
1699 1746 2083 1808 susceptionem
2127 1740 2414 1792 credebant
2458 1737 2572 1788 fieri

1504 1839 1605 1889 ope
1631 1824 1850 1873 Levanae
1866 1822 2148 1884 Deae‚quae
2170 1819 2373 1867 scilicet
2399 1816 2575 1879 pueris

1505 1902 1570 1949 de
1597 1908 1732 1950 terra
1760 1896 1994 1947 levandis
2028 1901 2294 1959 praeesset.
2364 1894 2480 1945 Qua
2505 1892 2574 1941 de

1507 1992 1582 2035 re,
1609 1985 1799 2041 praeter
1824 1975 1966 2030 alios,
1990 1974 2134 2021 adire
2160 1972 2284 2020 licet
2319 1970 2414 2018 Th.
2443 1970 2574 2020 Bar·

1505 2055 1757 2105 tholiuum
1794 2052 1860 2102 de
1898 2050 2192 2115 Puerperio
2220 2050 2489 2103 Veterum,
2520 2062 2573 2111 p.

1503 2137 1586 2183 73.
1632 2148 1775 2197 seqq.
1865 2131 2073 2193 Itaque,
2118 2135 2172 2177 et
2217 2124 2473 2176 ‘tollere’
2517 2134 2575 2174 et

1503 2212 1517 2237 ‘
1550 2209 1814 2273 suscipere
1875 2201 2104 2261 liberos,'
2152 2201 2574 2268 frequentissime

1502 2289 1695 2338 dicitur
1729 2302 1821 2350 pro
1845 2284 2045 2334 nutrire
2081 2283 2269 2331 liberos
2308 2290 2363 2330 et
2387 2279 2574 2328 educa·

1504 2381 1577 2414 re.
1646 2366 1731 2413 Sic
1762 2363 1976 2410 Terent.
2016 2357 2178 2408 Andr.
2215 2372 2254 2407 ι.
2293 2361 2339 2405 3.
2370 2360 2447 2405 l—l.
2485 2357 2574 2411 ait,

1499 2444 1514 2469 ‘
1556 2439 1815 2503 Quicquid
1865 2438 2174 2502 peperisset,
2220 2433 2570 2484 decreverunt

1505 2517 1728 2570 tollere!
1799 2518 1868 2566 Et
1909 2514 2073 2563 Andr.
2117 2527 2191 2562 tv.
2223 2518 2268 2562 4.
2305 2516 2384 2562 37.
2417 2513 2432 2539 ⁴
2456 2512 2573 2561 Nisi

1503 2611 1717 2659 puerum
1759 2593 1916 2657 tollis,
1945 2592 2054 2656 jam
2092 2606 2189 2653 ego
2213 2592 2345 2640 hunc
2384 2590 2433 2638 in
2468 2605 2572 2639 me-

1498 2674 1635 2721 diam
1677 2671 1807 2720 viam
1848 2665 2182 2732 provolvam.’
2232 2666 2393 2716 Andr.
2435 2681 2496 2715 ιι.
2524 2671 2572 2716 3.

1500 2753 1610 2797 27.·
1640 2747 1910 2797 Pollicitus
1936 2760 2065 2800 sum,
2092 2759 2172 2793 me
2208 2752 2571 2805 suscepturum

1504 2826 1756 2890 puerum.’
1823 2825 2032 2873 Pltorm.
2056 2836 2110 2871 v.
2135 2826 2185 2870 8.
2208 2826 2288 2872 18.
2309 2829 2322 2851 ⁸
2345 2822 2490 2871 Clam
2518 2827 2571 2868 tc

1505 2917 1714 2950 uxorem
1741 2901 1908 2953 duxit,
1929 2907 1984 2947 et
2017 2897 2135 2947 inde
2156 2896 2311 2946 filiam
2339 2896 2573 2958 suscepit

1496 2979 1605 3041 jam
1632 2976 1819 3025 nnam.’
1859 2974 1937 3024 Cf.
1962 2975 2137 3023 Plani.
2163 2971 2423 3035 Amphitr.
2450 2984 2490 3018 t.
2518 2974 2567 3018 3.

1504 3061 1552 3103 3.
1581 3056 1781 3104 Cistell.
1809 3066 1847 3100 t.
1869 3056 1918 3100 2.
1945 3058 1992 3099 5.
2019 3051 2133 3101 Cic.
2171 3049 2234 3098 ad
2278 3047 2444 3097 Attic.
2489 3060 2572 3096 xt.

1504 3138 1554 3180 9.
1579 3140 1591 3160 ¹
1612 3130 1741 3179 Haec
1760 3129 1822 3176 ad
1846 3139 1894 3176 te
1921 3129 2003 3176 die
2029 3125 2190 3174 natali
2216 3139 2331 3174 meo
2357 3123 2571 3186 scripsi;

1505 3224 1609 3272 quo
1648 3212 1840 3257 utinam
1884 3212 2154 3267 susceptus
2193 3217 2294 3251 non
2333 3203 2530 3250 essem!
2558 3202 2572 3222 ’

1507 3286 1651 3334 Beue
1673 3294 1844 3332 autem
1866 3281 2010 3330 addit
2039 3280 2264 3338 Plinius,
2286 3278 2569 3328 ‘sumtibus

1507 3362 1606 3409 tuis
1644 3359 2025 3425 spem-Rotnani
2060 3357 2279 3405 nominis
2304 3354 2571 3417 suscipis;’

1506 3445 1565 3486 ut
1601 3435 1934 3498 significaret,
1972 3435 2270 3497 Trajanum,
2307 3434 2568 3497 publicum

1504 3513 1693 3563 sobolis
1729 3513 1969 3560 Romanae
2004 3517 2271 3573 parentem
2309 3524 2437 3572 esse,
2470 3522 2569 3556 non

1505 3598 1705 3645 natura,
1735 3590 1824 3638 sed
1850 3589 2039 3642 animo.
2066 3595 2117 3636 et
2145 3585 2489 3650 benignitate,
2515 3593 2572 3636 et

1505 3665 1841 3716 similitudine
1894 3678 2032 3711 curte
2093 3670 2363 3726 paternae;
2434 3662 2572 3712 sicut

1504 3744 1718 3793 Sallust.
1765 3742 1919 3791 Catil.
1964 3754 2040 3788 vi.
2078 3745 2128 3789 6.
2166 3741 2258 3802 ait,
2302 3747 2569 3789 senatores

1504 3822 1763 3871 Romanos
1797 3823 1964 3869 ‘curae
2012 3818 2350 3867 similitudine
2398 3824 2571 3880 patres

1506 3913 1622 3949 esse
1661 3898 1984 3960 appellatos)
2049 3896 2117 3942 Et
2162 3893 2323 3942 Micio
2353 3892 2570 3943 Terent.

1507 3975 1734 4038 Adelph.
1758 3988 1794 4023 ι.
1818 3977 1866 4021 2.
1890 3975 1973 4020 46.
1995 3971 2011 3997 ‘
2033 3971 2234 4020 Natura
2251 3978 2305 4019 tu
2330 3970 2401 4019 illi
2422 3980 2571 4036 pater

1507 4066 1596 4112 es;
1633 4049 1864 4100 consiliis
1888 4047 2020 4111 ego.'
2048 4048 2200 4096 Idem.

1577 4129 1822 4178 Tollendos
1841 4125 2031 4190 liberos]
2049 4127 2130 4174 De
2151 4123 2309 4172 verbo
2327 4131 2340 4153 ⁶
2361 4123 2543 4172 tollere
2558 4123 2570 4142 ⁹

1506 4215 1562 4258 et
1584 4207 1600 4234 ⁴
1617 4204 1919 4270 suscipere‚'
1936 4203 2052 4252 vide
2073 4204 2357 4265 proximam
2378 4209 2572 4251 uotam.

1508 4288 1777 4346 Celerum,
1830 4282 1893 4332 de
1963 4280 2187 4345 premiis
2243 4277 2570 4334 πολυτεκνίας.
