3060 4902
723 404 787 449 c.
835 402 1075 453 amun
1125 401 1455 454 saeuum
1506 389 1781 454 PAN‘Ec.
1859 406 1911 457 1.
1955 391 2066 457 59.

300 556 397 608 pra.
433 543 586 592 Ident-

353 618 585 669 Audimts
626 620 841 686 quidem]
888 622 1108 673 Plurimi
1144 624 1350 674 codices

296 693 410 743 Mus.
443 702 501 744 et
536 695 656 745 libri
687 698 943 760 impressi,
978 699 1030 746 in
1065 699 1162 749 hoe
1196 707 1250 749 et
1271 714 1350 748 se·

296 773 465 834 quenti
490 774 625 836 loco,
646 773 842 822 habent
864 776 1111 835 oudinum,-
1133 792 1227 839 pro
1249 792 1349 839 qno

296 849 375 897 alii
415 850 645 915 qnidam,
688 861 746 901 ut
787 852 1069 916 Gryphius,
1113 854 1184 902 Η.
1231 854 1348 905 Ste-

297 924 510 988 phanus,
556 927 791 984 Bivium,
849 929 1071 985 Eizevir,
1115 930 1349 979 Boxbor-

294 1001 417 1057 nius,
462 1003 719 1066 Hackins,
763 1005 1044 1066 Cellarius,
1087 1006 1250 1067 Ceva,
1293 1014 1349 1056 et

294 1077 548 1127 recentius
605 1080 698 1128 viri
758 1079 917 1141 docti,
972 1081 1239 1131 Gesner-us
1294 1090 1348 1132 et

295 1151 622 1216 Arntaenius,
645 1155 894 1206 exhibent
924 1157 1225 1216 audivimus‚·
1257 1158 1348 1207 sed

293 1229 404 1278 mibi
443 1231 620 1292 placet
665 1239 869 1296 tempus
918 1248 1166 1297 praesens,
1210 1235 1344 1299 quod

295 1304 518 1366 pluribus
542 1307 760 1355 testibus
778 1306 947 1357 firmat
975 1312 1347 1373 possessionem

294 1393 447 1443 snam,
467 1396 529 1431 ac
552 1383 715 1445 magis
731 1385 973 1434 convenit
991 1400 1105 1435 cum
1129 1401 1346 1450 sequen·

296 1455 331 1504 ti
353 1458 512 1507 verbo
543 1460 817 1521 presentis
853 1463 1121 1524 temporis,
1152 1463 1347 1512 diceris.

293 1530 454 1582 Idem.

355 1610 570 1675 obiisse]
610 1611 781 1661 ohim
803 1613 869 1661 V.
903 1613 1075 1664 Livin-

355 1687 522 1737 Oculis
542 1689 746 1751 nostris]
781 1689 899 1738 Hoc
931 1691 1114 1740 ordine
1147 1706 1346 1754 ponun-

297 1768 374 1810 tnr
405 1763 487 1811 hae
522 1776 680 1812 voces
719 1763 771 1812 in
809 1765 1043 1814 omnibus
1081 1765 1347 1815 codicibus

291 1836 413 1886 Mas.
435 1851 556 1887 cnm
578 1839 730 1901 vulgo
753 1839 958 1888 inverso
980 1848 1124 1890 stent
1143 1842 1348 1905 ordine,

289 1914 460 1963 neuris
479 1916 645 1964 oculis.
680 1916 941 1966 Schwarz.

350 1990 603 2054 Experiri,
639 1992 727 2056 on]
786 1993 916 2041 Post
954 1993 1043 2042 has
1082 2008 1256 2059 voces,
1296 1996 1346 2044 in

290 2064 466 2116 codice
502 2065 764 2115 Vaticano
801 2071 943 2117 1776.
977 2077 1032 2116 et
1067 2070 1268 2119 Veneto
1300 2077 1347 2120 l.

289 2139 463 2191 deesse
489 2141 703 2206 triginta
726 2156 898 2203 voces,
921 2157 1082 2207 nsque
1112 2145 1175 2193 ad
1210 2145 1346 2196 idem

290 2216 519 2273 verbnm,
553 2224 807 2281 sequente
840 2219 1098 2281 particula
1130 2237 1208 2276 aa,
1236 2223 1346 2285 jam

289 2309 437 2358 snpra
460 2295 528 2346 ad
552 2297 649 2345 hoc
673 2306 830 2358 capnt
856 2299 1119 2348 annotavi.
1167 2300 1316 2351 Idem,

348 2372 600 2422 Secundus
618 2372 909 2434 consulatus]
945 2373 1004 2423 In
1031 2388 1143 2423 meo
1166 2376 1347 2427 codice

286 2447 475 2511 legitur
495 2464 629 2498 serus
653 2451 938 2500 consulatus.
1005 2451 1112 2501 Sed
1137 2453 1267 2502 bene
1292 2469 1348 2504 se

284 2525 437 2576 babet
460 2528 677 2588 vulgata
700 2526 873 2575 lectio.
920 2528 1070 2577 Idem.

346 2603 547 2653 Medius
566 2604 741 2667 onnus]
776 2603 989 2664 Nescio,
1006 2605 1128 2668 quid
1155 2606 1234 2655 liic
1259 2608 1345 2656 tri·

285 2686 468 2729 centur
504 2678 715 2743 quidam
747 2688 1204 2741 commentatores,
1236 2682 1348 2732 baec

284 2756 437 2806 verba
460 2748 726 2804 duntaxat
760 2755 826 2804 de
860 2756 1029 2806 medio
1064 2772 1199 2806 anno
1222 2773 1347 2808 con·

280 2833 478 2881 suiatns
503 2833 718 2895 Trsjsni
753 2832 1192 2896 interpretantem
1228 2850 1345 2884 cum

281 2907 481 2958 Plinius
508 2908 800 2971 generatim
836 2908 902 2957 de
935 2910 951 2936 ‘
976 2907 1145 2958 medio
1178 2910 1350 2972 anno,’

280 2982 313 3032 i.
338 2995 389 3033 e.
425 2983 493 3033 de
538 2982 706 3031 medio
753 2990 985 3045 tempore
1024 2983 1145 3032 vitae
1188 2984 1347 3033 ltomi·

279 3074 417 3123 unm,
452 3067 514 3111 et
554 3060 819 3122 sigillatim
861 3060 1121 3121 regiminis
1159 3061 1348 3123 princi-

279 3151 421 3200 pum,
464 3137 735 3201 loquatur,
779 3136 850 3184 ita
896 3144 1086 3194 tamen,
1134 3144 1188 3186 ut
1232 3138 1347 3188 haec

276 3212 536 3278 deinceps
561 3214 718 3262 etiam
758 3212 821 3260 ad
861 3220 1098 3275 tempora
1133 3213 1344 3277 Trajani

276 3290 538 3355 applicari
566 3291 776 3352 possint,
824 3290 938 3338 Etsi
964 3290 1098 3338 enim
1121 3290 1136 3317 ⁴
1154 3305 1315 3340 annus
1333 3289 1347 3311 ⁹

273 3367 490 3429 proprie
507 3371 597 3414 est
618 3365 842 3426 spatium
869 3365 1136 3428 temporis,
1153 3381 1253 3429 quo
1272 3368 1347 3416 sol

273 3448 442 3491 totum
476 3456 629 3492 snum
666 3441 880 3490 conficit
910 3449 965 3489 et
1003 3449 1249 3504 peragrat
1268 3456 1348 3491 or-

275 3517 427 3579 bemg
456 3506 727 3567 interdum
749 3525 942 3581 tamen,
958 3518 1093 3567 haud
1115 3534 1266 3567 secus
1285 3534 1345 3569 ac

273 3595 587 3645 vocabulum
601 3594 1010 3657 dies,generatim
1025 3595 1236 3657 ponitur
1253 3609 1347 3656 pro

273 3676 540 3733 tempore,
568 3678 750 3723 etate,
773 3675 864 3716 arnt
886 3683 1016 3716 aevo.
1065 3669 1182 3718 Val.
1204 3671 1347 3718 Flac.

271 3759 362 3796 ut.
377 3750 502 3797 ⁴54.
543 3747 560 3774 ⁴
581 3745 754 3794 Nullae
775 3744 894 3791 ideo
915 3751 1106 3806 pestes,
1124 3760 1222 3794 nec
1243 3746 1346 3794 luc·

268 3822 397 3872 tifer
423 3823 647 3885 ingruat
672 3818 874 3880 annus,’
908 3821 942 3869 i.
967 3834 1015 3870 e.
1053 3819 1346 3871 luctiferum

270 3906 508 3963 tempus.
580 3897 829 3958 Propert.
867 3911 944 3946 ιν.
979 3902 1028 3947 5.
1061 3901 1143 3946 51.
1177 3899 1346 3948 ‘Dum

268 3985 461 4027 vernat
514 3975 743 4036 sanguis,
788 3972 909 4022 dum
961 3976 1097 4037 rugis
1146 3976 1349 4038 integer

268 4067 441 4102 annus
458 4049 496 4111 ς’
537 4050 573 4098 i.
596 4062 643 4097 e.
676 4056 819 4098 aetas.
873 4049 1043 4099 Sicuti
1078 4064 1203 4113 ergo
1227 4053 1347 4100 ‘an-

265 4128 400 4179 nus’
436 4126 659 4192 proprie
683 4124 858 4174 dictus
889 4126 1139 4176 dividitur
1172 4129 1225 4176 in
1259 4142 1346 4177 an-

264 4219 391 4255 num
418 4212 435 4236 ⁸
453 4200 839 4267 incipientem,'
859 4203 875 4231 ⁸
890 4202 1139 4262 medium,
1159 4209 1216 4252 et
1233 4209 1248 4231 ‘
1262 4218 1351 4255 ex-

263 4277 537 4334 tremnm’
584 4278 695 4330 siva
743 4277 1108 4343 ‘exeuntem,’
1152 4280 1247 4346 ita,
1289 4287 1350 4332 nt

2364 391 2496 458 825

1424 547 1442 576 ⁴
1464 548 1663 598 medius
1686 547 1880 598 aunns'
1914 550 2104 600 ceteris
2138 549 2338 600 duabus
2375 567 2495 616 par·

1427 625 1568 673 tibus
1592 634 1919 688 opponatur3
1950 628 2024 676 sic
2060 629 2220 676 etiam
2255 634 2381 677 aetas
2404 630 2495 680 bo-

1426 699 1577 748 minis
1622 700 1884 760 dividitur,
1925 702 2016 758 ita,
2058 709 2117 751 ut
2154 717 2270 751 cum
2310 705 2492 767 quavis

1427 783 1578 838 parte
1603 778 1906 825 commutari
1934 791 2104 826 mores
2128 779 2388 827 hominum
2412 778 2492 829 di·

1424 860 1631 900 cantur.
1681 852 1862 901 Voluit
1895 868 2016 914 ergo
2047 853 2226 903 dicere
2252 855 2453 905 Plinius
2475 873 2491 905 τ

1424 927 1579 977 sicuti
1596 927 1827 990 ‘media,'
1842 927 1952 977 sive
1972 929 2147 989 virilis,
2161 930 2314 979 ‘aetas
2330 932 2492 981 bomi-

1424 1002 1581 1066 nnm‚'
1604 1011 1723 1065 post
1746 1011 2017 1067 superatos
2041 1003 2408 1056 adolescentiae
2433 1012 2490 1056 et

1373 1061 1376 1064 ¹
1413 1081 1709 1143 juventutis
1750 1096 1928 1137 annos,
1972 1083 2189 1131 multum
2241 1083 2383 1133 valet
2435 1086 2489 1133 in

1422 1156 1802 1206 commutandis
1825 1158 2084 1206 bominum
2114 1158 2378 1218 moribns;
2413 1159 2491 1208 ita

1423 1241 1476 1282 et
1503 1235 1783 1296 principes,
1808 1235 2042 1297 quamvis
2075 1233 2138 1281 ab
2169 1235 2315 1283 initio
2354 1236 2491 1299 regi-

1424 1309 1576 1358 minis
1610 1310 1736 1358 nihil
1770 1324 1873 1358 non
1905 1310 2143 1372 praeclari
2168 1309 2234 1357 de
2259 1311 2489 1374 sepolli·

1423 1391 1677 1444 ceantur3
1745 1384 1829 1433 ubi
1889 1390 2057 1432 tamen
2115 1385 2490 1449 aliquantisper

1423 1460 1692 1524 progressi
1716 1474 1898 1509 secure
1932 1460 2186 1522 imperare
2213 1461 2488 1525 incipiunt,

1422 1551 1595 1585 mores
1628 1537 1953 1599 animumque
1992 1537 2153 1585 multo
2182 1538 2343 1600 magis
2381 1553 2492 1586 mu-

1425 1620 1539 1662 tare
1565 1613 1754 1672 solent,
1779 1611 1928 1670 adeo,
1956 1619 2033 1667 ut,
2065 1612 2272 1675 abjecta
2304 1614 2488 1676 prioris

1423 1686 1690 1736 modestiae
1715 1689 1878 1747 larva,
1912 1685 2067 1736 facile
2102 1689 2154 1736 in
2191 1689 2487 1752 superbiam

1424 1762 1762 1824 degenerent,
1787 1762 2192 1828 audacioresque
2216 1772 2270 1814 et
2302 1764 2490 1814 feroci-

1424 1853 1539 1887 ores
1585 1839 1904 1896 reddantur5
1953 1840 2089 1902 quia,
2131 1848 2265 1889 teste
2300 1842 2488 1890 Tacito

1422 1912 1616 1962 Annal.
1637 1927 1762 1963 xxv.
1781 1919 1829 1963 l.
1848 1913 1864 1941 ⁸
1884 1921 2141 1964 vetustate
2171 1915 2371 1980 imperii
2401 1930 2489 1967 co-

1425 1990 1609 2040 alescit
1644 1990 1899 2040 andacia.’
1957 1991 2112 2052 Vide,
2136 2006 2253 2055 quae
2277 1993 2411 2043 hanc
2434 1995 2487 2044 in

1422 2067 1737 2116 sententiam
1771 2068 1881 2131 jam
1925 2083 2081 2132 supra
2127 2072 2373 2120 annotavi
2418 2070 2487 2119 ad

1427 2156 1588 2192 xxtv.
1614 2149 1658 2192 1.
1696 2144 1848 2192 Idem.

1488 2220 1683 2268 Medius
1705 2218 1881 2280 annus]
1920 2218 2040 2267 Non
2071 2219 2278 2268 omnino
2301 2228 2489 2271 exacte

1424 2300 1479 2343 et
1519 2294 1587 2343 ad
1630 2295 1917 2353 calculum;
1972 2308 2087 2342 nam
2135 2294 2417 2358 adoptatus
2456 2312 2489 2346 a

1425 2371 1605 2419 Nerva
1627 2370 1899 2433 Trajanns,
1918 2378 1970 2418 et
1991 2371 2166 2419 Caesar
2189 2373 2487 2433 appellatus

1423 2454 1504 2497 est
1527 2456 1646 2496 ante
1671 2446 1808 2496 diem
1845 2461 1962 2496 xrv.
1988 2447 2112 2496 Kal.
2133 2447 2394 2498 Octobres
2417 2449 2488 2501 A.

1422 2522 1490 2571 U.
1510 2524 1570 2573 C.
1591 2536 1889 2572 ncccxmx.
1915 2523 2142 2574 decessit
2166 2526 2340 2574 Nerva
2364 2534 2489 2577 ante

1423 2599 1559 2648 diem
1587 2613 1664 2648 νι.
1687 2600 1805 2648 Kal.
1832 2598 2138 2649 Februarias
2167 2602 2285 2650 anni
2314 2604 2491 2666 proxi·

1422 2674 1511 2722 mi.
1544 2673 1728 2738 Itaque
1752 2674 2010 2724 intersunt
2029 2674 2165 2724 baud
2188 2677 2324 2740 pleni
2348 2693 2491 2728 men·

1422 2764 1503 2799 ses
1525 2751 1768 2814 quinque.
1810 2750 1936 2799 Mox
1962 2753 2213 2813 praeetare
2234 2754 2490 2805 didicimus

1423 2826 1728 2874 emendatur
1784 2839 1879 2887 pro
1934 2827 2153 2883 dicimus,
2206 2829 2392 2878 crebro
2435 2831 2488 2880 in

1423 2903 1567 2951 libris
1613 2912 1668 2951 et
1715 2901 1870 2950 obvio
1914 2915 2107 2951 errore.
2183 2904 2488 2954 Maximiani

1424 2979 1772 3029 Genetliliaco
1814 2979 2129 3041 reddidimus,
2182 2994 2275 3042 pro
2327 2981 2489 3031 reddi·

1422 3071 1559 3113 mun
1603 3056 1877 3104 Variarnm
1917 3054 2217 3104 cassiodori
2277 3070 2407 3105 vin.
2436 3064 2488 3107 6.

1420 3130 1711 3180 credidimus
1769 3144 1864 3193 pro
1917 3130 2167 3178 credimus.
2250 3131 2489 3181 Petronii

1424 3220 1626 3273 quoque
1658 3205 1861 3255 Arbitri
1897 3204 2154 3268 satyrico,
2182 3203 2270 3253 ubi
2308 3208 2489 3269 vulga·

1425 3290 1528 3339 tur,
1554 3284 1741 3331 ‘Nunc
1783 3282 1933 3345 pueri
1972 3283 2023 3329 in
2062 3280 2249 3330 scholis
2288 3283 2494 3346 ludunt,

1415 3360 1643 3423 juvenes
1685 3357 1921 3406 ridentur
1961 3358 2011 3406 in
2056 3355 2189 3420 soro,
2225 3366 2280 3407 et
2320 3356 2488 3421 (qnod

1425 3444 1648 3499 utroque
1695 3434 1893 3496 turpius
1937 3432 2043 3496 est)
2083 3433 2220 3496 quod
2269 3434 2490 3497 quisque

1425 3524 1696 3576 perperam
1732 3509 1889 3558 discit
1921 3510 1970 3557 in
2007 3516 2296 3571 senectute,
2331 3510 2491 3561 confl-

1425 3591 1545 3645 teri,
1579 3602 1681 3638 non
1721 3586 1868 3644 vult,’
1909 3587 2148 3651 equidem
2194 3589 2368 3638 didicit
2409 3603 2495 3640 rei

1424 3679 1627 3730 ponam.
1691 3663 1988 3712 Verisimile
2012 3665 2150 3713 enim
2176 3666 2295 3714 mibi
2322 3667 2374 3716 in
2400 3681 2491 3716 au·

1424 3743 1678 3806 tograpbo
1712 3743 1950 3806 principe
1980 3741 2145 3791 fuisse
2182 3744 2324 3802 dicit,
2350 3744 2488 3806 quod

1425 3821 1475 3869 in
1528 3820 1671 3868 discit
1717 3819 1905 3868 sciolus
1947 3819 2202 3882 quispiam
2247 3821 2491 3870 mutavit.

1424 3897 1587 3947 Livin.

1492 3974 1687 4023 Medius
1719 3971 1894 4034 annus]
1935 3971 2036 4023 Qui
2073 3971 2181 4033 jam
2221 3970 2423 4021 effluxit
2458 3988 2492 4023 a

1427 4059 1517 4101 tuo
1540 4050 1830 4099 consulatu.
1899 4046 2041 4097 Quid
2072 4047 2171 4096 sibi
2200 4049 2376 4102 velint,
2401 4049 2491 4110 qui

1425 4127 1510 4176 luc
1555 4127 1811 4176 tricantur
1861 4123 1925 4171 de
1973 4123 2238 4187 ‘quinque
2282 4130 2491 4175 tantum

1423 4202 1702 4256 mensibus,
1739 4200 1875 4248 inter
1909 4197 2116 4262 Trajani
2156 4197 2492 4261 adoptionem

1425 4286 1484 4331 et
1506 4278 1701 4331 Nervae
1730 4272 1987 4338 mortsm‚’
2020 4273 2212 4325 nescio.
2282 4272 2347 4324 In
2379 4282 2490 4329 tots
