3060 4902
534 390 665 458 818

544 550 740 600 amicos
760 543 958 595 bsbes.'
1027 545 1139 594 Cic.
1161 542 1227 591 sd
1249 540 1413 591 Attio.
1437 553 1514 589 tv.
1535 542 1620 587 to.

543 634 560 657 ⁴
581 623 1065 686 Mihi,mehercule,
1090 620 1218 670 nihil
1242 617 1522 667 videbatur
1538 628 1620 664 es-

549 717 627 764 se,
645 702 695 750 iu
717 715 820 765 quo
843 700 1102 748 tantulum
1124 699 1425 755 interesset,
1445 700 1622 742 utrum

550 792 645 842 per
685 785 1052 840 procuratores
1089 786 1293 835 ageres,
1329 783 1391 817 su
1433 782 1528 831 per
1567 774 1622 815 te

549 852 754 917 ipsum.'
824 851 1026 900 Plinius
1073 859 1251 897 noster
1296 845 1468 909 Epist.
1500 856 1540 892 ι.
1575 845 1624 890 4.

552 931 569 954 ‘
593 928 740 978 Servi
766 925 973 988 probari
999 925 1219 974 dominis
1246 937 1341 985 per
1362 922 1492 969 aiios
1517 932 1623 966 me·

555 1004 651 1068 gis,
672 1018 826 1069 qnam
852 1017 947 1065 per
964 1003 1126 1065 ipsos,
1152 995 1426 1049 laborant?
1476 995 1623 1045 Alias

558 1097 699 1144 vero,
724 1086 738 1110 ⁸
761 1082 866 1129 Per
891 1080 1112 1143 sliquem
1143 1091 1335 1139 capere
1367 1075 1607 1128 bonores,
1613 1071 1627 1093 ’

558 1166 644 1207 not
655 1166 704 1207 st
750 1170 983 1205 caussam
1030 1152 1366 1214 efficientem,
1408 1163 1626 1214 eamque

1240 401 1282 448 N
1295 398 1455 448 OTAE
1504 391 1921 445 vslttoltust
1970 392 2054 444 m

1694 535 1939 585 Schmun.

1763 611 1830 659 Te
1870 610 1966 674 ipsi
2005 606 2273 659 mmm
2312 604 2570 670 prestun]
2625 603 2674 652 1.
2715 619 2768 653 e.

1696 694 1900 750 tempus
1922 695 2024 744 est,
2053 693 2106 736 te
2138 699 2277 735 nunc
2305 686 2571 747 recipere,
2593 693 2650 733 et
2674 698 2770 747 per

1699 771 1751 813 te
1776 764 1942 828 ipsum
1968 777 2174 827 gerere,
2192 762 2538 813 consulatum.
2606 761 2771 810 Csts-

1698 856 1845 892 naeus
1864 840 2032 891 edidit
2057 846 2106 891 te
2121 842 2275 906 ipsun
2295 855 2314 900 ,-
2331 853 2433 890 non
2451 848 2601 889 certe
2622 838 2774 895 mule,

1700 919 1745 967 si
1767 918 1899 968 bsnc
1929 919 2207 968 lectionem
2247 931 2315 967 ex
2347 924 2558 966 vetusto
2588 915 2774 965 codiee

1699 996 1901 1045 bausit:
1937 994 2012 1045 sic
2046 996 2183 1044 enirn
2218 1009 2283 1044 eo
2307 991 2636 1043 manifestius
2657 991 2775 1041 brec

1702 1071 1860 1119 verbs
1885 1075 2276 1134 opponerentur
2304 1067 2552 1133 proximis
2577 1066 2776 1127 verbis,

1696 1150 1713 1178 ⁸
1729 1161 1821 1209 per
1833 1148 1962 1196 slios
1975 1144 2111 1207 frui;
2113 1144 2463 1208 ’postnlsrets
2470 1157 2602 1207 rque
2611 1143 2776 1191 ιΤι-ι-

563 1236 647 1283 vel
673 1233 990 1297 primariam,
1009 1232 1089 1278 vel
1114 1230 1369 1289 medism3
1392 1224 1625 1290 ntiapnd
1694 1221 1842 1285 juno,
1875 1229 1928 1271 ut
1953 1222 2067 1285 jam
2092 1221 2223 1270 nolit
2247 1221 2546 1270 consulstus
2579 1218 2779 1267 honore

562 1312 761 1372 Nepot.
787 1308 900 1358 Au.
925 1322 1041 1371 cap·
1062 1311 1111 1356 7.
1150 1306 1382 1366 ‘Ceteri,
1414 1304 1503 1368 qui
1532 1315 1628 1366 per

565 1401 682 1435 eum
725 1390 816 1433 sut
843 1384 1085 1445 honores,
1116 1390 1206 1431 aut
1240 1381 1447 1430 divitias
1472 1393 1628 1441 cepe·

565 1457 721 1515 rant,'
744 1463 843 1508 ἃς.
876 1458 962 1507 ubi
1003 1466 1127 1521 ‘per
1166 1456 1317 1506 eum'
1353 1453 1630 1520 significet,

567 1538 681 1600 ejus
709 1535 963 1584 beneficio
989 1544 1041 1582 et
1066 1548 1184 1597 ope.
1221 1532 1372 1581 Idem·

631 1612 733 1660 Per
755 1609 896 1671 alios]
931 1611 1050 1661 Quo
1079 1608 1264 1656 modo?
1303 1621 1420 1655 nsm
1442 1611 1496 1655 et
1520 1606 1632 1669 ipse

566 1687 895 1736 nihilominus
933 1685 983 1731 in
1012 1691 1246 1732 senatum
1284 1681 1543 1738 veniebat,
1577 1689 1635 1731 et

570 1762 741 1812 omnis
769 1760 972 1823 publice
1004 1759 1177 1807 munia
1200 1758 1502 1821 usurpabat,
1533 1759 1632 1807 etsi

568 1854 673 1888 non
697 1840 895 1887 consul.
949 1837 1137 1901 Itaque
1162 1837 1486 1886 consulatum
1512 1851 1636 1900 quu-

572 1914 615 1962 si
657 1913 893 1976 gerebat,
923 1926 1087 1976 eoque
1119 1910 1385 1960 fruebatur
1419 1912 1470 1959 in
1508 1913 1637 1960 aliis.

572 1988 798 2038 Subibat
823 1995 1011 2049 tamen,
1042 2003 1107 2035 nn
1137 2001 1259 2048 non,
1279 1988 1387 2049 poti
1411 1988 1532 2037 ulios
1565 1989 1638 2037 le·

573 2067 798 2130 gendum
823 2072 978 2114 esset.
1013 2066 1147 2127 Lips.

642 2142 783 2192 Cst‘.
807 2155 920 2191 ux.
953 2141 1360 2204 Sedjamtempnoe
1377 2140 1473 2204 est]
1509 2141 1641 2190 Cum

574 2222 826 2285 Trsjsnus
849 2235 912 2269 eo
937 2221 1049 2283 ipso
1074 2234 1228 2280 anno,
1253 2233 1353 2282 quo
1373 2219 1454 2267 bic
1474 2219 1644 2267 Pane-

579 2299 789 2363 gyricus
813 2297 1019 2346 habitus
1057 2303 1154 2358 est,
1192 2295 1511 2344 consulatum
1537 2301 1642 2344 ter·

579 2376 709 2424 tium
744 2375 851 2437 jum
897 2372 1225 2436 suscepisset,
1275 2372 1644 2434 gessissetque,

578 2467 681 2501 non
709 2451 928 2514 amplius
949 2465 1075 2513 opus
1099 2456 1229 2509 erat,
1254 2454 1311 2497 ut
1331 2448 1374 2497 is
1400 2447 1463 2496 sd
1489 2448 1643 2497 hono·

577 2544 687 2579 rem
711 2530 848 2578 hunc
884 2526 1254 2589 capessendum
1283 2526 1646 2575 exhortstione

580 2606 800 2670 quadam
847 2603 1236 2651 sollicitaretur.
1314 2601 1443 2649 Cum
1488 2601 1646 2650 nihilo

575 2682 746 2730 minus
762 2680 961 2729 Plinius
980 2690 1111 2726 nuuc
1127 2683 1509 2730 commemoret,
1522 2689 1645 2739 quo·

578 2756 735 2806 modo
758 2756 1011 2817 Trsjsuus
1041 2761 1196 2801 antes
1229 2753 1472 2801 honorem
1510 2752 1647 2800 bunc

580 2833 682 2882 sibi
706 2832 932 2882 oblstum
969 2830 1279 2892 deprecatus
1313 2837 1487 2888 esset;
1527 2843 1648 2891 pro·

582 2909 698 2971 prie
730 2907 904 2956 dicere
927 2906 1209 2966 debuisset,
1231 2904 1329 2953 Sed
1341 2903 1449 2963 jam
1471 2909 1653 2968 tempus

582 2991 707 3046 erat,
733 2994 781 3034 te
801 2985 895 3051 ipsi
917 2982 1180 3032 consulatui
1209 2987 1458 3045 proestare,
1480 2987 1532 3029 ut
1558 2996 1653 3029 ma·

574 3063 736 3125 jerem
761 3078 867 3112 eum
899 3061 1191 3124 suscipiendo
1209 3060 1506 3121 gerendoque
1515 3057 1651 3117 sace·

584 3156 683 3199 res,
705 3144 786 3203 &c-
835 3138 908 3189 At
928 3146 1120 3198 orator,
1143 3151 1260 3184 usus
1282 3132 1654 3198 προσωποποιΐᾳ,

586 3218 795 3266 nomine
839 3222 1070 3274 senatus,
1104 3213 1184 3260 vel
1219 3211 1544 3274 reipublicae,
1584 3212 1653 3258 lo·

587 3294 765 3356 quitur
780 3306 893 3340 curn
912 3291 1245 3352 imperatore,
1265 3288 1409 3351 quasi
1431 3286 1655 3335 nondum

592 3368 805 3416 consule
831 3380 919 3415 ιιι.
939 3374 991 3415 et
1021 3366 1267 3430 proponit
1299 3376 1362 3412 ea
1387 3377 1657 3425 argumen-

591 3448 667 3503 ts,
687 3441 875 3504 quibus
900 3443 981 3491 liic
1019 3442 1323 3503 imperator,
1356 3454 1471 3488 cum
1497 3438 1658 3488 semel

590 3519 889 3582 iterumque
912 3521 1046 3566 hunc
1066 3519 1311 3567 bonorem
1331 3516 1552 3565 sntebsc
1570 3516 1657 3564 de-

593 3601 843 3657 precatus
868 3602 1024 3653 esset,
1059 3593 1122 3641 sd
1156 3608 1272 3641 eurn
1300 3592 1657 3654 recipiendum

593 3670 809 3719 excitari
826 3669 1217 3731 permoverique
1233 3668 1517 3717 debuisset.
1538 3667 1659 3718 Huc

595 3746 728 3797 adeo
750 3747 907 3793 etism
928 3744 1153 3806 pertinet
1174 3744 1440 3791 annotatio
1458 3744 1659 3794 Gesne-

593 3825 657 3873 ri.
729 3823 925 3872 Fateor
947 3828 1137 3875 tamen,
1171 3820 1290 3868 mibi
1323 3819 1552 3868 Plinium
1587 3821 1659 3870 fe·

595 3916 655 3948 re
692 3899 906 3949 nimium
940 3895 1098 3946 fuisse
1128 3894 1290 3944 videri
1319 3895 1370 3944 iu
1403 3896 1663 3946 lsudsnds

596 3976 806 4040 Trajani
831 3974 1158 4024 recusatione
1182 3972 1476 4022 consulatus
1502 3971 1662 4020 tertii.

595 4055 811 4106 Quanta
866 4052 999 4101 enim
1047 4053 1143 4101 ists
1194 4049 1499 4106 moderatio.
1545 4061 1662 4098 cum

597 4130 923 4179 consulatum
959 4130 1091 4176 hunc
1125 4139 1227 4174 non
1261 4126 1356 4174 nisi
1393 4127 1445 4175 in
1470 4138 1662 4174 sunum

597 4205 835 4270 proxime
882 4204 1238 4268 insequentem
1285 4200 1564 4257 distulerit.
1602 4215 1664 4252 uc

598 4281 791 4332 deinde
827 4281 985 4333 nihilo
1007 4280 1172 4332 miuus
1200 4278 1419 4343 gesserit
1453 4278 1661 4342 plures!

1702 1300 1718 1328 ‘
1739 1297 1840 1348 frui
1860 1313 1953 1362 per
1976 1295 2158 1347 alios·'
2125 1330 2140 1357 ,
2190 1296 2284 1347 sed
2308 1303 2368 1345 nt
2385 1296 2498 1359 ipse
2521 1295 2778 1357 suscipiat

1704 1372 1872 1423 fasces
1895 1374 2214 1423 consulares.
2244 1372 2536 1435 Singularis
2559 1371 2779 1419 verolo-

1706 1449 2132 1516 quendiformuls
2150 1456 2251 1506 est,
2278 1454 2550 1511 ‘priestsre
2571 1461 2630 1496 se
2652 1461 2780 1497 eon·

1707 1527 1933 1583 sulstni,’
1967 1527 2070 1577 ise.
2103 1533 2300 1590 presto
2328 1525 2510 1575 sdesse
2540 1523 2783 1573 consuls-

1709 1604 1809 1658 tui.
1837 1611 1894 1653 et
1926 1617 2045 1652 eum
2076 1604 2332 1666 recipere,
2366 1615 2526 1663 seque
2559 1613 2619 1648 re
2654 1613 2783 1649 vers

1712 1687 1967 1745 priestsre
1983 1680 2264 1729 consulens.
2297 1677 2384 1727 Sic
2406 1678 2517 1728 cte.
2534 1677 2686 1728 Fam.
2705 1689 2783 1725 tv.

1710 1761 1761 1805 8.
1780 1761 1795 1784 ⁸
1819 1755 2097 1819 Reliquum
2115 1761 2198 1804 est
2220 1753 2400 1817 igitur,
2417 1762 2475 1802 nt
2502 1752 2598 1802 tibi
2626 1767 2711 1801 me
2729 1752 2785 1801 iu

1712 1833 1850 1882 omni
1887 1847 1944 1881 re
1973 1846 2092 1880 eum
2124 1830 2386 1894 prabesm
2411 1836 2787 1893 prastemque,

1716 1916 1776 1958 ut
1813 1906 1877 1956 sd
1916 1907 2109 1967 omnis,
2145 1920 2261 1971 quae
2294 1907 2371 1956 tui
2397 1906 2583 1962 velint,
2618 1905 2785 1954 adsim

1718 1981 1941 2047 praesto-⁹
1979 1981 2127 2031 Idem
2148 1982 2213 2030 sd
2236 1982 2304 2032 Q.
2326 1980 2414 2030 Fr.
2431 1993 2474 2029 r.
2491 1983 2539 2029 1.
2561 1984 2612 2030 8.
2635 1983 2652 2009 ⁸
2669 1980 2787 2030 Cir·

1719 2058 2157 2122 cumspiciendum
2192 2055 2488 2120 diligenter,
2513 2063 2571 2105 ut
2601 2070 2707 2105 nou
2728 2062 2787 2105 te

1719 2149 1893 2189 unum,
1933 2133 2025 2182 sed
2062 2145 2240 2182 omnes
2274 2131 2539 2181 ministros
2577 2131 2790 2193 imperii

1720 2210 1816 2273 tui,
1852 2210 2007 2259 sociis
2044 2217 2098 2259 et
2133 2208 2353 2266 civibus,
2376 2216 2434 2258 et
2463 2207 2789 2270 reipublice,

1720 2295 1971 2352 pru-stare
1995 2283 2243 2335 videare-³
2279 2285 2451 2348 Magis
2468 2297 2586 2333 cum
2613 2283 2789 2332 Plinio

1720 2363 1964 2414 convenit
1989 2363 2109 2411 Lst.
2135 2362 2381 2421 Pae-tus,
2402 2373 2517 2421 esp.
2537 2363 2622 2409 ts.
2647 2365 2664 2388 ⁴
2681 2357 2789 2408 Ubi

1724 2442 1943 2506 primum
1985 2447 2038 2490 te
2078 2437 2296 2501 imperio
2330 2435 2649 2501 prestitisti,
2686 2448 2793 2485 ιοι

1723 2528 2004 2569 contentus
2029 2517 2142 2579 ipse
2172 2517 2313 2565 ultrs
2336 2514 2460 2562 vitis
2492 2513 2791 2572 recessisse,

1721 2594 1904 2644 slienis
1941 2593 2082 2641 vitiis
2117 2588 2444 2651 corrigendis
2482 2602 2665 2638 curan
2701 2587 2795 2636 sd-

1717 2670 1934 2735 jecisti.’
1999 2669 2240 2717 Paullum
2267 2667 2422 2715 aliter
2441 2665 2656 2713 Sueten.
2676 2663 2796 2712 vib.

1725 2763 1843 2811 csp.
1866 2750 1950 2795 88.
1979 2746 1996 2774 ‘
2014 2744 2296 2794 Psullstirn
2321 2741 2613 2806 principe-
2643 2753 2796 2789 exse·

1727 2825 1850 2885 ruit,
1896 2818 2281 2887 prustititque.'
2349 2817 2473 2868 Nou
2525 2830 2654 2865 vero
2694 2822 2795 2872 est,

1728 2901 1862 2965 quod
1922 2898 2230 2962 cogitemus,
2279 2893 2575 2945 dicendum
2613 2893 2798 2953 fuisso,

1726 2979 1742 3004 ‘
1762 2975 1868 3025 Sed
1884 2975 1990 3038 jam
2017 2981 2225 3036 tenipus
2248 2978 2332 3020 est
2363 2977 2417 3019 te
2440 2969 2537 3032 ipsi
2561 2970 2801 3018 consuis·

1731 3053 1805 3103 tui
1832 3049 2112 3114 praestsndi
2131 3048 2163 3111 ς’
2194 3062 2313 3097 usn·
2337 3055 2393 3096 et
2415 3046 2527 3095 Cic.
2550 3044 2621 3094 de
2643 3045 2801 3094 Orat.

1732 3142 1795 3177 n.
1817 3131 1903 3176 42.
1942 3126 1958 3153 ‘
1979 3126 2213 3188 Tempus
2251 3131 2352 3181 est,
2378 3121 2491 3185 jam
2523 3120 2592 3169 de
2614 3120 2800 3170 ordine

1729 3211 2152 3267 srgmnentorurn
2176 3208 2229 3249 et
2249 3200 2315 3248 de
2337 3193 2688 3247 collocutione
2709 3197 2802 3245 sli-

1734 3280 1858 3345 quid
1884 3275 2097 3327 dicere.'
2163 3278 2234 3326 Et
2263 3276 2375 3338 ipse
2401 3273 2603 3324 Plinius
2627 3273 2802 3336 Epist.

1737 3370 1837 3406 vn.
1857 3359 1906 3404 s.
1946 3357 1962 3383 ‘
1982 3353 2213 3417 Tempus
2232 3360 2333 3413 est,
2358 3357 2413 3402 te
2438 3351 2671 3401 revisere
2692 3364 2804 3401 no·

1736 3434 1910 3483 lestiss
1934 3428 2177 3480 nostrss.'
2214 3430 2363 3478 Idm.

1801 3508 2109 3572 Suscipiendo
2126 3503 2447 3569 gerendoque]
2478 3502 2669 3554 Codex
2703 3503 2806 3553 Ps-

1736 3585 1986 3643 risiensis,
2009 3584 2103 3635 sed
2123 3584 2236 3633 sine
2261 3583 2419 3632 ullius
2439 3580 2561 3630 libri
2581 3581 2805 3631 ulterius

1737 3675 2010 3717 consensu,
2041 3660 2154 3710 bac
2179 3659 2341 3708 verbs
2371 3657 2584 3708 exbibet
2604 3658 2809 3709 unctio·

1738 3757 1813 3798 rs,
1842 3746 1897 3790 ιιι
1919 3739 2138 3801 adm
2165 3753 2269 3788 nnn
2290 3737 2605 3801 suscipiendo,
2636 3751 2810 3800 geren-

1737 3822 1797 3869 do
1825 3817 2165 3880 augustiorem,
2180 3814 2365 3874 socios.
2408 3813 2695 3864 Amisenio
2716 3814 2810 3863 tui-

1738 3893 1885 3943 ritice
1911 3890 2133 3941 blandiri
2163 3891 2278 3939 viss
2315 3897 2395 3938 est
2426 3890 2698 3952 scripture
2720 3903 2809 3939 co·

1739 3948 1867 4017 dieis
1891 3965 2240 4026 Parisiensis,
2273 3978 2390 4014 cum
2411 3964 2497 4013 bic
2519 3963 2589 4013 de
2612 3964 2811 4029 princi-

1739 4057 1806 4108 pe
1850 4045 2066 4094 consule
2109 4048 2312 4105 sgstur,
2351 4042 2439 4106 qni
2480 4043 2812 4091 consulatum

1740 4119 1961 4171 reddere
1979 4121 2216 4183 potnerit
2229 4118 2572 4181 augustior-em.
2608 4117 2813 4169 Noster

1740 4201 1876 4251 enim
1900 4198 2053 4258 infra,
2070 4211 2159 4250 ιι.
2180 4198 2238 4248 2:
2252 4205 2268 4228 ·
2285 4197 2378 4246 Vis
2399 4196 2528 4246 illud
2549 4198 2812 4261 angustis·

1740 4277 1924 4328 simum
1958 4274 2226 4329 consulum
2260 4271 2540 4339 sliqusndo
2579 4273 2810 4325 tribunt!
