3060 4902
736 375 804 421 G.
855 372 1098 422 pantu
1149 371 1481 424 ssscunm
1537 374 1810 423 PANEG.

300 521 316 545 ‘
338 521 647 578 exspectare
669 514 684 537 '
719 521 893 580 notat,
934 529 1050 567 cum
1088 515 1365 566 formidine

302 591 525 656 opperiri
556 608 572 653 ;
643 599 803 656 prout
861 593 1094 655 Antipho
1149 594 1362 643 Terent.

302 668 511 719 Phorm.
545 684 584 718 r.
608 673 659 718 4.
687 673 766 719 to.
803 669 897 732 ait,
929 673 945 698 ⁸
974 670 1190 733 Nescio,
1226 669 1362 734 qnod

300 757 538 806 magnum
557 744 658 794 hoc
674 745 857 795 nuntio
870 752 1120 806 exspecto
1138 743 1365 794 malum.’

304 819 372 870 Et
388 821 560 870 Tacit.
588 822 718 884 Agr.
739 836 785 871 c.
807 826 891 871 29.
912 826 928 851 ⁴
948 822 1189 872 Britanni
1214 821 1363 871 ultio·

300 910 431 960 nem,
453 905 551 945 aut
586 899 917 957 servitutem,
956 896 1366 961 exspectantes.'

298 976 431 1026 Item
473 978 632 1040 virg.
665 991 742 1028 vt.
777 981 857 1026 14.
891 976 1117 1025 ‘Inclusi
1159 991 1363 1040 poeuam

302 1050 647 1117 exspectan&
718 1052 859 1115 Ergo
882 1059 935 1102 et
959 1051 1165 1101 Plinius
1188 1051 1364 1101 dicere

298 1131 477 1186 voluit,
502 1131 789 1181 Delatores
814 1143 952 1179 nunc
969 1144 1083 1177 cum
1116 1138 1256 1178 metu
1275 1144 1366 1193 op·

304 1206 576 1268 periantur
620 1213 790 1254 tantas
814 1204 1088 1255 delationis
1122 1220 1229 1254 suae
1255 1221 1362 1269 ραι-

302 1297 413 1342 nas,
465 1288 666 1348 quanta
707 1283 925 1332 antehac
977 1281 1093 1345 ejus
1149 1282 1366 1345 praemia

300 1373 513 1424 sperare
537 1365 839 1422 potueruut.
905 1359 1157 1423 Equidem
1193 1359 1367 1423 mirus,

299 1438 374 1485 nti
417 1436 550 1496 dixi,
593 1435 819 1486 omnium
864 1436 1238 1499 exemplarium
1284 1446 1365 1485 est

303 1525 583 1561 consensus
630 1511 683 1560 in
721 1510 1012 1561 exhibendo
1042 1512 1199 1560 verbo
1244 1511 1365 1561 sim·

302 1587 419 1650 plici
456 1591 690 1648 spectent.
759 1587 976 1644 Verum,
1012 1600 1108 1637 nec
1140 1587 1366 1636 insoleus

303 1670 398 1718 eat,
431 1663 786 1726 corruptelam
827 1663 1072 1726 aliquam,
1104 1678 1220 1728 qnae
1248 1663 1363 1727 jam

303 1738 418 1788 olim
443 1739 498 1788 in
522 1738 685 1788 libros
706 1738 942 1802 irrepsit,
975 1741 1125 1803 longe
1153 1741 1364 1805 lateque

304 1815 616 1878 propagari3
651 1828 749 1864 nee
785 1814 853 1864 de
894 1814 1054 1864 nihilo
1090 1821 1188 1875 est,
1224 1815 1362 1879 qnod

301 1889 489 1939 dudum
523 1890 823 1941 observavit
856 1890 1135 1940 Mnncker.
1160 1890 1224 1939 ad
1253 1891 1365 1955 Hy-

304 1967 402 2030 gin.
426 1966 649 2016 Astron.
671 1981 711 2016 i.
732 1971 785 2016 6.
818 1981 1007 2031 nempe
1033 1967 1193 2016 verba
1228 1967 1364 2032 haec,

301 2044 316 2069 ⁸
333 2050 581 2106 spectare
598 2042 615 2062 ⁹
634 2049 690 2092 et
719 2043 735 2071 ‘
754 2042 1092 2107 exspectare'
1118 2044 1243 2092 alias
1266 2043 1363 2091 eti·

303 2131 380 2168 am
424 2119 474 2167 in
529 2119 654 2168 locis
698 2120 1092 2185 quamplurimis
1129 2127 1363 2169 veterum

302 2195 615 2259 scriptorum
655 2198 982 2247 commutari.
1052 2196 1166 2245 Etsi
1204 2197 1366 2258 igitur

302 2283 434 2333 ogre
477 2271 767 2334 procedam
805 2270 870 2320 ad
919 2270 1080 2321 verba
1123 2272 1365 2322 Pliniana

301 2346 570 2409 mutanda,
615 2344 833 2396 videbor
877 2352 1050 2396 tamen
1090 2360 1194 2396 nou
1238 2361 1364 2397 sane

303 2422 421 2474 nihil
443 2422 668 2473 rationis
689 2422 947 2480 habuisse,
970 2437 1088 2486 cnr,
1117 2438 1212 2488 pro
1237 2439 1364 2489 spec-

301 2504 410 2557 tent,
435 2500 793 2563 rescripserim
810 2505 1097 2563 exspectent.
1132 2500 1299 2550 Idem.

364 2578 513 2627 Paria
545 2577 750 2642 premio
786 2577 985 2640 darana]
1036 2577 1209 2627 Proba
1246 2579 1361 2629 haec

301 2658 372 2703 eat
413 2653 601 2710 lectio,
647 2667 762 2718 quae
808 2653 1053 2703 librorum
1111 2661 1165 2703 et
1210 2668 1362 2703 manu

300 2728 636 2795 scriptorum,
658 2738 715 2778 et
741 2730 881 2795 typis
901 2744 1233 2795 excusorum,
1264 2739 1365 2781 tes·

301 2805 506 2859 timonio
563 2804 926 2857 confirmatur.
1017 2809 1151 2857 Fere
1207 2808 1362 2859 simili

300 2881 445 2930 modo
470 2882 713 2947 loquitur
734 2882 953 2933 Sueton.
974 2880 1028 2932 in
1051 2882 1188 2946 Aug.
1208 2897 1255 2933 c.
1278 2887 1360 2934 32.

296 2956 313 2983 ‘
331 2957 711 3007 Diuturnorum
774 2971 975 3008 reorum
1004 2993 1019 3008 .
1044 2993 1059 3008 .
1080 2991 1096 3007 .
1120 2990 1135 3006 .
1158 2960 1365 3013 nomina

297 3032 534 3095 abolevit,
557 3033 861 3084 conditione
889 3034 1170 3098 proposita,
1207 3043 1286 3097 ut,
1314 3037 1362 3088 si

296 3124 442 3174 quem
467 3111 587 3176 quis
617 3117 858 3174 repetere
884 3112 1062 3175 vellet,
1100 3127 1193 3175 par
1228 3113 1361 3176 peri·

297 3187 458 3237 eninm
483 3202 659 3252 poenae
684 3188 921 3238 subiret.’
985 3189 1123 3239 Hinc
1147 3204 1267 3239 vero
1287 3192 1360 3240 in·

296 3264 598 3329 telligimus,
636 3264 927 3329 imperante
954 3266 1195 3330 Trojano,
1218 3267 1361 3317 dela·

297 3349 433 3393 tores
470 3343 771 3408 oportuisse
812 3357 962 3406 aeque
997 3358 1186 3407 magna
1220 3343 1362 3394 dam·

296 3432 375 3479 ua,
410 3433 714 3485 gravesque
747 3420 1017 3471 calumniae
1062 3436 1255 3484 poenas,
1294 3424 1361 3472 ti·

295 3508 537 3558 επιτομε
562 3495 843 3545 commoda
877 3497 1098 3547 antehac
1136 3506 1188 3547 et
1227 3512 1362 3561 prae·

294 3572 391 3621 mia
414 3574 706 3637 sperariut,
728 3572 1119 3639 retulerintque.
1179 3575 1363 3638 Cujus·

295 3647 428 3697 modi
466 3647 753 3698 delationis
789 3649 1002 3710 praemia
1039 3650 1361 3714 potissimum

297 3725 388 3774 snb
413 3725 633 3775 Nerone
660 3724 955 3787 viguerant.
994 3726 1069 3775 ita
1108 3735 1164 3775 ut
1200 3741 1362 3790 popu-

296 3799 370 3849 lns
401 3809 526 3851 tunc
566 3798 905 3861 flagitaverit,
939 3802 1005 3850 ‘a
1040 3801 1361 3851 delatoribus

297 3877 592 3928 revocanda
639 3878 873 3939 premia,
913 3891 1235 3940 qnaecunque
1274 3891 1358 3927 ce·

294 3952 526 4017 pisseut‚’
563 3960 887 4001 memorante
923 3953 1225 4019 Tranquillo
1244 3967 1360 4017 cap.

293 4031 371 4080 44.
440 4029 564 4078 Non
588 4026 729 4077 adeo
752 4034 852 4085 est,
871 4041 962 4077 cur
984 4031 1360 4093 amplectamur

298 4105 486 4154 variam
530 4103 842 4159 lectionem,
881 4118 997 4168 quae
1033 4104 1268 4155 occurrit
1305 4104 1359 4154 in

297 4180 566 4229 codicibus
590 4178 868 4228 Vaticanis
892 4190 944 4229 et
986 4180 1035 4229 in
1069 4181 1360 4243 Guelpher·

300 4252 507 4321 bytano,
517 4255 668 4320 peria
680 4256 880 4318 proemio
892 4261 936 4307 el
953 4257 1139 4307 damna.
1177 4255 1360 4322 Neque

1893 375 1944 425 1.
1976 357 2085 424 35.
2374 358 2504 425 637

1439 530 1656 566 neeesse
1724 524 1807 567 est
1869 523 1929 567 ut
2006 516 2321 582 recipiamus
2382 516 2503 568 libri

1441 594 1681 643 Vossiani
1720 602 1915 655 notam,
1948 609 2035 657 pro
2071 593 2265 656 praemio
2298 595 2504 652 damno,-

1439 670 1672 734 quamvis
1694 677 1910 733 utraque
1930 670 2037 720 liaec
2062 671 2284 719 varietas
2304 684 2403 718 non
2426 670 2504 719 in·

1440 755 1813 809 congruentem
1853 747 2135 795 constituat
2169 745 2504 795 sententiam.

1440 821 1616 870 Multo
1641 822 1807 869 minus
1828 821 1998 870 locum
2023 821 2203 870 damus
2223 821 2505 871 correctio·

1440 897 1491 945 ni
1532 908 1584 944 et
1625 896 2065 960 interpretationi,
2088 910 2237 960 quam
2278 897 2503 947 tentavit

1440 974 1655 1035 Pighius
1682 974 1871 1024 Auual.
1896 975 2042 1023 Rom.
2068 981 2190 1022 tom.
2212 986 2274 1021 n.
2313 987 2364 1036 p.
2384 978 2501 1023 ⁴86.

1443 1051 1526 1099 'Si
1564 1048 1918 1113 conjecturae,’
1975 1049 2159 1112 inquit,
2193 1049 2368 1097 'locus
2409 1050 2501 1098 ali·

1441 1128 1557 1190 quia
1582 1141 1694 1175 esse
1719 1127 1931 1190 poterit.
1956 1127 2164 1188 vulgata
2188 1126 2346 1175 lectio
2379 1126 2501 1176 milii

1441 1204 1517 1253 sic
1565 1205 1875 1268 corrigenda
1913 1203 2198 1264 videbitur,
2250 1205 2331 1252 sed
2374 1218 2504 1266 spec·

1440 1283 1543 1330 tent
1578 1280 1716 1341 paria
1748 1280 1799 1328 iu
1828 1279 1995 1342 proelio
2027 1281 2234 1335 damam
2269 1288 2326 1328 nt
2368 1293 2501 1342 pre-

1440 1355 1565 1403 lium
1605 1355 1909 1404 translative
1947 1362 2097 1405 vocet
2138 1355 2500 1404 accusationes

1440 1432 1555 1481 illas
1594 1434 2035 1497 calumniatorias,
2068 1432 2501 1498 quemadmodum

1437 1509 1635 1557 Tullius
1671 1508 1736 1558 ad
1776 1509 2008 1559 Atticum
2056 1510 2306 1569 scribens,
2345 1522 2384 1556 1.
2418 1511 2499 1556 16.

1440 1587 1455 1613 ‘
1477 1587 1673 1636 acriter
1690 1594 1744 1635 et
1777 1585 2109 1636 veliementer
2130 1599 2185 1633 se
2213 1584 2500 1648 praeliatum

1439 1661 1587 1720 dicit,
1610 1662 1853 1725 quamdiu
1873 1673 2081 1712 senatus
2106 1663 2391 1712 auctoritas
2409 1662 2497 1711 de·

1438 1738 1703 1789 fendenda
1726 1738 1893 1790 fuit.'’
1948 1740 2116 1792 Quem
2143 1740 2309 1804 Pighii
2332 1741 2499 1789 locum

1436 1818 1708 1866 annotavit
1730 1817 2068 1867 Arntzenius.
2092 1819 2242 1866 Idem.

1502 1892 1662 1941 Notas
1683 1892 1817 1955 snas]
1848 1893 2125 1955 Stigmata,
2151 1901 2208 1942 ut
2232 1891 2359 1942 dixi.
2413 1891 2497 1942 An

1436 1968 1618 2017 eadem
1672 1976 1796 2018 nota
1851 1969 2119 2019 intellecta
2185 1970 2503 2033 Capitolino,

1437 2058 1555 2094 enm
1596 2045 1778 2094 scribit
1833 2046 1884 2094 in
1927 2045 2005 2094 M.
2045 2045 2331 2108 Antonino,
2365 2046 2501 2095 ‘Ca-

1439 2120 1646 2170 lumniis
1683 2120 2143 2185 quadruplatorum
2181 2121 2502 2184 intercessit,

1438 2197 1684 2260 apposita
1709 2195 1856 2245 falsis
1882 2195 2201 2245 delatoribus
2224 2203 2347 2243 nota
2364 2194 2399 2243 ?’
2433 2210 2498 2245 an

1439 2271 1666 2322 infamiae
1722 2281 1902 2322 notam
1948 2273 2110 2336 magis
2166 2279 2246 2321 eat
2301 2272 2501 2336 accipi?

1441 2351 1579 2399 Nam
1619 2359 1674 2401 et
1714 2366 1775 2401 ea
1799 2351 2060 2400 delatores
2088 2349 2419 2413 sequebatur,
2443 2358 2501 2401 ut

1440 2427 1637 2481 Valens
1673 2441 1733 2476 ac
1777 2426 2174 2477 Valentinianus
2219 2425 2379 2491 impp.
2419 2440 2499 2476 re—

1439 2503 1695 2554 scribunt.
1734 2504 1873 2567 Lipa.

1506 2581 1657 2629 Paria
1676 2582 1875 2643 praemio
1896 2579 2089 2643 damna]
2115 2580 2170 2629 Si
2196 2580 2315 2630 olim
2339 2594 2369 2628 a
2392 2594 2499 2631 ma·

1437 2655 1502 2705 lis
1527 2657 1847 2721 principibus
1878 2657 2105 2721 ingentia
2132 2658 2343 2721 praemia
2370 2656 2499 2706 refe·

1439 2734 1644 2798 rebant,
1703 2750 1836 2785 nunc
1881 2751 1912 2785 e
1957 2750 2210 2785 converso
2266 2735 2498 2798 ingentia

1438 2810 1629 2861 damna
1649 2819 1953 2875 expectent.
1988 2813 2207 2871 Pater-ol.

1510 2888 1836 2951 Timeantque]
1862 2888 2129 2937 Particula
2153 2887 2399 2947 ἐγκλιτικὴ
2412 2902 2499 2951 que

1439 2964 1629 3013 omissa
1647 2973 1726 3013 est
1747 2964 1798 3012 in
1818 2964 1997 3013 codice
2010 2964 2267 3012 Vaticano
2282 2968 2428 3012 ³461.
2442 2970 2499 3012 et

1437 3036 1492 3093 in
1514 3038 2019 3101 Guelpherbytan03
2056 3053 2170 3102 quae
2197 3052 2321 3087 vero
2347 3039 2500 3087 omis·

1440 3115 1515 3163 sio
1541 3129 1571 3162 a
1598 3113 1915 3177 negligentia
1948 3114 2272 3162 librariorum
2300 3112 2500 3177 profec-

1441 3196 1495 3239 ta
1519 3189 1668 3238 nimis
1685 3190 1956 3253 abruptam
1977 3190 2151 3239 reddit
2168 3190 2497 3241 sententiam.

1437 3266 1683 3315 Schwarz.

1505 3342 1669 3391 Divus
1700 3340 1864 3404 Titus]
1899 3342 2137 3405 Elogium
2159 3342 2259 3392 divi
2285 3348 2498 3406 praeter-

1438 3418 1643 3466 missum
1670 3424 1749 3466 est
1775 3417 1824 3465 in
1860 3418 2247 3480 Boxliorniana,
2282 3419 2499 3467 Cellari-

1440 3510 1554 3550 ana,
1581 3495 1865 3558 paucisque
1903 3494 2014 3543 aliis
2055 3495 2408 3555 editionibus3
2445 3498 2498 3546 in

1438 3574 1626 3622 ceteris
1655 3587 1777 3621 vero
1815 3572 1979 3628 libris,
2017 3579 2070 3621 et
2107 3575 2331 3624 maxime
2369 3574 2497 3624 Mas.

1439 3649 1581 3698 clare
1604 3648 1926 3711 exprimitur.
1960 3648 2111 3698 Idem.

1505 3726 1670 3790 Titne]
1691 3725 1882 3789 Tangit
1905 3726 2123 3775 Sueten.
2144 3725 2195 3774 in
2217 3726 2359 3790 Tito,
2383 3741 2428 3775 e.
2447 3730 2498 3776 7.

1439 3802 1579 3865 Lips-

1507 3877 1797 3941 Quandoque
1817 3877 2034 3941 dig-nior]
2071 3878 2334 3928 Particula
2351 3895 2500 3942 quun·

1434 3956 1584 4017 doque
1603 3955 1796 4003 dicitur
1822 3969 1913 4018 pro
1947 3959 1962 3981 ⁴
1977 3955 2387 4019 quandocunque
2408 3955 2423 3976 '
2444 3963 2503 4007 et

1437 4029 1742 4095 ‘aliquando
1759 4028 1793 4093 ς’
1819 4045 1879 4080 ac
1901 4028 2130 4080 futurum
2146 4032 2350 4094 aliquod
2376 4038 2503 4080 tem·

1439 4120 1555 4169 pus,
1586 4112 1642 4155 et
1666 4107 1822 4155 veluti
1847 4106 2107 4171 quandam
2130 4105 2502 4170 conditionem,

1437 4180 1699 4244 designat.
1782 4180 1944 4230 Plura
1967 4181 2116 4243 liujus
2152 4180 2375 4230 notionis
2410 4196 2500 4232 ex·

1438 4259 1608 4322 empla
1623 4274 1686 4309 ex
1708 4258 1820 4322 ipso
1838 4256 2009 4308 Plinio
2024 4264 2197 4308 nostro
2209 4258 2319 4320 jam
2344 4273 2501 4323 supra
