3060 4902
524 353 656 418 750

529 513 801 564 Romanis:
824 512 838 541 ‘
853 510 916 560 ln
929 510 1193 574 suppliciis
1205 513 1433 560 Deorum
1446 524 1586 572 mag·

524 590 686 653 nifici,
709 591 846 641 domi
879 590 1040 653 parci,
1063 589 1116 637 in
1146 589 1342 637 amicos
1371 586 1591 636 fideles!

525 668 770 717 Selium.

590 743 651 790 In
686 743 949 806 publicans]
996 741 1165 790 Multa
1199 740 1334 790 enim
1376 739 1586 803 publice

524 816 804 866 edificavit
834 826 927 868 aut
952 817 1237 880 reparavit.
1308 817 1586 878 Eutropius

523 891 794 954 magnifice
820 893 885 942 de
919 893 1029 953 illo,
1064 896 1078 920 ⁶
1100 891 1295 941 Orbem
1330 900 1586 941 terrarum

523 970 845 1020 aedificasse.'
941 972 1141 1026 Victor,
1207 970 1222 997 6
1258 971 1444 1019 Castra
1499 986 1585 1019 su·

520 1046 867 1110 spectioribus
910 1053 1064 1111 atque
1109 1048 1416 1111 opportunis
1456 1047 1585 1097 loeis

520 1131 808 1183 exstructa,
843 1139 1071 1189 ponsque
1107 1124 1344 1173 Danubio
1380 1124 1582 1186 imposi-

522 1209 625 1264 tus,
665 1217 726 1251 ac
770 1201 1006 1251 deductas
1046 1202 1359 1250 coloniarum
1402 1201 1583 1263 plerae·

520 1292 640 1342 que.
734 1277 935 1338 Adhuc,
981 1276 1159 1326 Romae
1205 1292 1236 1326 a
1284 1277 1582 1326 Domitiano

521 1363 695 1416 coepta
733 1352 865 1414 fora,
896 1363 1052 1418 atque
1089 1355 1188 1404 alia
1225 1355 1407 1414 multa,
1443 1355 1584 1417 plus·

520 1445 674 1495 quam
717 1432 990 1494 magnifice
1035 1432 1196 1481 coluit
1237 1430 1585 1495 ornavitque!

520 1509 624 1558 Sed
649 1515 703 1558 et
726 1509 831 1560 Dio
856 1509 1080 1566 Cassius,
1101 1512 1115 1537 6
1132 1510 1446 1558 exstruxisse
1469 1508 1581 1570 plu-

520 1585 668 1640 rima,
704 1594 759 1634 et
794 1587 1015 1634 maxime
1054 1585 1348 1633 necessaria
1381 1586 1431 1631 in
1468 1584 1581 1646 viis,

518 1661 776 1723 portibus,
794 1661 1012 1724 publicis
1035 1659 1312 1709 aedificiis.'
1361 1661 1583 1708 Exstant

516 1737 770 1802 hodieque
817 1739 1003 1802 aliqua,
1044 1740 1095 1788 in
1141 1740 1316 1803 primis
1360 1740 1582 1802 vestigia

519 1814 805 1864 admirandi
844 1815 979 1863 illius
1022 1818 1075 1865 in
1111 1817 1355 1866 Danubio
1390 1817 1583 1879 pontis,

515 1905 673 1956 super
719 1895 939 1944 humana
988 1896 1186 1954 ingenia
1232 1904 1384 1957 atque
1417 1911 1579 1959 opes:

515 1970 641 2019 item
699 1971 832 2019 alter
887 1972 1125 2034 egregius
1182 1972 1234 2019 in
1304 1971 1582 2034 Hispania,

517 2061 668 2109 quem
692 2047 708 2074 6
735 2048 1028 2096 Alcautarae
1049 2046 1060 2067 '
1087 2054 1290 2102 vocant,
1313 2049 1459 2111 Tago
1486 2049 1578 2096 im·

516 2124 746 2186 positus:
794 2132 850 2173 et
895 2126 1045 2187 plura
1088 2125 1402 2173 monimenta
1441 2139 1577 2173 verae

513 2199 699 2250 laudis.
766 2200 931 2251 Quam
968 2202 1187 2251 dicterio
1225 2209 1393 2251 tamen
1430 2216 1579 2265 carp-

516 2279 586 2327 sit
619 2287 672 2329 et
709 2279 910 2342 libavit,
944 2281 1029 2344 qui
1067 2279 1316 2329 ‘herbam
1352 2281 1577 2343 parieta-

516 2354 675 2404 riam'
703 2357 980 2420 Trajauum
1016 2357 1180 2416 dixit;
1219 2356 1353 2420 quod
1389 2371 1578 2404 nomen

515 2431 708 2496 ubique
729 2432 1033 2483 inscriberet
1055 2432 1298 2496 operibus
1321 2433 1398 2480 vel
1420 2433 1581 2492 novis,

517 2510 597 2556 vel
623 2511 842 2558 novatis.
906 2509 1042 2559 Quid
1070 2510 1226 2557 mali?
1260 2506 1456 2556 faciant
1489 2509 1576 2557 alii

514 2585 777 2648 principes
804 2600 819 2646 ς

515 2661 648 2723 Lips.

581 2738 642 2785 In
677 2737 936 2800 pubIIcum]
979 2738 1099 2786 Non
1137 2737 1328 2799 absque
1370 2736 1574 2786 cavillo.

513 2809 812 2861 Ammianus
841 2814 1077 2862 Marcell.
1101 2815 1132 2861 Ι.
1158 2827 1336 2861 xxvii.
1362 2829 1407 2862 c.
1433 2820 1478 2862 5.
1507 2814 1575 2863 de

510 2888 792 2953 Lampadio
828 2891 966 2939 urbis
1010 2889 1275 2954 praefecto,
1316 2892 1402 2954 qui
1439 2898 1454 2920 ‘
1481 2907 1577 2955 per

512 2966 682 3014 omnia
710 2967 940 3017 civitatis
973 2968 1219 3031 membra,
1253 2984 1368 3031 quoe
1404 2968 1576 3018 diver·

511 3057 681 3092 sorum
715 3044 1003 3107 principum
1033 3052 1347 3093 exornarunt
1377 3045 1575 3108 impen-

509 3136 602 3185 sae,
625 3136 808 3172 nomeu
833 3125 1096 3187 proprium
1120 3124 1455 3179 inscribebat,
1473 3140 1572 3174 non

509 3208 568 3248 ut
592 3208 819 3249 veterum
839 3202 1173 3263 instaurator,
1191 3200 1280 3248 sed
1301 3201 1578 3258 conditor,’

510 3274 673 3332 addit,
715 3277 732 3305 ‘
758 3278 873 3328 Quo
913 3277 1037 3325 vitio
1080 3277 1344 3325 laborasse
1384 3277 1574 3327 dicitur

508 3351 752 3415 princeps
794 3353 1067 3416 Trajauus‚
1111 3354 1247 3402 uude
1294 3368 1410 3403 eum
1456 3356 1572 3403 her·

508 3427 623 3477 bam
659 3430 967 3492 parietinam
991 3429 1219 3494 jocando
1243 3431 1572 3493 cognomina-

508 3504 668 3552 runt.'
699 3506 852 3554 Beru.

576 3579 822 3641 Porticus]
857 3580 1004 3638 Quae,
1039 3581 1234 3642 nescio,
1267 3594 1363 3630 nec
1399 3588 1569 3632 tamen

507 3654 782 3716 suspicioni
810 3656 1038 3703 Catauaei
1061 3656 1254 3704 accedo
1274 3662 1440 3718 portus
1456 3675 1570 3721 sug·

508 3730 710 3793 gerenti
731 3745 745 3789 3
781 3745 896 3777 nam
923 3732 1031 3778 inec
1055 3731 1118 3778 de
1140 3732 1248 3791 ipsa
1267 3732 1414 3781 urbe.
1438 3734 1570 3796 Lips.

572 3807 706 3856 Hinc
725 3807 958 3870 porticus]
984 3809 1259 3857 Catanaeus
1278 3811 1480 3871 optavit
1498 3813 1569 3859 le·

505 3898 630 3946 gere
660 3883 793 3932 Hinc
823 3889 1007 3946 portus,
1043 3886 1162 3948 quia
1201 3886 1390 3934 nesciit
1442 3902 1568 3951 quas

496 3959 711 4022 porticus
728 3960 1047 4008 exstruxerit
1068 3961 1347 4024 Trajauus3
1386 3963 1570 4013 nesciit

503 4043 557 4084 et
596 4035 817 4098 Lipsius.
885 4035 1036 4084 Publ.
1071 4044 1243 4085 tamen
1281 4037 1463 4086 Victor
1499 4038 1568 4087 de

503 4113 819 4176 Regionibus
840 4112 1182 4174 Urbis‚l.1.de
1201 4112 1410 4175 regione
1432 4129 1569 4163 noua

501 4189 770 4240 annotavit
792 4189 808 4216 6
827 4188 1042 4251 Trajani
1065 4188 1322 4254 porticum
1344 4190 1397 4239 in
1415 4191 1566 4242 Cam·

887 2583 1101 2648 faciant,
1157 2592 1210 2632 et
1272 2583 1575 2633 inscribant.

1214 365 1432 415 NOTAE
1488 364 1891 415 vammum
1939 365 2022 414 IN

1661 524 1730 573 po
1752 509 1981 560 Martio!
2012 510 2257 561 Schts-m.
2344 527 2349 534 ·

1731 588 1930 636 Occulta
1971 588 2238 653 celeritate]
2284 585 2328 639 1.
2367 603 2415 638 e·
2456 589 2732 642 celeritate

1663 670 1826 726 tanta,
1855 675 1913 715 ut
1951 668 2036 715 vix
2074 668 2257 716 sentiri
2297 670 2580 733 potuerint,
2608 686 2731 736 quo

1663 750 1958 804 agerentur.
2023 741 2216 793 Justin.
2237 757 2318 794 xl.
2341 750 2389 794 2.
2421 751 2434 773 ⁴
2452 747 2619 796 Tanta
2641 763 2731 797 ee-

1661 819 1867 868 leritate
1892 819 2152 870 Graeciam
2175 823 2452 884 oppressit,
2474 830 2550 884 ut,
2572 838 2726 888 quem

1660 896 1836 943 venire
1871 910 1973 944 non
2010 903 2303 958 senserant,
2336 899 2512 947 videre
2549 914 2607 948 se
2640 903 2729 949 vix

1660 971 1979 1023 crederent.'
2047 974 2259 1022 Sallust.
2302 975 2353 1023 in
2392 975 2599 1037 Fragm.
2634 976 2729 1025 ali·

1661 1058 1908 1112 quantum
1942 1051 2042 1100 alio
2076 1066 2228 1099 sensu
2262 1058 2412 1101 vocat
2435 1060 2450 1081 ‘
2480 1052 2726 1102 furtivam

1660 1127 2021 1175 celeritatem!
2057 1127 2207 1176 Idem.

1728 1203 2088 1266 Consummata]
2114 1204 2259 1253 Nova
2274 1204 2575 1253 structione.
2594 1205 2732 1269 Lips-

1728 1280 2082 1335 Consummatu,
2102 1283 2185 1329 sed
2211 1286 2397 1329 tantum
2417 1281 2727 1345 commutata]

1663 1353 1899 1415 Haereas,
1923 1370 1986 1404 an
2016 1356 2128 1405 haec
2157 1358 2496 1406 commutatio
2523 1358 2621 1407 loci
2647 1358 2725 1407 fu·

1660 1433 1777 1486 erit,
1801 1445 1865 1479 an
1889 1430 2090 1481 formae.
2147 1433 2215 1481 Et
2236 1433 2469 1496 quamvis
2495 1433 2726 1497 legamus

1660 1506 1797 1568 apud
1821 1508 2152 1569 spartianum
2177 1509 2227 1557 in
2248 1508 2537 1570 Hadriano,
2554 1511 2726 1561 ‘Con-

1658 1586 1832 1634 stituit
1862 1587 2001 1635 inter
2034 1594 2231 1649 cetera,
2254 1596 2312 1636 ut
2341 1588 2391 1636 iu
2424 1589 2568 1636 nulla
2596 1587 2726 1636 civi·

1658 1667 1767 1710 tate
1806 1662 1987 1712 domus
2025 1666 2208 1728 aliqua.²
2246 1664 2622 1714 transferendas
2657 1665 2724 1714 ad

1659 1737 1809 1787 aliam
1850 1741 2028 1789 urbem
2070 1741 2219 1789 ullius
2261 1741 2498 1791 materia
2541 1756 2726 1791 caussa

1658 1812 2033 1877 diruerentur;’
2072 1824 2379 1881 constetque
2403 1831 2467 1865 ex
2493 1831 2593 1866 non
2622 1832 2724 1867 nno

1657 1890 1814 1938 Plinii
1846 1891 1977 1947 loco,
1998 1891 2092 1940 hac
2122 1892 2173 1941 iu
2199 1892 2496 1954 tralatione,
2517 1894 2725 1943 venisse

1655 1968 1885 2030 integras
1909 1969 2190 2027 columnas,
2208 1970 2438 2032 integros
2464 1971 2729 2034 parietes;

1656 2045 1831 2106 potius
1868 2052 2036 2093 tamen
2073 2054 2173 2107 est,
2204 2053 2260 2095 ut
2292 2047 2470 2096 isthaec
2495 2047 2723 2110 accipia-

1656 2131 1765 2166 mus
1799 2120 1865 2168 de
1897 2121 2183 2169 mutatione
2206 2118 2405 2183 formae,
2427 2128 2487 2169 ut
2511 2122 2724 2173 ostendi

1654 2195 1718 2242 ad
1744 2195 1914 2245 Tacit.
1939 2196 2124 2246 Annal.
2149 2210 2186 2246 1.
2211 2201 2293 2247 7⁴.
2342 2196 2505 2246 Addit
2535 2198 2726 2263 Hispo,

1652 2280 1877 2321 statuam
1912 2274 2148 2324 Marcelli
2181 2274 2337 2323 altius
2369 2288 2519 2338 quam
2550 2275 2726 2325 Cesa-

1654 2362 1765 2396 rum
1802 2349 1973 2412 sitam,
2005 2357 2059 2398 et
2098 2350 2199 2398 alia
2232 2351 2283 2398 in
2317 2355 2509 2406 statua,
2541 2365 2722 2416 ampu-

1654 2430 1764 2475 tato
1795 2427 1971 2491 capite
2001 2426 2242 2491 Augusti,
2271 2425 2493 2493 effigiem
2520 2427 2721 2479 Tiberii

1654 2503 1884 2552 inditam.
1925 2505 2072 2553 Grut.

1721 2580 2046 2643 Commutato]
2085 2579 2456 2643 Reparatione.
2485 2580 2624 2645 Lips.

1721 2656 1921 2704 Tantum
1938 2656 2244 2719 commutata]
2283 2657 2577 2720 Catauaeus,
2598 2658 2724 2723 Lip-

1650 2730 1774 2791 sius,
1811 2740 1865 2780 et
1899 2731 2010 2793 alii,
2048 2732 2161 2780 baec
2197 2734 2262 2781 de
2298 2735 2629 2796 reparatione
2663 2743 2721 2786 et

1651 2805 1937 2856 refectione
1987 2807 2320 2856 aedificiorum
2368 2811 2721 2874 interpretan—

1652 2889 1754 2939 tur,
1779 2885 1923 2948 quasi
1967 2885 2168 2933 Plinius
2198 2886 2393 2935 dixerit
2426 2891 2615 2936 tontum
2645 2889 2718 2937 εἰ·

1648 2965 1882 3008 staurata.
1939 2961 2044 3009 Sed
2070 2962 2153 3011 liic
2173 2963 2382 3011 videtur
2402 2963 2595 3026 aliquid
2612 2980 2720 3014 am·

1652 3038 1784 3098 plius
1812 3037 2122 3101 significare,
2143 3044 2198 3087 et
2226 3039 2371 3103 quasi
2398 3038 2720 3103 ὕπερβολικῦι

1650 3115 1824 3166 dicere
1860 3119 2098 3174 voluisse,
2135 3124 2191 3166 ut
2228 3131 2328 3166 non
2358 3133 2388 3166 a
2411 3118 2720 3169 fundamen·

1651 3194 1716 3241 tis
1750 3202 1803 3241 et
1841 3208 1932 3255 per
1973 3201 2147 3256 partes
2191 3193 2379 3242 sensim
2411 3204 2718 3245 constructa

1650 3276 1804 3331 atque
1837 3268 2100 3331 perfecta;
2138 3269 2227 3318 sed
2255 3269 2413 3320 veluti
2437 3271 2553 3321 loco
2573 3287 2717 3322 com·

1648 3351 1866 3400 mutata,
1882 3354 2011 3394 etex
2031 3346 2309 3410 improviso
2325 3347 2535 3397 aliunde
2552 3355 2718 3398 trans·

1648 3422 1772 3485 lata,
1803 3422 2095 3471 videantur.
2162 3423 2323 3473 Certe
2357 3430 2587 3486 veteres,
2617 3428 2718 3477 etsi

1646 3512 1749 3547 uon
1775 3501 1971 3560 integra
1996 3497 2215 3547 aedificia
2239 3499 2526 3550 transferre
2562 3513 2716 3565 potu·

1647 3575 1803 3631 erint,
1824 3576 2004 3623 horum
2032 3586 2201 3623 tamen
2231 3584 2408 3639 partes
2439 3576 2715 3641 aliqnando

1647 3653 1981 3712 transtulere,
2008 3657 2063 3699 ut
2086 3651 2252 3699 locum
2277 3662 2620 3704 commutasse
2643 3656 2718 3704 vi·

1645 3725 1918 3775 darentur.
1985 3726 2140 3789 Apud
2176 3727 2441 3790 Spartian.
2470 3728 2524 3776 in
2558 3729 2716 3780 Adri·

1646 3816 1762 3858 ano,
1785 3818 1833 3851 c.
1859 3806 1937 3853 18.
1968 3803 2207 3864 legimus,
2227 3801 2516 3853 Adriauum
2552 3806 2715 3871 impe-

1646 3888 1871 3929 ratorem
1904 3880 2235 3928 constituisse
2264 3880 2404 3929 inter
2432 3889 2632 3937 cetera.
2657 3889 2715 3931 ut

1645 3959 1697 4006 in
1723 3959 1864 4006 nulla
1886 3958 2102 4007 civitate
2125 3957 2305 4005 domus
2329 3956 2515 4020 aliqua
2550 3966 2715 4008 trans·

1644 4034 1873 4084 fercndae
1897 4034 1961 4082 ad
1986 4034 2139 4082 aliam
2166 4034 2345 4082 urbem
2371 4033 2525 4083 ullius
2549 4042 2713 4085 mate·

1644 4112 1731 4161 riae
1754 4126 1934 4160 caussa
1957 4111 2299 4159 diruerentur.
2355 4108 2441 4159 Ad
2464 4124 2617 4175 quem
2640 4114 2714 4162 lo-

1642 4202 1758 4240 cum
1786 4186 1931 4239 adire
1956 4188 2080 4237 licet
2103 4184 2484 4239 casaubonum.
2550 4186 2622 4242 Iu
2652 4189 2714 4238 li-
