3060 4902
525 360 669 425 672*

525 519 672 579 cnjus.
693 515 1077 567 rescribendum
1095 516 1415 580 conjecerint
1432 517 1597 567 alicui.

532 598 663 647 Quoe
708 594 964 643 correctio
1004 594 1055 641 in
1090 608 1219 643 voce
1255 594 1400 642 alicui
1437 595 1595 644 etiam

531 670 724 733 placuit
770 669 1152 729 Rittershusio;
1188 669 1283 717 nisi
1330 669 1468 731 quod
1513 671 1597 718 hic

533 761 625 809 pro
647 746 959 808 cujuscunque
988 745 1135 804 modi,
1164 744 1321 793 etiarn
1359 746 1598 794 maluerit

530 838 783 886 reponere
805 822 1024 884 cujusque
1046 822 1190 869 modi.
1254 820 1359 869 Sed
1392 822 1599 871 omnino

531 907 708 948 nostra
744 899 891 947 nobis
926 898 1084 947 lectio
1121 897 1345 959 genuina
1374 897 1601 946 videtur.

531 976 855 1025 Vocabulum
913 974 1049 1022 enim
1104 973 1304 1028 modica,
1350 987 1444 1035 pro
1498 987 1602 1037 quo

530 1053 665 1101 male
688 1053 938 1113 scriptum
966 1049 1138 1099 suerat
1160 1050 1375 1110 modica,
1399 1048 1602 1113 (cujus-

532 1127 671 1177 modi
697 1135 926 1177 erratum
965 1125 1122 1175 etiam
1157 1125 1276 1174 alibi
1302 1125 1605 1175 observavit

533 1203 853 1268 Scioppius,)
886 1204 992 1266 jam
1033 1203 1086 1251 in
1122 1202 1266 1251 libris
1300 1202 1601 1267 quibusdam

532 1281 863 1329 observatum
893 1278 1125 1327 Livineio
1147 1285 1199 1327 et
1225 1278 1423 1341 Lipsio,
1449 1286 1606 1341 prout

535 1357 687 1405 modo
723 1355 966 1415 diximus,
1005 1354 1237 1418 placuit;
1272 1355 1425 1419 idque
1467 1356 1604 1404 Gru·

535 1442 693 1488 terus.
740 1432 1026 1487 Puteanus,
1068 1445 1129 1480 ac
1179 1432 1412 1493 Patarol,
1458 1439 1605 1480 recte

535 1510 792 1559 admisere
846 1509 897 1557 in
953 1515 1256 1558 contextum
1320 1508 1606 1570 orationis,

536 1602 653 1635 curn
679 1585 812 1634 idem
841 1599 976 1633 nunc
1001 1599 1028 1632 e
1054 1584 1313 1644 scriptura
1336 1582 1489 1630 trium
1520 1596 1605 1631 co·

535 1661 709 1711 dicum
758 1663 884 1710 Mas.
929 1662 1079 1709 Vatt.
1136 1663 1282 1708 1775.
1341 1664 1487 1708 1776.
1552 1667 1606 1709 ct

535 1743 684 1788 3461.
722 1739 950 1800 itemque
989 1736 1461 1800 Guelplierbytani,
1484 1751 1607 1785 con-

535 1814 743 1863 firmare
788 1814 1056 1876 possimus.
1124 1813 1186 1861 ln
1230 1828 1360 1861 voce
1405 1812 1608 1874 alictdus

536 1893 661 1942 nihil
684 1899 762 1940 est
784 1891 1082 1940 mutandum
1104 1908 1117 1950 3
1152 1896 1450 1952 propterea,
1467 1891 1606 1953 quod

538 1967 706 2015 locum
736 1974 876 2015 recte
905 1966 1127 2023 obtinet,
1151 1974 1204 2013 et
1241 1966 1467 2014 unanimi
1500 1980 1606 2014 om·

538 2044 677 2091 nium
726 2043 973 2091 librorum
1022 2039 1267 2103 suffragio
1324 2042 1607 2091 stabilitur.

537 2119 658 2168 Sola
677 2120 841 2182 prima
861 2133 958 2167 vox
981 2119 1238 2181 cuicunque
1255 2119 1373 2168 huic
1393 2119 1607 2182 periodo

536 2210 604 2245 ex
623 2196 948 2245 correctione
966 2194 1068 2244 fuit
1089 2195 1445 2255 restituenda;
1473 2210 1609 2258 cum,

538 2273 779 2322 restituta
803 2287 931 2322 voce
956 2273 1157 2328 modica,
1181 2273 1254 2322 sic
1290 2287 1498 2335 prorsus
1535 2272 1608 2321 in·

541 2364 830 2411 congruens
864 2349 1115 2399 evaderet
1153 2349 1339 2410 oratio,
1361 2349 1608 2409 cujuscun-

538 2440 626 2487 que
641 2426 821 2474 modica
838 2427 1037 2490 pecunia
1054 2441 1116 2475 ex
1131 2426 1397 2476 hereditate
1411 2425 1610 2486 alicujus

537 2502 811 2560 obveneriw
858 2516 1077 2564 cumque
1124 2502 1283 2551 facile
1335 2510 1610 2565 appareat,

542 2591 634 2626 cur
665 2577 726 2625 τὸ
757 2579 1015 2640 cuicunque
1043 2579 1094 2626 in
1117 2579 1428 2641 cnjuscunque
1452 2579 1607 2642 dege·

539 2654 803 2702 neraverit
825 2669 840 2714 ς
878 2669 1064 2717 nempe
1092 2662 1306 2718 propter
1322 2670 1471 2704 voces
1490 2656 1609 2705 sub·

541 2739 820 2793 sequentes
857 2730 1039 2779 vitiose
1077 2732 1319 2794 scriptas,
1365 2733 1492 2781 modi
1535 2748 1609 2784 ea.

539 2807 628 2856 Sic
671 2821 793 2856 vero
830 2822 893 2856 ex
931 2807 1028 2856 hac
1071 2807 1450 2869 emendatione,
1491 2823 1607 2871 qnae

538 2881 771 2945 vestigiis
808 2883 1037 2946 antiquae
1073 2885 1350 2947 scripturae
1383 2892 1607 2948 quatuor

541 2957 777 3007 codicum
807 2968 1037 3008 veterum
1060 2960 1189 3009 Μαι.
1215 2974 1494 3025 eorumque
1519 2962 1609 3009 ad·

540 3036 642 3084 huc
693 3037 1049 3098 superstitum,
1094 3036 1307 3096 insistit,
1354 3051 1608 3101 quamque

532 3113 644 3175 jam
684 3114 894 3174 agnovit
929 3113 1118 3161 Petrus
1158 3113 1327 3161 Faber
1353 3115 1610 3163 Sanioria·

542 3203 657 3247 nus,
691 3189 742 3236 in
776 3190 964 3237 notulis
997 3191 1100 3238 suis
1124 3188 1187 3236 ad
1212 3189 1346 3238 hunc
1369 3191 1609 3253 Panegy-

543 3264 722 3317 ricum,
767 3265 981 3312 editioni
1027 3265 1311 3315 Parisiensi
1352 3282 1434 3316 an.
1468 3271 1609 3317 164³.

543 3339 780 3401 adjectis,
817 3339 1078 3398 facillima,
1112 3350 1168 3392 et
1205 3343 1521 3406 planissima,
1558 3352 1611 3394 et

542 3414 698 3478 digna
716 3416 906 3477 Plinio,
921 3418 1150 3467 nascitur
1167 3419 1444 3466 sententia.
1500 3419 1611 3468 Sic·

544 3494 619 3541 uti
674 3494 812 3542 enim
856 3493 1055 3542 Plinius
1111 3493 1265 3542 modo
1321 3495 1610 3557 generatim

542 3566 766 3629 dixerat,
792 3583 854 3616 ex
895 3568 1068 3617 edicto
1105 3568 1314 3631 Trajani
1350 3570 1400 3616 in
1440 3577 1610 3631 poste·

543 3658 652 3691 rum
700 3657 880 3691 carere
924 3642 1119 3692 debere
1154 3657 1310 3691 onere
1353 3645 1610 3696 vicesimae

545 3734 756 3782 parvam
797 3727 852 3768 et
889 3720 1074 3768 exilem
1119 3718 1504 3783 lrereditatem;
1538 3723 1611 3772 ita

543 3810 679 3846 nunc
712 3796 924 3852 indicat,
958 3811 1023 3845 ex
1059 3796 1243 3847 eodem
1281 3798 1476 3861 edicto,
1510 3801 1613 3848 cui·

541 3887 740 3936 cunque,
773 3872 809 3922 i.
849 3887 898 3922 e.
932 3871 1042 3921 sive
1077 3871 1360 3923 domestico
1399 3884 1453 3923 et
1489 3889 1611 3939 cog-

544 3958 686 4003 nato,
708 3949 817 3997 sive
848 3956 1116 4004 extraneo,
1141 3949 1283 3998 illam
1317 3950 1612 4001 immunita-

545 4031 651 4074 tem
675 4024 949 4086 obtingere
973 4024 1188 4082 debere,
1211 4024 1489 4076 dnmmodo
1521 4028 1612 4078 be-

544 4099 742 4149 reditas
761 4100 898 4149 foret
917 4099 1147 4162 modica3
1170 4116 1285 4151 cum
1305 4116 1333 4150 e
1350 4105 1613 4154 contrario

544 4189 610 4223 ex
634 4176 882 4237 opulenta
915 4174 1208 4227 hereditate
1244 4183 1444 4240 partem
1478 4177 1612 4228 vice-

543 4250 723 4301 simam
754 4252 884 4304 solvi
918 4260 1178 4320 oporteat.
1246 4253 1424 4305 Nihilo
1446 4254 1613 4305 minus

1222 373 1443 438 κοτε
1491 371 1902 424 namnum
1956 374 2035 422 ικ

1670 517 1783 566 haec
1815 516 2111 567 emendatio
2136 513 2420 566 Arntzenio
2455 514 2737 580 approbari

1672 607 1775 642 non
1801 594 1996 656 potuit;
2032 594 2152 657 quia
2177 608 2362 656 nempe
2400 594 2447 641 ei
2486 600 2593 642 tum
2630 593 2741 643 Pli-

1673 670 1789 718 nius
1820 670 1955 718 idem
1982 670 2221 719 videatur
2245 670 2443 730 dicere,
2467 669 2605 733 quod
2629 671 2741 733 jam

1674 754 1827 794 antea
1851 746 2063 807 dixerit,
2097 749 2112 774 ‘
2133 760 2295 808 parva
2329 753 2384 795 et
2420 746 2568 794 exilis
2593 746 2740 795 here-

1674 822 1809 871 ditas
1828 821 1861 883 ς’
1896 823 2034 886 quod
2061 824 2142 872 hic
2171 829 2412 885 repetere
2448 829 2583 871 esset
2609 822 2740 871 otio-

1675 913 1805 947 sum.
1878 899 2087 954 Verum,
2131 913 2232 947 non
2281 899 2436 960 plane
2478 898 2615 946 idem
2663 898 2741 947 sic

1675 973 1805 1023 dicit
1847 974 2080 1036 Plinius;
2112 989 2227 1023 cutn
2264 974 2552 1036 subjectum
2587 974 2740 1036 hujus

1676 1051 2034 1108 immunitatis.
2054 1052 2127 1100 uti
2147 1053 2427 1114 loquuntur
2445 1051 2623 1113 logici,
2639 1051 2743 1114 sig·

1676 1125 1968 1176 nificantius
2002 1127 2267 1190 exprimit,
2290 1141 2456 1190 neque
2491 1130 2586 1175 hoc
2617 1127 2743 1176 Tra-

1668 1203 1782 1265 jani
1808 1202 2116 1252 heneficium
2139 1203 2343 1259 leviter,
2364 1215 2423 1251 ac
2437 1202 2583 1267 quasi
2602 1204 2744 1253 sicco

1678 1278 1813 1341 pede
1868 1278 2113 1339 transilit,
2155 1278 2385 1340 eleganti
2429 1278 2579 1326 simul
2623 1292 2743 1326 usus

1677 1354 1946 1418 ἐξεργασίᾳ,
1991 1353 2130 1418 quod
2175 1353 2380 1402 schema
2425 1368 2528 1402 non
2573 1353 2744 1403 labem

1679 1431 1922 1494 aliquam,
1945 1429 2034 1478 sed
2058 1424 2432 1489 ornamentum,
2451 1426 2606 1478 affert
2629 1444 2744 1479 ora·

1679 1507 1826 1555 tioni.
1892 1505 2090 1567 Taceo,
2110 1506 2150 1554 si
2176 1504 2445 1554 Arntzenii
2483 1506 2657 1566 lectio,
2689 1512 2744 1556 et

1680 1584 1788 1645 eJus
1812 1582 2177 1644 interpretatio
2202 1583 2367 1630 locum
2397 1582 2613 1644 habeat,
2636 1583 2744 1632 Pli-

1679 1660 1816 1708 nium
1841 1657 2017 1707 dicere
2043 1658 2303 1720 debuisse,
2320 1674 2591 1722 quocunque
2612 1661 2744 1709 modo

1679 1741 1724 1785 et
1748 1735 1932 1784 nomine
1958 1736 2159 1799 pecunia
2178 1751 2240 1784 ex
2262 1735 2525 1786 hereditate
2546 1737 2747 1798 alicuius

1678 1812 1936 1873 obvenerit,
1956 1815 2039 1875 dyc.
2070 1811 2238 1860 Idem.

1752 1889 2025 1950 Cuicunque
2067 1889 2248 1936 modica
2299 1890 2521 1954 pecunia]
2573 1888 2745 1950 cnjus-

1680 1979 1875 2027 cumque
1897 1965 2024 2014 modi
2055 1981 2109 2014 ea
2140 1968 2355 2028 pecunia.
2424 1967 2512 2016 Ita
2535 1967 2746 2030 repperi

1682 2041 1734 2090 in
1769 2040 2020 2097 omnibus,
2057 2049 2278 2104 excepto
2309 2042 2378 2092 G.
2416 2042 2468 2090 in
2497 2056 2601 2106 quo
2625 2057 2748 2092 vera

1682 2117 1840 2166 lectio
1868 2116 2058 2176 Cujusc.
2081 2118 2266 2165 modica
2298 2117 2514 2180 pecunia.
2582 2118 2748 2180 Supe-

1683 2195 1819 2243 riore
1854 2195 2025 2257 capite
2056 2202 2311 2243 statuerat
2345 2194 2617 2257 Trajauus,
2640 2193 2747 2244 affi-

1683 2270 1823 2319 nium
1851 2285 2062 2332 parvam
2098 2277 2154 2319 et
2191 2272 2379 2320 exilem
2402 2270 2746 2320 hereditatem

1685 2362 1715 2396 a
1750 2347 1999 2408 vigesima
2037 2346 2314 2396 immunem
2336 2360 2470 2402 esse,
2492 2345 2590 2395 hoc
2615 2360 2748 2409 prae·

1684 2429 1847 2478 terea,
1893 2430 1951 2471 ut
1994 2422 2324 2486 cuiuscunque,
2363 2421 2416 2471 id
2452 2430 2552 2486 est,
2591 2422 2746 2473 etiam

1683 2497 1937 2547 affinitate
1988 2513 2089 2548 non
2146 2500 2430 2563 conjuncti,
2470 2500 2750 2562 hereditas,

1683 2575 1805 2624 dum
1830 2589 1890 2624 ea
1915 2576 2085 2625 tenuis
2105 2589 2165 2625 ac
2189 2575 2389 2625 modica
2427 2584 2588 2633 esset.
2611 2577 2750 2642 vige-

1683 2653 1865 2701 simam
1891 2666 1954 2700 ne
1979 2652 2254 2715 penderet.
2288 2653 2452 2703 Livia.

1753 2730 2021 2793 Cuicumque
2051 2732 2231 2780 modica
2266 2731 2487 2795 pecunia]
2527 2729 2750 2782 Quidam

1687 2806 1806 2856 libri
1843 2807 2158 2870 cnjuscunque
2194 2807 2414 2865 modian,-
2466 2806 2602 2870 quod
2646 2822 2751 2857 am·

1687 2882 1909 2943 plector,
1934 2883 2109 2930 statim
2148 2891 2319 2931 tamen
2344 2882 2568 2946 legendo
2609 2883 2754 2932 alicui

1688 2973 1780 3020 pro
1821 2958 2041 3018 alicujus.
2103 2958 2375 3008 Sententia
2419 2968 2520 3019 est,
2569 2959 2755 3022 Cujus·

1686 3048 1888 3099 cunque
1913 3049 1975 3083 ea
2005 3049 2165 3098 parva
2200 3035 2422 3098 pecunia
2453 3032 2629 3094 fuerit,
2664 3049 2751 3097 ag-

1686 3112 1795 3161 nati
1835 3113 1918 3160 vel
1962 3111 2217 3168 extranei,
2253 3126 2352 3160 non
2390 3109 2589 3178 refert:
2629 3111 2755 3162 nihil

1686 3186 1886 3250 pendit.
1921 3187 2059 3249 Lips.

1767 3264 2040 3328 Cuicunque
2094 3264 2279 3314 modica
2329 3264 2553 3328 pecunia]
2615 3264 2752 3314 Edit.

1687 3339 1919 3388 Rlienan.
1939 3341 2250 3404 cujuscunque
2272 3342 2399 3390 modi
2434 3356 2491 3390 ea
2520 3342 2718 3404 pecuaris
2734 3355 2756 3399 ,⁶

1685 3416 1775 3464 sed
1799 3417 2057 3479 cuicunque
2079 3417 2262 3467 modica
2287 3418 2499 3480 pecunia.
2535 3417 2721 3467 Faber.

1753 3494 2021 3556 Cuicumque
2037 3496 2221 3544 modica
2235 3494 2457 3558 pecunia]
2479 3493 2754 3554 Cuiuscun-

1686 3584 1775 3631 que
1794 3571 1976 3618 modica
2008 3571 2205 3632 pecunia
2234 3587 2298 3621 ex
2325 3572 2589 3620 hereditate
2607 3573 2754 3622 alicu-

1672 3644 1761 3705 jus
1780 3644 2041 3696 obteneat.
2111 3647 2299 3696 Placet
2335 3647 2642 3710 conjectura
2671 3648 2754 3697 Li·

1687 3722 1794 3771 vin.
1818 3722 1982 3771 alicui.
2015 3722 2119 3771 Sed
2145 3737 2240 3786 pro
2263 3724 2588 3785 cnjummque
2610 3724 2756 3787 modi,

1687 3796 1860 3846 malim
1893 3811 2147 3860 reponere
2184 3798 2404 3863 cnjusque
2441 3800 2587 3849 modi.
2638 3800 2751 3850 Rit-

1689 3873 1849 3922 tersh.

1752 3949 1836 3997 Ea:
1878 3949 2143 3999 hereditate
2184 3948 2408 4013 alicuius]
2443 3950 2625 4014 Forte,
2671 3951 2754 4001 E:

1686 4025 1952 4075 hereditate
1971 4026 2136 4075 alicui.
2172 4026 2339 4076 Livin.
2680 4048 2688 4055 ·

1752 4104 1834 4152 Ad
1871 4103 2132 4166 periculum
2170 4104 2272 4164 ejus
2305 4103 2570 4168 perveniri]
2621 4104 2669 4154 1.
2705 4118 2754 4154 e.

1686 4179 1771 4228 lex
1796 4178 1940 4229 dicta
1977 4190 2061 4230 est
2094 4194 2127 4229 a
2158 4180 2401 4243 'Pi-ajano,
2423 4187 2484 4230 ut
2506 4194 2658 4232 nemo
2680 4182 2755 4232 vi-

1686 4254 1928 4308 cesimam
1957 4257 2146 4322 solvat,
2167 4257 2267 4311 nisi
2288 4256 2376 4322 qui
2403 4271 2473 4310 ex
2504 4260 2758 4323 opulenta
