3060 4902
736 379 804 428 0.
852 378 1095 428 Pmmt
1144 374 1476 426 SECUNDI
1527 377 1810 427 PANEG.

292 520 446 571 titulo
484 525 642 569 tenus
677 519 876 584 gessit3
910 535 1010 570 nec
1050 534 1361 585 quemquam

292 599 434 648 ultra
467 597 729 648 Calendas
751 598 910 659 Malu
946 600 1119 661 plures
1145 598 1209 646 ad
1235 598 1360 647 Idus

291 688 455 737 usque
478 672 793 725 „Ianuarium”
825 674 1045 722 Pcturol.

357 750 691 811 Pramum
710 748 1145 812 prefici-utumque]
1188 749 1249 797 In
1273 762 1359 797 co·

286 822 500 874 dicibns
544 823 832 880 Vaticanis,
873 832 928 871 et
965 838 1101 879 meo,
1136 825 1262 872 item
1306 823 1358 872 in

290 899 526 950 editione
542 899 804 955 Beroaldi,
827 914 921 963 pro
934 904 1265 962 pracerptum,
1285 899 1358 948 le·

290 975 438 1037 gitur
477 983 784 1039 preceptum.
849 974 1048 1024 Adlroec
1090 975 1356 1037 sigillatim

289 1051 347 1099 in
370 1051 553 1100 codice
576 1053 832 1101 Vaticano
851 1056 996 1102 1776.
1017 1060 1070 1100 et
1086 1053 1290 1101 Veneto
1311 1055 1357 1100 l.

290 1126 579 1190 defloratum
597 1145 619 1186 ,·
653 1127 704 1177 in
729 1127 953 1178 Puteaui
985 1128 1230 1183 editione,
1250 1142 1357 1190 per·

276 1201 553 1265 floretum,-
584 1209 641 1252 et
675 1204 729 1252 in
769 1202 887 1252 cod.
928 1205 1181 1253 Vaticano
1217 1208 1360 1253 1475.

289 1293 506 1343 prorsus
527 1281 705 1343 inepte
734 1278 1066 1344 persteoeutum,
1102 1294 1196 1342 pro
1231 1294 1356 1342 γητ-

275 1357 538 1420 floretum.
608 1360 724 1407 Non
745 1359 947 1423 quidem
976 1358 1196 1407 absurde
1224 1359 1358 1406 dica·

290 1441 382 1483 tur
397 1439 698 1498 preceptum,
721 1435 764 1483 si
789 1435 901 1483 baec
921 1448 1020 1483 vox
1046 1447 1140 1496 per
1157 1447 1214 1481 se
1239 1447 1360 1482 con·

289 1510 579 1570 uideretur,
602 1519 655 1559 et
677 1511 718 1559 si
745 1510 956 1558 verbum
987 1512 1242 1572 prcecipere
1266 1523 1361 1573 per

289 1601 690 1651 preoccupare,
750 1587 833 1635 vel
886 1593 1219 1649 antecapere,
1269 1594 1359 1635 aut

292 1663 552 1725 delibare,
581 1664 897 1726 explicetur,
927 1661 1358 1727 quemadmodum

290 1739 576 1804 aliquando
601 1748 746 1788 recte
770 1739 1025 1802 explicari
1053 1745 1225 1800 potest
1249 1755 1259 1783 :
1287 1745 1360 1793 at,

293 1817 542 1882 quonlam
564 1831 629 1865 ex
656 1817 879 1880 plurium
905 1816 1155 1865 librorum
1179 1824 1358 1864 aucto·

292 1894 474 1954 ritate,
509 1899 822 1955 precer-ptam
866 1890 1200 1955 conjungitur
1243 1905 1358 1940 cum

289 1983 427 2020 voce
447 1970 794 2034 proeflorutum,
828 1970 988 2018 satius
1021 1976 1121 2032 est,
1146 1969 1358 2017 retineri

290 2046 561 2108 vulgatam
607 2046 904 2105 lectionem,
952 2059 1045 2107 per
1091 2060 1243 2108 quam
1274 2059 1359 2093 ea-

287 2122 413 2172 dem
451 2121 754 2184 metaphora
782 2121 1057 2184 eleganter
1093 2122 1358 2170 continua-

288 2205 414 2259 tur3
450 2213 567 2262 quae
590 2206 647 2247 et
671 2197 946 2246 Arntzenii
976 2203 1057 2246 est
1079 2198 1359 2246 sententia.

284 2274 458 2325 Sicuti
503 2274 642 2324 enim
676 2275 693 2303 ⁸
720 2272 1047 2337 praeflorare'
1084 2274 1217 2322 idem
1259 2283 1361 2336 est,

288 2367 355 2402 ac
377 2349 555 2402 florem
580 2350 912 2414 fructumque
951 2364 1283 2413 praecerpere
1306 2357 1359 2399 et

290 2421 621 2492 praeripere3
657 2427 733 2475 ita
763 2440 879 2476 cum
906 2425 1064 2475 verbo
1099 2432 1112 2454 ⁶
1136 2441 1359 2490 praecer·

290 2502 460 2569 pere'
512 2505 713 2567 optime
754 2502 1103 2565 conjungitur,
1143 2517 1260 2551 cum
1304 2511 1357 2552 et

292 2581 398 2631 boc
422 2580 631 2629 verbum
658 2580 870 2643 proprie
894 2578 1099 2627 dicatur
1129 2578 1193 2628 de
1221 2577 1359 2628 flori·

292 2657 393 2707 bna
416 2655 799 2720 fructibusque,
818 2655 902 2720 qui
922 2664 1040 2703 aute
1060 2664 1361 2716 carpuntur,

291 2740 347 2783 et
383 2732 724 2794 delibantnr3
772 2746 822 2780 v.
866 2746 917 2793 g.
955 2730 1092 2792 apud
1135 2732 1359 2780 Plinium

291 2814 552 2869 nostrum,
596 2807 768 2870 Epist.
805 2820 862 2854 v.
905 2810 988 2855 20.
1032 2808 1047 2832 ‘
1071 2806 1359 2856 Providen-

290 2885 417 2934 dum
441 2892 519 2933 est
540 2884 682 2946 mibi,
701 2897 768 2931 ne
787 2882 1004 2945 gratiam
1021 2883 1286 2942 novitatis,
1305 2890 1359 2932 et

293 2958 501 3022 florem,
533 2973 649 3023 qum
683 2958 1059 3007 oratiunculam
1091 2973 1254 3007 meam
1276 2958 1359 3007 vel

289 3036 520 3085 maxime
545 3034 892 3098 commendat,
915 3035 1156 3096 epistolae
1182 3036 1359 3098 loqua-

290 3112 462 3161 citate
499 3109 855 3173 praecerpunt!
920 3110 1106 3159 Cicero
1130 3110 1179 3157 in
1205 3111 1358 3159 Verr.

289 3201 338 3237 e.
361 3190 448 3237 87.
481 3194 498 3217 ⁴
525 3186 645 3235 Non
671 3200 946 3248 praecerpo
963 3184 1186 3234 fructum
1204 3185 1358 3236 officii

291 3261 410 3312 tui!
464 3260 667 3310 Gellius
694 3274 811 3310 xtv.
839 3266 882 3309 l.
919 3267 933 3289 ⁸
958 3261 1212 3309 Futurum
1233 3277 1358 3324 gau·

290 3339 364 3389 dii
385 3337 613 3388 fructum
639 3352 761 3401 spes
787 3338 881 3387 tibi
898 3338 1008 3400 jam
1030 3335 1356 3401 praeflorave-

290 3414 400 3465 rit.’
435 3414 526 3463 Sic
549 3427 691 3473 vero,
715 3428 761 3462 e.
789 3428 839 3475 g.
873 3415 1199 3463 Domitianus
1228 3429 1357 3477 proe·

289 3490 496 3555 cerpsit
521 3488 938 3553 praefloravitque
972 3490 1134 3540 decus
1167 3505 1357 3553 purpu-

286 3582 364 3617 ra
414 3567 716 3622 consularis,
774 3565 979 3629 quaudo
1035 3567 1358 3616 consulatum

237 3682 244 3693 .
288 3642 612 3693 ordinarium
640 3643 749 3704 ipse
777 3642 983 3704 quidem
1007 3643 1237 3692 calendis
1266 3644 1356 3694 Ja-

288 3718 493 3770 nuariis
517 3719 770 3781 suscepit,
804 3726 858 3767 et
893 3733 988 3781 per
1014 3733 1207 3781 paucos
1229 3718 1361 3782 dies,

287 3802 386 3846 aut
409 3807 630 3856 menses,
667 3793 846 3856 gessit,
880 3800 937 3842 ut
967 3808 1129 3843 annus
1154 3795 1357 3844 nomine

1889 378 1940 426 t.
1971 362 2077 428 58.
2371 361 2501 427 817

1439 519 1693 569 decimum
1717 535 1910 570 annuos
1933 520 2094 584 gessit
2116 535 2130 570 ι
2167 524 2392 577 ceteros,
2412 526 2505 571 aut

1437 610 1640 654 novem,
1666 606 1756 647 aut
1779 614 1893 660 sex,
1917 607 2007 647 aut
2028 604 2271 661 quatuor,
2294 607 2385 647 aut
2410 598 2503 646 tri·

1438 675 1533 723 bus
1558 674 1852 735 mensibus3
1887 674 2168 723 secundum
2208 688 2332 722 vero
2377 689 2503 738 pau·

1436 750 1654 798 cissimis
1679 750 1832 799 horis.
1879 750 2014 798 Nam
2039 748 2123 797 die
2147 747 2502 799 Kalendarum

1432 826 1688 888 Sanuarii,
1711 841 1826 875 cum
1853 840 2021 886 mane,
2045 840 2138 887 pro
2156 823 2268 873 aede
2290 825 2501 888 Capito·

1435 902 1527 951 lini
1584 902 1753 966 Jovia,
1812 902 2093 965 paullulum
2147 902 2313 949 curuli
2371 902 2503 951 sella

1434 978 1791 1041 praesedisset,
1847 977 2042 1026 bonore
2090 975 2238 1035 abiit,
2281 973 2502 1027 suffecto

1435 1055 1539 1104 alio
1561 1056 1611 1102 in
1639 1055 1804 1103 locum
1831 1051 2016 1101 suum.'
2050 1051 2295 1100 Schwurz.

1499 1126 2026 1190 Magnanimitassait]
2063 1126 2282 1177 Codices
2306 1126 2502 1176 Veneti

1434 1206 1533 1254 ltoc
1559 1220 1743 1254 nomen
1769 1205 1974 1268 quidem
2000 1204 2075 1252 sic
2101 1204 2152 1251 in
2173 1217 2290 1251 casu
2311 1202 2500 1265 primo,

1435 1289 1617 1331 cetera
1656 1291 1852 1343 autem,
1897 1280 2158 1335 modestioe,
2183 1315 2196 1329 .
2216 1311 2230 1327 .
2251 1313 2264 1328 .
2287 1279 2501 1341 benigna·-

1436 1360 1575 1420 totis‚
1605 1360 1656 1407 iu
1686 1374 1806 1407 casu
1833 1357 2083 1413 secundo,
2114 1355 2360 1419 produnt.
2427 1353 2504 1405 At

1437 1432 1643 1483 codices
1667 1433 1873 1496 quidam
1899 1433 2156 1485 Vaticani.
2193 1433 2314 1480 item
2352 1431 2504 1480 Pari·

1435 1511 1638 1571 densis,
1675 1511 2100 1572 Salii-burgensis,
2138 1509 2502 1573 Guelpberby·

1439 1595 1606 1644 tanus,
1628 1597 1682 1636 et
1708 1603 1869 1642 ruens,
1894 1587 2065 1635 omnia
2080 1587 2194 1635 haec
2219 1587 2319 1634 tria
2342 1587 2502 1634 nomi-

1436 1679 1503 1713 na
1548 1679 1672 1713 casu
1715 1664 1943 1712 secundo
1989 1664 2189 1726 scripta
2234 1662 2503 1711 exhibent.

1437 1742 1662 1789 Poterat
1697 1740 1810 1788 haec
1849 1740 2108 1802 posterior
2145 1738 2301 1787 lectio
2337 1739 2504 1787 locum

1433 1817 1660 1877 babere3
1694 1818 1784 1865 sed
1827 1816 1952 1879 quid
1990 1830 2198 1865 neeesse
2235 1823 2335 1874 est,
2376 1824 2434 1864 ut
2472 1829 2505 1864 a

1438 1894 1666 1943 lectione
1695 1895 1902 1955 vulgata
1929 1893 2261 1942 recedamus?
2297 1893 2450 1941 Idem.

1505 1970 1737 2032 Expetito
1787 1985 1970 2032 semper
2020 1969 2218 2031 honore]
2288 1966 2502 2017 Censuit

1434 2043 1674 2103 Belurius,
1708 2046 1783 2093 llis
1815 2045 2006 2105 verbis,
2041 2053 2159 2105 post
2198 2042 2504 2091 adverbium

1431 2135 1628 2182 semper,
1652 2122 1977 2169 inserendum
2001 2121 2060 2168 ab
2080 2121 2225 2177 alito
2258 2128 2316 2168 ut
2344 2120 2504 2182 signi·

1432 2196 1636 2257 ficetur,
1658 2211 1757 2245 nou
1778 2197 2075 2257 Trajanum,
2092 2195 2181 2243 sed
2206 2195 2352 2250 alios,
2367 2193 2502 2243 brine

1434 2272 1681 2321 bonorem
1722 2273 2018 2320 consulatus
2060 2285 2266 2333 semper
2301 2270 2503 2333 expeti·

1434 2348 1552 2397 isse.
1618 2347 1721 2396 Sed
1760 2362 2009 2410 nusquam
2046 2347 2201 2394 ullum
2228 2346 2503 2407 vestigium

1432 2425 1723 2488 hujusmodi
1771 2424 2123 2488 supplementi
2165 2429 2412 2486 apparet;
2447 2429 2505 2473 et

1433 2501 1545 2550 sine
1581 2502 1676 2549 boc
1712 2503 1864 2551 etiam
1904 2503 2067 2550 lector
2100 2501 2323 2564 prudeus
2352 2500 2505 2549 istam

1436 2579 1790 2640 appetentiam
1826 2578 2036 2627 honoris
2081 2577 2367 2626 consularis
2402 2591 2504 2626 non

1437 2652 1630 2703 referet
1676 2654 1739 2702 ad
1786 2655 2086 2717 Trajanum.
2152 2655 2295 2702 Bene
2343 2653 2504 2716 igitur

1435 2728 1774 2780 Germanicus
1800 2732 2085 2794 interpres:
2117 2731 2377 2779 Grosmulls
2404 2747 2507 2781 arur

1433 2820 1501 2863 es,
1526 2807 1634 2853 dass
1654 2809 1717 2855 du
1740 2807 1849 2855 dicis
1871 2809 2002 2856 einer
2023 2807 2189 2855 wiirde
2211 2808 2502 2862 enthieltest,

1434 2882 1555 2931 nach
1574 2884 1659 2931 der
1679 2885 1852 2932 undere
1872 2884 2057 2932 ullezeit
2083 2899 2132 2930 so
2172 2883 2381 2944 begiere'g
2416 2900 2503 2944 ge-

1434 2958 1628 3007 strebet.
1697 2957 1830 3006 Item
1880 2968 1932 3005 et
1973 2958 2228 3016 Gallicus,
2263 2958 2444 3020 Esprit
2484 2974 2498 3007 ε

1447 3034 1587 3084 Votre
1618 3034 1959 3097 magnanimitb
1988 3051 2016 3082 u
2040 3050 2162 3097 paru
2186 3049 2240 3081 en
2263 3049 2377 3082 vous
2397 3036 2500 3096 pri·

1433 3117 1547 3159 taut
1566 3111 1680 3160 d’tm
1705 3112 1933 3174 honneur,
1950 3125 2035 3172 que
2056 3124 2136 3157 tos
2148 3108 2503 3170 predecesseurs

1434 3193 1513 3236 ont
1538 3185 1748 3246 lollium-s
1768 3185 1939 3234 desire.
1978 3186 2092 3233 Nec
2115 3186 2279 3232 minus
2303 3183 2501 3234 Italus:

1439 3264 1719 3310 Grandezzo
1755 3261 1961 3309 ‹I'onimo
1987 3264 2031 3308 si
2048 3262 2112 3318 su
2148 3260 2412 3309 l’astenersi
2441 3264 2506 3311 da

1434 3335 1517 3385 κη’
1554 3350 1693 3386 onore
1725 3338 1957 3399 suspirato
1988 3351 2170 3397 sempr-e
2204 3337 2337 3398 dagli
2371 3338 2507 3388 altri.

1434 3414 1605 3465 Idem.

1499 3491 1599 3539 Per
1616 3488 1886 3554 uliossrui]
1922 3489 1969 3539 1.
2001 3503 2048 3538 e.
2075 3490 2383 3554 Benignitas
2405 3499 2505 3554 est,

1434 3573 1487 3616 te
1511 3581 1658 3630 aeque
1680 3564 1779 3614 frui
1798 3574 1851 3614 et
1873 3566 2099 3628 gaudere
2116 3567 2330 3627 bonore,
2349 3581 2503 3630 quem

1433 3654 1619 3709 gerant
1658 3646 1763 3706 alii,
1798 3645 1983 3709 quibus
2021 3660 2082 3693 eo
2115 3647 2336 3701 cessisti,
2365 3660 2428 3696 ac
2461 3647 2505 3696 si

1434 3723 1544 3785 ipse
1570 3723 1811 3783 gesseris.
1880 3722 2041 3771 Venit
2081 3723 2255 3785 Lipsio
2288 3723 2336 3770 in
2365 3738 2504 3773 men·

1435 3804 1558 3854 tem,
1580 3812 1748 3846 annon
1773 3798 2050 3859 legendum
2076 3805 2236 3858 esset,
2257 3800 2361 3861 pati
2385 3801 2505 3848 alios

286 3872 458 3935 ipsius
497 3869 549 3918 in
584 3868 737 3919 fastis
784 3869 1155 3931 insignit-etum
1186 3884 1246 3919 ac
1282 3871 1358 3919 sic
1420 3871 1551 3931 srui.
1588 3873 1711 3934 Ipse
1731 3872 2007 3935 aliquando
2032 3872 2348 3934 suspicabar,
2365 3870 2503 3922 sorte

287 3946 584 4011 paullisper
619 3952 822 4007 gestum
862 3937 1258 4008 delibutumque
1280 3946 1358 3994 di·

289 4022 456 4081 misit,
492 4028 550 4068 ut
588 4021 842 4084 reliquum
866 4022 985 4070 anui
1013 4032 1215 4085 tempus
1237 4037 1359 4071 cou-

289 4096 488 4147 sulibus
541 4093 775 4145 suffectis
832 4097 1208 4158 assignaretur.
1281 4098 1358 4146 De

288 4173 407 4237 ipso
431 4173 670 4235 Augusto
690 4171 904 4222 Sueton.
928 4187 1043 4236 cap.
1061 4179 1141 4224 26.
1166 4182 1180 4203 ‘
1197 4173 1358 4225 Quin·

291 4267 395 4319 que
418 4252 622 4302 medios
647 4253 946 4301 consulatus
965 4267 994 4301 a
1010 4260 1157 4304 sexto
1177 4252 1243 4302 ad
1268 4267 1360 4301 un-

420 4332 605 4397 Delph.
637 4336 684 4382 el
719 4330 836 4384 Ver.
860 4331 992 4384 Clas.

1252 4333 1438 4393 Paneg.
1471 4332 1577 4380 Vel.

1434 3947 1844 4004 rescribendum,
1892 3950 2170 4012 permittere
2212 3948 2342 4007 aliis,
2376 3948 2503 4006 frui.

1431 4023 1553 4080 Sed,
1598 4038 1654 4073 re
1706 4027 1868 4085 magis
1925 4025 2201 4088 pens‘itata,
2235 4025 2375 4072 locus
2422 4026 2503 4074 liic

1434 4101 1573 4148 nulla
1610 4103 1972 4150 emendatione
2012 4101 2248 4163 indigere
2285 4100 2403 4148 milri
2430 4101 2504 4149 vi·

1434 4175 1609 4225 detur.
1678 4176 1881 4225 Plinius
1925 4192 2104 4237 supra,
2144 4189 2189 4224 1,-
2231 4179 2279 4224 ⁷.
2323 4177 2503 4226 ‘Nihil

1436 4252 1599 4314 magis
1641 4260 1783 4301 tuum
1818 4251 2007 4314 credis,
2047 4265 2198 4315 quam
2236 4252 2373 4315 quod
2412 4267 2504 4317 per

2264 4333 2371 4382 aF
