3060 4902
761 394 826 442 c.
872 395 1115 443 enimi
1167 395 1498 447 saeuum
1556 400 1833 449 mnne.
1907 400 1959 451 ι.
2002 387 2110 454 61.

332 539 472 598 petet
502 534 757 599 Trajanns
793 537 1053 601 princeps,
1087 545 1211 588 tunc
1234 541 1382 588 terti·

330 626 409 660 nm
433 613 610 661 consul
632 612 944 663 ordinarius.
993 615 1193 664 Fronto
1210 624 1383 665 autem

320 687 426 750 jam
473 688 570 737 sub
617 690 793 740 Nerva
840 690 1157 754 imperatore
1199 693 1385 743 iterum

326 764 515 825 consul,
537 764 626 813 sed
667 771 867 814 tantum
897 764 1164 824 suffectus,
1194 766 1385 819 fuerat.

327 837 427 888 Hic
454 839 715 890 assidebat
740 842 792 890 in
820 842 948 890 sella
972 844 1134 893 curuli
1159 845 1384 907 Trajano

328 916 564 982 principi,
589 917 787 981 pariter
817 918 869 967 iu
906 919 1035 968 sella
1059 921 1225 969 curuli
1252 934 1384 983 prae-

329 991 509 1041 sidenti
552 994 771 1052 senatui,
818 993 1052 1058 adeoque
1098 996 1385 1045 sententias

325 1075 540 1137 roganti.
610 1075 868 1140 Princeps
901 1077 1055 1133 enim,
1080 1077 1283 1141 quoties
1306 1093 1384 1127 se·

325 1151 462 1200 natui
497 1152 793 1207 interesset,
841 1166 1026 1216 rogare
1069 1154 1382 1204 sententiam

324 1227 516 1291 solitus,
543 1242 801 1292 nunquam
816 1229 1003 1290 rogari.
1041 1229 1225 1286 Immo,
1243 1231 1383 1294 qnod

324 1305 532 1354 Tacitus
557 1313 727 1367 notat,
751 1304 938 1354 Annal.
973 1320 1060 1356 ιιι.
1093 1311 1172 1356 17.
1194 1315 1248 1356 et
1270 1309 1382 1357 Cae-

322 1394 433 1430 sare
465 1379 745 1449 referente,
772 1382 872 1444 ipsi
907 1397 1111 1447 quoque
1150 1387 1384 1434 consules

325 1459 487 1521 rogari
510 1467 930 1517 consueverunt;
955 1473 1069 1509 cum
1098 1475 1220 1509 vero
1244 1463 1383 1524 priu-

323 1548 443 1597 crps
473 1535 702 1598 abesset,
737 1550 818 1585 res
844 1535 1027 1585 ordine
1051 1551 1141 1585 suo
1168 1551 1383 1600 perage-

324 1609 487 1662 batur.
537 1612 675 1661 Vide
698 1612 1002 1661 Salmasium
1028 1613 1092 1661 ad
1117 1614 1382 1676 spartian.

322 1688 369 1737 in
394 1689 679 1744 Hadriano,
698 1704 814 1754 cap.
827 1694 876 1740 8.
910 1689 1111 1738 Plinius
1137 1705 1258 1739 vero
1278 1691 1383 1740 cal·

321 1763 416 1813 lide
438 1766 634 1816 omittit
662 1766 712 1815 in
745 1766 820 1814 bis
860 1766 1031 1815 verbis
1069 1768 1381 1817 mentionem

316 1841 525 1905 Trajani
544 1842 892 1906 presidentis,
913 1857 977 1892 ne
995 1840 1230 1893 officeret
1245 1859 1382 1894 com·

321 1920 570 1983 parationi
595 1927 805 1970 senatus
828 1921 1060 1984 antiqui;
1095 1929 1280 1986 utpote
1298 1923 1381 1972 cui

318 1997 481 2046 nullus
505 1998 690 2047 consul
733 1998 1015 2063 imperator
1041 2000 1382 2063 praesederat.

320 2070 558 2122 Schmun.

383 2148 544 2199 Tertio
596 2151 831 2200 comicus
878 2150 1207 2214 designatum]
1273 2153 1382 2202 Per

315 2222 446 2276 bunc
477 2226 802 2291 Onupbrius.
827 2228 1052 2291 Lipsius,
1082 2235 1136 2278 et
1166 2231 1274 2292 alii,
1305 2230 1380 2279 in·

315 2306 556 2371 telliguut
590 2307 714 2356 Sex.
756 2307 1060 2372 Pompeium
1086 2310 1380 2371 Collegam3

315 2392 459 2445 quem
475 2395 574 2446 ego
592 2382 644 2430 in
666 2382 1133 2433 observationibus
1157 2386 1376 2449 primum

312 2459 465 2509 editis
504 2474 808 2509 vocaveram
848 2461 972 2511 Sex.
1013 2461 1377 2527 Pomponium,

313 2534 657 2588 Almciovenii
696 2536 855 2587 fastos
891 2541 1194 2589 consulares
1230 2556 1375 2591 secu-

313 2618 422 2661 tnsz
447 2614 759 2677 vernmjam
784 2629 963 2679 supra,
986 2615 1049 2663 ad
1073 2618 1099 2680 §
1128 2622 1175 2665 5.
1202 2619 1375 2668 monui

308 2701 471 2755 neque
492 2693 647 2742 Sext.
670 2692 974 2755 Pompeium
990 2693 1259 2756 Collegam
1278 2695 1375 2743 boc

308 2766 419 2818 loco
441 2767 672 2831 intelligi
699 2781 879 2831 posse3
902 2782 1017 2817 cum
1041 2769 1179 2820 Plin.
1205 2771 1374 2833 Epist.

310 2853 376 2892 ιι.
399 2848 478 2894 11.
502 2851 713 2909 pateat,
730 2845 888 2905 hunc,
909 2845 1139 2909 Trajano
1162 2848 1373 2896 tertium

308 2921 538 2983 consule,
565 2935 667 2969 non
700 2922 837 2969 inter
866 2922 1104 2970 consules
1142 2922 1374 2987 designa·

309 3004 410 3062 tos,
440 2999 533 3049 sed
564 3004 764 3048 tantum
791 3000 925 3048 inter
945 3001 1259 3059 consulares,
1286 3016 1374 3049 nu·

307 3076 510 3124 merari.
559 3073 692 3124 Haec
710 3075 848 3125 enim
872 3076 941 3125 ibi
967 3076 1183 3141 legimus
1205 3093 1218 3125 z
1242 3081 1257 3105 ⁴
1278 3076 1375 3126 As-

306 3159 584 3202 senserunt
618 3156 856 3202 consules
884 3154 1161 3218 designati,
1198 3170 1375 3203 omnes

305 3231 459 3279 etism
495 3231 819 3292 consulares,
853 3246 1015 3295 nsque
1041 3232 1106 3280 ad
1133 3233 1374 3295 Pompei·

306 3317 388 3354 nm
434 3306 744 3371 collegam·
810 3308 1012 3357 Praeter
1050 3309 1187 3357 enim
1229 3308 1374 3358 binos

302 3383 616 3445 ordinarios,
655 3385 831 3448 plures
858 3393 979 3433 tunc
1002 3385 1238 3435 consules
1272 3385 1377 3435 suf-

302 3457 451 3521 fecti,
475 3468 532 3510 et
570 3460 876 3525 plerumque
907 3461 1085 3510 decem
1124 3462 1177 3510 in
1215 3477 1373 3511 unum

302 3546 514 3596 anunm,
558 3534 995 3600 designabantur:
1039 3538 1373 3600 utplurimum

300 3612 437 3660 enim
478 3612 573 3660 illo
613 3618 848 3676 tempore
886 3617 1183 3662 consulatus
1223 3623 1375 3664 erant

300 3685 600 3737 bimestres.
636 3687 910 3737 Postremo
933 3690 1063 3738 adeo
1081 3692 1251 3739 crevit
1270 3705 1374 3738 am·

300 3763 430 3814 bitio
454 3763 557 3815 sub
582 3764 996 3826 imperatoribus,
1019 3775 1078 3815 ut
1096 3782 1196 3815 uno
1221 3781 1377 3830 anno,

294 3838 462 3889 tradit
490 3839 840 3904 Lampridius,
876 3855 993 3904 cap.
1017 3846 1067 3891 6.
1098 3842 1194 3889 sub
1224 3843 1372 3891 Com·

293 3913 452 3963 modo
476 3912 643 3963 fuisse
666 3914 840 3976 viginti
867 3918 1092 3980 quinque
1118 3918 1371 3966 consules.

294 3989 542 4039 Historia
579 4000 703 4037 vero
738 3991 1006 4040 consulum
1037 3989 1370 4042 suffectorum

291 4072 371 4114 est
397 4079 655 4129 perquam
681 4065 926 4115 intricata
946 4082 960 4127 3
981 4080 1096 4117 cum
1125 4070 1371 4129 plurimo·

292 4156 407 4192 rum
427 4144 645 4193 nomina
665 4144 977 4193 interierint.
1000 4146 1152 4197 Quod
1170 4147 1211 4195 si
1227 4161 1373 4197 caus-

291 4232 349 4269 sa
374 4220 541 4270 Marii
577 4220 768 4277 Prisci,
800 4219 993 4270 Africa
1029 4224 1374 4286 proconsulis,

288 4312 411 4363 qno
438 4312 472 4349 a
512 4297 651 4350 Plin.
686 4297 856 4363 Epist.
891 4311 957 4349 ιι.
985 4301 1062 4349 11.
1087 4306 1141 4351 et
1168 4304 1245 4350 12.
1280 4302 1370 4353 de-

2399 390 2529 456 837

1461 541 1722 606 scribitur,
1744 551 1861 595 acts
1883 552 1966 595 est
1984 560 2159 596 meuse
2175 546 2443 603 Jannsrio.
2465 547 2530 599 Α.

1465 618 1524 666 C.
1552 622 1662 667 100.
1701 620 1796 668 sub
1825 620 2024 669 initium
2064 623 2206 672 tertii
2234 626 2531 673 consulatus

1460 694 1674 757 Trajani
1699 696 1870 758 3quod
1898 696 2183 746 Massonius
2205 698 2252 746 in
2281 700 2399 749 Vita
2422 700 2530 748 Pli-

1463 770 1534 818 nii
1568 771 1797 821 dilucide
1833 772 2042 822 docuit:
2082 782 2205 823 tnnc
2242 776 2530 826 invenimus

1463 847 1670 909 ibi,nou
1682 849 1890 912 quidem
1910 864 2105 905 omnes,
2118 851 2317 914 aliquos
2336 860 2531 914 tamen,

1461 926 1701 974 consules
1717 925 1958 976 suffectos
1977 927 2109 975 illins
2130 935 2232 975 tem
2244 929 2402 990 poris,
2419 944 2531 977 eos·

1463 1017 1563 1066 que
1602 1003 1795 1052 diserte
1827 1002 2148 1063 nominatos;
2187 1017 2373 1066 nempe
2395 1004 2530 1056 Juli-

1460 1094 1546 1127 uin
1598 1080 1864 1136 Ferocem,
1903 1080 2189 1129 Cornutum
2223 1082 2534 1145 Tertullum,

1460 1163 1515 1205 et
1537 1157 1782 1205 Acutium
1802 1158 2048 1206 Nervam.
2088 1159 2167 1206 De
2190 1155 2379 1205 Acutio
2399 1157 2532 1206 Ner·

1461 1247 1525 1280 va
1550 1232 1791 1281 observat
1818 1233 2162 1298 Glandorpius
2199 1235 2250 1281 in
2277 1233 2531 1283 Onomas-

1464 1311 1568 1359 tico
1595 1310 1843 1358 Historiae
1880 1310 2033 1358 Rom.
2068 1323 2186 1372 pag.
2224 1314 2302 1358 10.
2338 1309 2530 1359 ridicu·

1462 1387 1565 1434 lum
1586 1386 1719 1449 apud
1748 1386 1974 1434 Plinium
2001 1401 2027 1433 a
2054 1386 2312 1434 nonnullis
2337 1385 2529 1449 exponi

1460 1460 1476 1487 ‘
1498 1460 1719 1511 Acutius
1739 1465 1751 1488 ⁹
1776 1477 1868 1525 pro
1894 1461 2163 1510 adverbio.
2220 1461 2412 1510 Nervae
2438 1475 2525 1510 au-

1460 1541 1565 1584 tem
1610 1537 1659 1584 in
1701 1534 1905 1585 familiis
1947 1535 2272 1593 Acutiorum,
2312 1537 2545 1586 Coccei·-

1459 1627 1624 1670 orum,
1651 1612 1981 1671 Liciniorum,
2007 1620 2060 1661 et
2091 1613 2351 1675 silim-um,
2376 1628 2529 1676 repe·

1460 1691 1679 1741 riuntur.
1748 1690 2041 1740 Admodum
2078 1699 2250 1739 autem
2275 1690 2529 1741 credibile

1459 1778 1560 1822 est,
1586 1766 1829 1816 Acutium
1854 1767 1988 1816 bunc
2017 1767 2264 1823 Nervam,
2295 1769 2402 1829 jam
2428 1767 2528 1818 sub

1461 1845 1641 1893 Nerva
1664 1844 1999 1907 imperatore,
2038 1844 2265 1892 secundo
2291 1844 2530 1893 consula·

1458 1928 1512 1969 tu
1540 1919 1777 1976 suffecto,
1799 1927 1855 1969 et
1879 1935 2035 1984 nunc,
2070 1921 2166 1970 sub
2190 1923 2372 1970 Nerva
2394 1920 2528 1972 Tra-

1445 1996 1575 2060 jano
1621 1997 1956 2061 imperatore,
1997 2011 2098 2047 nou
2145 1999 2309 2047 solum
2365 1999 2524 2049 tertio

1454 2075 1723 2124 consulatu
1750 2072 1989 2136 suffecto,
2019 2073 2110 2124 sed
2136 2075 2291 2124 etiam
2316 2076 2525 2138 collegii

1455 2151 1731 2214 dignitate,
1755 2152 1807 2199 in
1826 2152 2073 2199 honorem
2098 2151 2344 2214 gentilitii
2363 2152 2528 2201 nomi·

1456 2229 1556 2284 nis,
1580 2228 1984 2277 condecoratam
2005 2240 2152 2288 esse;
2187 2228 2322 2276 sicut
2342 2235 2395 2275 et
2417 2228 2527 2291 ejus

1454 2305 1768 2352 sententiam
1814 2305 1865 2352 in
1919 2319 2099 2353 caussa
2154 2304 2308 2352 Marii
2356 2304 2527 2353 Prisci

1454 2383 1645 2429 ceteris
1673 2380 2027 2442 praevaluisse,
2051 2393 2114 2426 ex
2141 2380 2315 2429 Plinio
2335 2381 2528 2430 intelli-

1453 2458 1636 2520 gimus.
1680 2459 1735 2506 Si
1762 2458 1920 2520 igitur
1944 2471 2007 2505 ex
2036 2457 2109 2506 liis
2136 2458 2317 2506 Fastos
2343 2473 2527 2508 consu·

1455 2536 1586 2583 lares
1630 2535 1752 2583 anni
1791 2535 2063 2584 centesimi
2102 2544 2219 2597 post
2261 2535 2523 2584 Christum

1451 2621 1630 2662 natum
1678 2613 1910 2663 breviter
1966 2613 2205 2675 digerere
2266 2615 2520 2677 velimus3

1451 2703 1628 2739 mense
1650 2690 1901 2740 ,ianuario
1934 2696 1987 2738 et
2011 2689 2309 2749 Februario,
2336 2703 2522 2739 cousu-

1451 2767 1527 2815 les
1552 2767 1796 2815 ordinarii
1821 2765 1966 2816 fuere
1980 2767 2232 2830 Trajanus
2251 2766 2520 2829 Augustus

1452 2845 1888 2896 111.etM..lulius
1914 2845 2111 2893 Fronto
2134 2856 2221 2892 ιιι.
2242 2843 2335 2906 (de
2360 2845 2521 2893 Fron-

1450 2930 1575 2972 tone
1611 2923 1720 2971 dixi
1751 2924 1813 2972 ad
1850 2936 1942 2971 Lx.
1975 2922 2054 2984 6.)
2104 2923 2286 2970 Mense
2324 2921 2522 2970 Martio

1451 3009 1506 3049 et
1534 3000 1717 3063 Aprili,
1758 3015 1818 3047 ac
1854 2997 1987 3047 forte
2022 2997 2236 3056 diutius,
2264 2998 2520 3058 Trajanns

1450 3076 1753 3138 imperator,
1792 3076 1904 3137 ipse
1944 3074 2243 3136 prorogavit
2270 3082 2323 3120 et
2352 3075 2520 3122 couti·

1450 3152 1629 3199 nnavit
1652 3150 1977 3199 consulatum
2001 3163 2151 3198 suum
2173 3149 2483 3197 ordinarium
2503 3164 2519 3211 ;

1453 3228 1703 3276 Frontoni
1753 3234 1947 3289 autem,
1990 3225 2066 3273 uti
2109 3224 2352 3286 conjicio,
2396 3231 2521 3273 tunc

1448 3302 1678 3368 suffecit,
1711 3303 1915 3366 sibique
1949 3303 2199 3365 collegam
2226 3302 2518 3350 consulatus

1451 3381 1671 3430 adscivit
1729 3379 1975 3429 Acutium
2028 3380 2271 3428 Nervam.
2334 3380 2517 3428 Utrum

1448 3456 1661 3520 deinde,
1696 3457 1877 3506 Nerva
1914 3455 2135 3518 Trajano
2170 3454 2424 3517 Augusto,
2464 3462 2520 3504 et

1449 3532 1640 3581 Acutio
1667 3534 1866 3592 Nerva,
1883 3532 2186 3595 magistratu
2205 3531 2301 3580 lto'c
2325 3533 2518 3581 abeun-

1451 3612 1608 3668 tibus,
1623 3610 1794 3660 Julius
1818 3610 2007 3672 Ferox,
2024 3625 2053 3659 a
2067 3610 2314 3660 Calendis
2328 3611 2519 3670 Juniis,

1446 3700 1512 3734 an
1559 3702 1587 3733 a
1640 3686 1885 3735 Calendis
1940 3687 2179 3750 Augusti,
2227 3690 2518 3751 susceperit

1449 3769 1624 3826 partes
1649 3764 1871 3813 consulis
1893 3761 2120 3824 suffecti,
2156 3771 2212 3813 et
2245 3778 2394 3825 quem
2429 3764 2517 3812 ba·

1450 3840 1624 3889 buerit
1666 3841 1936 3903 collegam,
1988 3839 2206 3888 definire.
2252 3855 2354 3888 non
2401 3854 2516 3901 pos-

1447 3930 1579 3965 sum.
1644 3915 1886 3964 Posthoec
1913 3928 2053 3976 vero,
2077 3928 2249 3963 mense
2277 3915 2516 3977 Septem-

1447 3992 1530 4042 bri
1590 4000 1645 4042 et
1697 3991 1917 4041 Octobri
1961 3991 2098 4038 illius
2135 3991 2275 4053 anni,
2312 3990 2515 4040 Plinius

1445 4079 1625 4119 noster
1655 4076 1708 4116 et
1740 4069 2002 4116 Cornutus
2037 4066 2300 4114 Tertullus
2333 4079 2514 4113 consu-

1448 4145 1523 4194 les
1549 4142 1749 4193 suffecti
1776 4141 1921 4191 fuere
1941 4158 1957 4204 ;
1981 4141 2117 4205 quod
2144 4156 2208 4189 ex
2233 4142 2385 4204 hujus
2411 4143 2515 4193 Pa-

1447 4219 1679 4283 negyrici
1706 4233 1823 4280 cap.
1850 4230 1940 4267 xc.
1966 4222 2015 4266 3.
2041 4222 2096 4266 et
2122 4229 2255 4267 και.
2279 4220 2514 4281 4.’ραιοι.

1448 4298 1636 4348 Mense
1660 4303 1832 4346 autem
1854 4292 2139 4344 Novembri
2158 4302 2213 4346 et
2231 4295 2511 4348 Decembri
