3060 4902
502 366 635 436 586

503 526 704 584 codice,
740 528 990 592 scriptum
1025 536 1104 579 est
1138 532 1292 579 amnis
1323 531 1561 580 exuberet.

501 604 678 669 Atque
703 605 778 653 ita
808 607 963 654 etiam
989 607 1216 670 loquitur
1239 608 1421 670 virgil.
1448 608 1562 658 ΕΩ.

502 693 604 728 vu.
629 685 741 731 465.
761 680 916 732 ‘Alte
953 685 1149 746 spumis
1180 677 1429 733 exuberat
1456 700 1562 733 am·

501 754 617 803 nis.’
679 756 785 805 Sed
819 757 902 806 iiic
936 759 1000 806 de
1035 761 1176 808 nullo
1211 774 1359 808 amne
1393 759 1561 809 adhuc

501 837 585 881 est
619 845 815 892 serm03
852 841 908 882 et
952 836 1121 883 mendi
1162 837 1369 885 occasio
1410 834 1563 886 facile

502 915 684 970 patet3
720 910 853 959 unde
890 913 1044 959 etiam
1084 912 1208 960 illud
1244 915 1402 969 annis,
1437 915 1561 962 item

498 986 689 1048 annuis,
711 987 846 1051 quod
883 988 934 1036 in
969 990 1225 1038 nonnuliis
1254 991 1463 1053 legitur,
1487 990 1562 1038 vi-

500 1062 636 1110 tiose
659 1070 836 1111 natium
861 1070 959 1112 est.
1022 1065 1194 1113 Annus
1227 1073 1280 1114 et
1315 1066 1410 1113 boc
1447 1067 1563 1115 ioco

499 1137 639 1201 apud
678 1139 927 1194 Plinium.
963 1146 1019 1189 et
1049 1142 1185 1205 apud
1221 1141 1405 1204 Virgil.
1441 1141 1476 1189 l.
1515 1156 1562 1191 c.

501 1224 581 1264 est
630 1229 828 1266 annuus
874 1215 1080 1279 frugum
1127 1225 1431 1280 proventus,
1468 1233 1561 1266 seu

499 1293 615 1355 ipsa
663 1307 885 1355 annona,
924 1309 1042 1358 quae
1082 1301 1096 1323 ‘
1121 1295 1285 1345 vincit
1337 1294 1562 1350 borres,’

501 1368 552 1417 b.
577 1383 624 1418 e.
647 1370 839 1433 largior
862 1379 963 1432 est,
983 1386 1135 1436 quam
1171 1374 1333 1434 possit
1366 1372 1561 1422 horreis

503 1445 623 1508 capi
648 1461 664 1505 ς
706 1456 814 1507 aut,
841 1449 916 1496 uti
940 1448 1076 1496 idem
1105 1448 1276 1511 poe’ta,
1299 1448 1494 1510 Georg.
1522 1462 1560 1498 ι.

502 1523 584 1570 49.
607 1523 767 1582 canit,
800 1524 981 1572 ‘Illius
1020 1525 1280 1573 immensa·
1307 1531 1566 1587 ruperunt

499 1598 684 1650 horrea
708 1603 933 1652 messes?
966 1603 1208 1652 Schwarz.

567 1680 650 1728 Ex
687 1680 890 1742 hostico]
939 1682 1119 1731 Codex
1158 1682 1563 1745 Salisburgensis

499 1755 656 1805 habet
675 1772 735 1805 ex
754 1756 994 1815 hostibus,·
1030 1757 1119 1806 sed
1140 1757 1265 1806 nihil
1300 1766 1383 1807 est
1417 1760 1562 1808 inuo-

503 1830 723 1880 vandum
761 1840 945 1881 eontra
982 1847 1287 1883 consensum
1336 1836 1560 1898 reliquo·

496 1922 613 1957 rum
638 1908 883 1957 librorum
905 1911 1147 1959 omnium.
1216 1917 1231 1940 ⁸
1248 1910 1524 1960 Hosticum
1546 1911 1561 1934 '

499 1993 583 2035 est
639 1985 803 2033 solum
855 1985 1062 2047 hostile,
1115 1991 1256 2034 terra
1309 1988 1560 2050 hostium3

500 2075 603 2112 vox
646 2063 792 2112 Livio
837 2064 1123 2114 identidem
1165 2064 1391 2128 usitata3
1426 2081 1473 2113 v.
1512 2081 1563 2130 g.

500 2153 662 2190 xvnt.
682 2144 765 2190 24.
802 2142 1035 2191 ‘Milites
1072 2142 1121 2191 in
1160 2142 1359 2192 hostico
1392 2144 1561 2195 laxius

495 2225 650 2280 rapto
683 2218 815 2267 sueti
854 2216 1062 2267 vivere-⁹
1129 2219 1198 2267 Et
1222 2219 1423 2267 Plinius
1447 2220 1561 2271 Ma·

488 2293 599 2357 jor.
621 2307 746 2344 mxv.
769 2300 817 2346 4.
847 2301 861 2324 ⁸
882 2296 1077 2344 Hostus
1115 2295 1387 2356 Hostilius,
1409 2310 1560 2360 quem

498 2369 743 2419 Romulus
777 2369 995 2419 frondea
1028 2370 1266 2431 donavit,
1302 2370 1435 2435 quod
1476 2371 1561 2419 Fi·

497 2443 659 2496 denas
683 2447 878 2510 primus
900 2447 1401 2511 irrupisset,‘di‹·tus,
1420 2446 1559 2512 quod

497 2522 552 2570 in
588 2524 790 2572 hostico
825 2532 977 2574 natus
1010 2523 1189 2573 esset.'
1254 2525 1400 2586 Mox,
1427 2524 1477 2571 in
1505 2524 1562 2571 li-

498 2598 595 2647 bro
619 2600 759 2649 Gud.
780 2604 828 2648 2.
853 2606 999 2649 extat
1019 2601 1342 2663 parituraque
1373 2601 1427 2647 in
1454 2599 1560 2647 lior-

487 2676 594 2725 reis
625 2691 797 2725 messes
811 2692 829 2733 ‚-
872 2685 1046 2740 putes,
1081 2677 1307 2725 Plinium
1345 2676 1563 2734 ironice,

483 2762 588 2802 ‘aut
623 2761 827 2820 argute,
853 2753 1058 2809 dixisse,
1083 2768 1299 2812 messes,
1324 2753 1431 2800 sive
1454 2751 1563 2802 sru-

496 2844 607 2891 ges,
642 2831 692 2879 ln
731 2831 930 2879 horreis
972 2846 998 2878 a
1044 2831 1192 2879 malis
1240 2829 1563 2894 principibus

497 2905 656 2956 fuisse
694 2908 1007 2970 reconditas,
1034 2908 1180 2971 quasi
1214 2908 1477 2968 parituras,
1511 2906 1561 2954 b.

493 2998 542 3032 e.
578 2993 819 3049 tanquam
857 2991 1183 3034 coacervata:
1225 2988 1438 3047 possent
1473 2998 1562 3046 pa·

481 3067 613 3110 ‘rere
636 3076 813 3117 novas,
838 3071 925 3111 aut
950 3070 1097 3109 certe
1128 3060 1321 3110 servari
1356 3059 1421 3108 ad
1458 3075 1563 3107 nia·

485 3135 660 3201 jurem
684 3146 939 3203 quaestum
977 3138 1098 3187 inde
1133 3136 1452 3199 temporibus
1477 3149 1559 3184 ra·

495 3212 646 3262 rioris
672 3228 889 3263 annouae
915 3211 1231 3262 faciendum.
1298 3211 1400 3261 Sed
1429 3226 1561 3274 prae-

483 3296 602 3338 'stat
638 3289 863 3351 vulgata,
900 3297 953 3339 et
999 3292 1064 3340 ab
1099 3289 1335 3340 omnibus
1367 3290 1559 3338 ceteris

494 3365 641 3414 libris
663 3366 985 3424 confirmata,
1011 3368 1192 3429 lectio,
1211 3381 1313 3432 qua
1345 3375 1560 3415 notatur

497 3443 714 3491 avaritia
769 3450 824 3493 et
883 3444 1193 3495 sinisteritas
1238 3443 1560 3507 quorundam

496 3519 813 3583 principum,
848 3522 936 3584 qui
969 3520 1248 3570 maluerint
1282 3526 1560 3581 congestas

492 3592 669 3660 fruges
707 3597 759 3645 in
796 3598 991 3646 horreis
1037 3597 1231 3660 perire,
1269 3609 1423 3661 quam
1467 3609 1556 3645 eas

495 3686 598 3723 non
624 3673 830 3736 eripere
854 3673 1027 3722 sociis.
1059 3674 1208 3723 Ideni.

559 3749 827 3812 Peritum]
861 3750 991 3800 Quae
1029 3749 1081 3798 in
1115 3764 1264 3799 usum
1298 3749 1556 3798 bominum

495 3840 597 3878 non
622 3835 939 3891 promantur.
976 3828 1197 3877 Pater-01.

477 3917 480 3922 ·
559 3903 619 3952 In
639 3901 847 3965 horreis]
882 3903 1012 3954 Quae
1038 3903 1251 3953 Romani
1272 3905 1324 3953 in
1350 3905 1557 3967 provin·

477 3976 588 4030 ‘ciis
626 3981 814 4044 passim
854 3979 1138 4044 habebant,
1172 3980 1261 4030 ubi
1298 3979 1557 4031 frumenta

477 4056 803 4116 conderent,
826 4064 880 4106 et
903 4057 1152 4106 militares
1170 4071 1413 4106 annonas.
1448 4059 1555 4107 Sed

477 4125 547 4184 'et
572 4135 746 4184 Romae
771 4133 974 4194 horrea,
1001 4146 1096 4196 per
1113 4146 1290 4183 omnes
1314 4134 1555 4196 regiones

475 4202 636 4259 'urbis
658 4216 930 4274 spars0,nt
952 4211 1003 4257 in
1022 4209 1243 4270 Victore
1270 4209 1464 4267 videas,
1488 4209 1555 4261 ad

494 4287 760 4353 publicum
784 4287 883 4338 hoc
906 4285 1239 4337 frumentum.
1275 4285 1412 4351 Lips.

1201 388 1418 435 NOTAE
1470 386 1875 437 VARIORUM
1929 389 2003 436 lu

1706 531 1768 579 In
1783 532 1988 596 horreis]
2010 533 2093 582 De
2113 534 2128 561 ⁴
2144 532 2381 595 liorrels,'
2399 534 2508 585 sive
2528 548 2705 601 recep·

1641 609 1822 657 taculis
1846 607 2346 674 frumentariis,jam
2371 626 2469 661 non
2491 613 2614 662 nihil
2637 614 2700 662 ad

1639 685 1690 733 h.
1714 686 1747 734 1.
1779 687 2045 734 annotavit
2073 686 2308 750 Lipsius3
2337 689 2443 752 qui,
2472 690 2638 741 Eiect.
2665 705 2704 740 r.

1639 766 1686 812 8.
1712 771 1977 818 memorat,
1998 764 2074 812 uti
2102 764 2149 811 in
2173 765 2469 826 provinciis,
2488 768 2560 814 ita
2577 775 2629 815 et
2651 767 2703 816 in

1638 839 1853 903 singulis
1889 840 2031 888 urbis
2071 840 2246 888 Romae
2283 843 2599 906 regionibus.
2624 839 2704 893 fu·

1640 915 1740 962 isse
1777 919 1939 964 multa
1974 917 2201 979 publica,
2225 923 2279 965 et
2312 920 2704 981 cognominibus

1639 993 1816 1055 certis,
1859 1000 1915 1041 ut
1961 992 2184 1055 Aniceti,
2229 995 2556 1058 Vargunteii,
2598 996 2706 1045 Au·

1640 1069 1797 1132 gusti,
1830 1070 2135 1133 Domitiani,
2160 1074 2261 1120 διο.
2306 1071 2553 1122 distincta
2585 1073 2705 1122 hor-

1639 1157 1764 1204 rea;
1792 1159 2027 1208 quorum,
2063 1159 2127 1194 ex
2162 1146 2225 1194 P.
2251 1146 2487 1206 Victore,
2526 1161 2707 1197 nume-

1638 1233 1749 1269 rum
1796 1220 1860 1269 ad
1904 1228 2144 1271 trecenta
2184 1236 2368 1273 novem
2413 1224 2550 1274 iniit.
2620 1225 2705 1274 De

1640 1296 1826 1361 quibus
1845 1298 2106 1358 Bulenger
2122 1299 2188 1347 de
2209 1299 2469 1362 Vectigal.
2492 1300 2551 1350 P.
2573 1301 2634 1350 R.
2656 1316 2706 1351 c.

1635 1378 1682 1423 8.
1706 1375 2008 1424 Pancirolns
2024 1377 2150 1426 Var.
2171 1377 2316 1427 Lect.
2330 1392 2373 1427 1.
2391 1384 2473 1428 51.
2492 1386 2544 1428 et
2558 1379 2705 1443 jure·

1638 1451 1857 1498 consulti
1886 1452 2072 1513 passim
2099 1467 2199 1501 non
2222 1455 2360 1502 nulla
2385 1462 2706 1506 annotarunt

1640 1525 1705 1573 ad
1752 1526 1960 1575 titulum
2005 1529 2268 1594 utriusque
2315 1530 2532 1590 codicis,
2571 1533 2588 1560 ⁸
2623 1534 2705 1582 De

1638 1600 1860 1651 conditis
1885 1604 1936 1650 in
1960 1604 2182 1666 publicis
2198 1607 2431 1656 horreis.'
2463 1607 2707 1659 Schwart-

1705 1679 2040 1742 Nequidquam
2091 1682 2458 1746 quiritantibus]
2522 1684 2595 1733 H.
2654 1700 2705 1735 e.

1637 1753 1827 1803 frustra
1873 1757 2292 1818 lamentantibus,
2345 1761 2705 1810 veliementer·

1637 1847 1737 1898 qne
1773 1834 2210 1898 conquerentibus
2242 1835 2416 1885 sociis.
2488 1837 2705 1887 Plurimi

1639 1908 1847 1958 codices
1873 1910 2050 1974 scripti
2074 1913 2353 1976 ext-usique
2375 1912 2565 1963 liabent
2585 1929 2707 1977 -qsre-

1635 1985 1914 2034 ritualibus.
1979 1987 2129 2035 Solus
2156 1986 2322 2036 codex
2346 1987 2707 2052 salisburgen-

1637 2061 1725 2121 sis,
1761 2068 1839 2124 et,
1868 2065 1920 2111 in
1956 2062 2238 2125 impressis,
2270 2064 2550 2121 Livineius.
2586 2064 2712 2128 Lip-

1637 2138 1761 2194 sius,
1778 2138 2056 2201 Gruterus,
2083 2139 2367 2196 Puteanus,
2380 2141 2709 2205 Bernegger,

1640 2214 2190 2277 Hackius,·Cellarius‚
2227 2218 2389 2274 Ceva.
2430 2231 2492 2267 ac
2525 2231 2709 2267 recen·

1640 2300 1724 2344 ter
1768 2295 2036 2345 Gesnerus
2090 2304 2145 2345 et
2193 2295 2522 2357 Artnzenius,
2562 2298 2706 2346 exhi·

1638 2369 1763 2420 bent
1807 2371 2167 2434 quiritantibus.
2232 2373 2527 2421 Secundum
2570 2373 2709 2436 prio·

1639 2461 1749 2497 rem
1793 2448 2124 2511 scripturam,
2166 2447 2378 2498 verbum
2424 2457 2560 2498 esset
2599 2443 2707 2499 fre·

1639 2525 1992 2588 quentativum
2029 2532 2042 2553 ⁸
2061 2524 2333 2588 qtieritor‚'
2363 2526 2396 2572 i.
2420 2539 2468 2574 e.
2500 2525 2707 2582 crebro,

1638 2601 1721 2648 vel
1742 2597 2064 2664 frequenter,
2087 2615 2290 2664 queror,
2314 2600 2485 2650 media
2506 2601 2706 2664 syllaba

1637 2676 1807 2740 brevi,
1840 2693 1869 2726 a
1901 2681 1916 2706 ⁸
1945 2677 2170 2741 queror.²
2238 2678 2536 2728 Secundum
2587 2693 2706 2743 pos·

1638 2754 1878 2802 teriorem
1927 2755 2257 2816 scripturam,
2306 2756 2517 2803 verbum
2566 2764 2705 2806 esset

1633 2829 1896 2895 ‘quirito,'
1945 2845 1975 2878 a
2019 2830 2328 2882 Quiritibus.
2386 2831 2507 2882 Jam
2556 2844 2704 2894 vero,

1638 2916 1937 2970 exponente
1960 2907 2199 2956 Varrone
2224 2908 2290 2956 de
2309 2907 2455 2971 Liug.
2475 2910 2592 2958 Lat.
2610 2908 2703 2959 lib.

1639 2999 1717 3035 tv.
1742 3001 1856 3049 pag.
1896 2990 1978 3036 41.
2018 2989 2064 3016 “
2091 2986 2384 3037 Quiritare’
2424 2988 2622 3038 dicitur
2644 2990 2706 3046 is,

1639 3063 1745 3127 qui,
1764 3070 1947 3113 contra
1978 3064 2097 3118 vim.
2123 3064 2401 3116 Quiritium
2432 3066 2587 3115 fidem
2603 3068 2705 3117 ela·

1639 3153 1784 3188 nuans
1811 3140 2083 3204 implorat-⁹
2134 3141 2196 3190 Iu
2220 3143 2317 3192 hoc
2339 3152 2514 3199 autem
2542 3145 2705 3194 verbo

1637 3216 1808 3265 media
1831 3217 2029 3278 syllaba
2067 3217 2391 3279 producitur,
2421 3220 2704 3271 secundum

1639 3293 1946 3357 analogiam,
1982 3302 2037 3343 et
2065 3294 2270 3352 Lucilii,
2291 3297 2481 3345 vetusti
2509 3296 2705 3360 poeta»,

1640 3384 1863 3432 versum,
1891 3384 2044 3434 quem
2082 3372 2210 3421 citat
2248 3370 2710 3424 NoniusMarcell.

1638 3460 1757 3510 pag.
1779 3449 1895 3496 494.
1934 3447 2073 3496 ‘Hic
2108 3448 2312 3511 inquam
2351 3448 2503 3499 rudet
2534 3466 2563 3499 e
2598 3449 2707 3501 ros-

1636 3523 1747 3586 tris,
1771 3528 1928 3588 atque
1948 3523 2232 3586 ejulitabit,
2250 3525 2575 3575 Concursans
2594 3529 2707 3577 vel·

1637 3607 1696 3647 nt
1720 3600 1973 3655 ancarius,
1997 3599 2239 3664 clareque
2263 3601 2557 3665 quiritans!
2604 3604 2705 3654 Ubi

1638 3673 1792 3726 affert
1809 3676 1965 3725 etiam
1988 3665 2052 3725 eir
2073 3676 2311 3740 Nigidio,
2331 3678 2347 3706 ‘
2369 3678 2574 3728 Clamat
2589 3681 2706 3744 qui·

1637 3750 1889 3800 rnatum!
1941 3751 2057 3800 Hac
2082 3752 2293 3815 propria
2318 3753 2528 3802 notione
2552 3754 2701 3804 verbi

1634 3840 1753 3875 usus
1798 3839 1914 3875 esse
1964 3825 2171 3875 videtur
2218 3827 2473 3878 Quinctil.
2525 3828 2706 3880 Instit.

1636 3903 1790 3953 Orat.
1828 3915 1918 3953 nr.
1955 3908 2006 3952 8.
2045 3904 2185 3953 ‘Cur
2220 3902 2605 3955 initiot'urioso
2636 3907 2708 3958 sit

1633 3979 2048 4039 exclamandum,
2090 3991 2196 4027 nou
2243 3977 2520 4042 intelligo:
2565 3995 2705 4041 cum,

1634 4057 1901 4121 proposita
1924 4055 2326 4120 consultatione,
2351 4064 2562 4121 rogatus
2584 4063 2704 4114 σου.

1633 4135 1869 4194 tentiam,
1904 4133 1947 4181 si
1973 4132 2126 4182 modo
2148 4137 2230 4181 est
2260 4147 2436 4197 sanus,
2468 4148 2567 4183 non
2590 4137 2705 4200 qni.

1632 4211 1789 4270 ritet;
1827 4208 1941 4271 sed,
1976 4221 2129 4271 quam
2160 4209 2383 4257 maxime
2412 4217 2606 4273 potest,
2630 4212 2701 4262 ci-

1634 4287 1721 4336 vili
1746 4291 1802 4336 at
1825 4287 2047 4335 humano
2064 4283 2501 4349 ingressu-mereri
2527 4303 2700 4340 asseu-
