3060 4902
565 399 698 463 642

566 559 683 609 Au.
727 573 764 607 ι.
801 561 878 607 17.
910 553 1121 613 scribat,
1158 552 1388 601 ‘Omnes
1426 547 1634 613 profudi

564 636 701 683 vires
731 633 883 681 animi
923 641 1079 694 atque
1114 628 1301 689 ingenii
1337 624 1469 673 mei-⁹
1536 625 1632 672 Ce-

566 721 754 773 terum,
778 711 827 757 in
849 707 1020 756 verbis
1046 703 1399 768 sequentibus,
1422 706 1478 749 ut
1497 703 1567 749 sol
1589 705 1636 747 et

565 791 687 849 dies,
742 802 874 837 unus
934 784 1099 833 codex
1149 783 1456 839 Vaticanus,
1510 780 1633 827 item

564 864 886 927 Guelpherb.
922 871 977 909 et
1027 859 1309 908 Vossianus
1351 858 1542 904 liabent
1583 862 1635 904 ut

566 946 654 998 eol,
681 949 731 991 ut
755 944 889 997 dieu
925 938 1059 1005 quod
1086 937 1245 986 etiam
1277 935 1449 983 arrisit
1474 933 1632 981 Arut-

574 1023 739 1071 zenio.
775 1022 923 1068 Idem.

636 1097 812 1144 Omnia
832 1092 1119 1159 profudisti]
1160 1090 1336 1139 Omnia
1360 1088 1636 1151 perfudisti,

565 1174 737 1223 Livin.
785 1175 837 1221 in
884 1179 1072 1229 textu;
1128 1169 1217 1216 sed
1267 1169 1316 1215 in
1380 1170 1634 1227 margine,

564 1251 580 1276 ‘
608 1248 746 1299 forte
768 1248 926 1297 omnia
952 1246 1211 1311 profudisti
1233 1261 1248 1292 .·
1268 1243 1280 1264 ’
1325 1251 1484 1291 recte.
1524 1242 1634 1289 Rit-

562 1328 709 1376 emh.

638 1404 703 1451 Ut
741 1402 836 1465 sol]
873 1401 1015 1464 Apta
1058 1401 1245 1461 image,
1282 1403 1334 1445 et
1368 1396 1544 1444 similis
1586 1397 1633 1442 in

566 1480 857 1542 Symmachi
886 1479 1057 1541 Epist.
1085 1490 1166 1525 rx.
1197 1481 1238 1523 l.
1272 1476 1449 1523 ‘Sicut
1475 1473 1636 1520 omui-

564 1560 656 1608 bus
707 1560 755 1607 in
796 1560 889 1607 liae
936 1559 1040 1605 vita
1099 1556 1279 1617 positis
1337 1568 1396 1601 ac
1453 1553 1635 1600 locatis

564 1637 847 1685 communis
875 1642 954 1684 est
979 1634 1094 1682 coeli
1122 1631 1352 1693 spiritus,
1379 1631 1464 1678 lux
1497 1629 1594 1675 diei
1621 1644 1634 1688 ;

565 1711 640 1760 ita
660 1712 989 1760 clementiam
1018 1708 1223 1756 maximi
1251 1704 1494 1767 principis
1519 1720 1633 1752 sen-

565 1789 701 1837 tiant
760 1795 887 1836 vota
954 1793 1007 1834 et
1076 1784 1216 1830 sacta
1280 1790 1603 1829 cunctorum.

566 1865 702 1926 Lips.

639 1942 706 1989 [ft
750 1939 842 2002 sol]
900 1939 1144 1987 Assertor
1187 1934 1323 1982 orbis
1370 1934 1516 1982 Deus
1571 1932 1634 1979 de

567 2021 702 2067 Deo.
742 2017 937 2065 Mattli.
962 2030 1013 2062 v.
1045 2019 1125 2061 45.
1161 2011 1234 2058 ὅτι
1270 2008 1353 2058 τὸν
1384 2010 1522 2066 ἥλιον
1556 2009 1635 2056 αὑ·

562 2094 652 2142 τοῦ
674 2092 928 2141 ἀνατέλλει
954 2090 1029 2138 ἐπὶ
1061 2086 1288 2150 πονηροὺς
1310 2087 1386 2135 καὶ
1410 2084 1634 2148 ἀγαθοὺς,

562 2173 685 2234 quod
707 2172 850 2220 solem
871 2184 1006 2218 suum
1026 2167 1239 2230 proferat
1264 2166 1402 2213 mulis
1423 2172 1466 2213 el
1489 2164 1635 2214 bonis.

566 2248 725 2296 Bern.

633 2327 769 2374 Cn».
809 2339 1011 2373 xxxvi.
1080 2320 1349 2382 AErarium]
1400 2319 1472 2368 Ut
1524 2319 1634 2367 Pli-

565 2401 678 2449 nius
714 2401 917 2449 laudem
960 2398 1190 2461 Trajaui,
1229 2410 1257 2443 e
1292 2396 1521 2444 coercita
1545 2395 1634 2443 de-

566 2479 788 2527 latorum
824 2478 1021 2525 malitia
1064 2482 1284 2536 partam,
1332 2471 1635 2534 amplificet,

565 2568 701 2602 nunc
726 2554 999 2616 speciatim
1037 2553 1102 2598 de
1139 2553 1152 2577 ‘
1177 2548 1360 2595 aerario
1384 2547 1396 2566 '
1434 2556 1484 2594 et
1523 2546 1634 2595 ‘fis-

565 2632 655 2679 co'
690 2632 831 2693 agit3
865 2632 1003 2693 quia,
1038 2637 1092 2677 ut
1131 2628 1238 2689 ipse
1276 2625 1433 2680 infra,
1471 2639 1517 2672 c.
1555 2629 1634 2674 42.

568 2709 662 2769 ait,
687 2707 906 2754 antehac
943 2691 1232 2752 delationes
1271 2715 1299 2748 e
1343 2700 1457 2761 lege
1495 2699 1636 2748 Julia

567 2791 620 2831 et
655 2783 904 2840 Voconia,
940 2780 1176 2841 aliisque,
1214 2777 1475 2839 pra³cipue
1514 2790 1634 2822 vero

566 2873 595 2906 e
622 2858 909 2920 majestatis
935 2856 1162 2908 crimine,
1188 2852 1420 2899 aerarium
1460 2857 1511 2897 et
1551 2848 1636 2896 fis-

565 2949 680 2983 cum
700 2935 1048 2995 maximopere
1072 2929 1470 2990 locupletarunt.
1509 2926 1634 2987 Ipse

565 3011 836 3073 Augustus
861 3009 1056 3059 dicitur
1077 3006 1259 3055 Tacito
1278 3003 1415 3052 Anu.
1441 3015 1526 3051 ιιι.
1551 3006 1633 3050 25.

565 3087 728 3150 legem
777 3087 994 3150 Papiam
1054 3084 1340 3144 Poppaeam
1398 3079 1634 3140 augendo

567 3166 754 3212 aerario
790 3164 1041 3211 sanxisse.
1107 3158 1383 3211 AErarium,
1411 3155 1543 3218 quod
1569 3154 1634 3202 ab

565 3239 836 3288 inferendo
856 3255 957 3287 aere
976 3252 1157 3286 nomen
1178 3233 1469 3295 habet,jam
1489 3248 1517 3279 a
1532 3233 1634 3279 Va-

564 3315 696 3362 lerio
715 3315 1006 3377 Poplicola,
1023 3315 1072 3362 in
1090 3311 1357 3375 republica
1372 3309 1552 3371 libera,
1566 3308 1637 3357 in·

564 3391 1228 3453 stitutum,receptaculum
1247 3385 1345 3435 fuit
1371 3399 1525 3447 opum
1545 3399 1631 3448 po-

564 3468 673 3531 puli
701 3469 938 3524 Romani,
959 3477 1011 3517 et
1034 3466 1268 3517 custodia
1294 3462 1517 3525 publicae
1545 3476 1631 3524 pe·

566 3545 754 3602 cuniae,
779 3544 888 3592 sive
911 3559 942 3593 e
970 3542 1305 3606 vectigalibus
1328 3547 1382 3587 et
1408 3539 1633 3595 tributis,

565 3620 677 3668 sive
700 3634 729 3669 e
756 3620 898 3668 bonis
923 3616 1424 3676 damnatornm‚sive
1450 3630 1478 3664 e
1504 3631 1633 3679 prae-

566 3696 633 3744 da
669 3696 903 3758 militari,
942 3696 1152 3744 rediret.
1233 3693 1373 3743 Hinc
1415 3692 1525 3741 Cic.
1567 3691 1632 3740 ad

564 3771 682 3822 Ait.
707 3786 809 3822 vlt.
832 3777 913 3822 15.
946 3772 1237 3836 pecuniam,
1266 3783 1379 3834 quae
1415 3769 1465 3817 in
1503 3783 1632 3817 aera-

566 3851 644 3898 rio
668 3856 797 3904 erat,
822 3857 973 3899 vocat.
1004 3849 1020 3874 ‘
1040 3847 1293 3912 publicam
1321 3842 1634 3908 pecuniam.'

565 3926 852 3976 Servandae
887 3925 1004 3975 huic
1040 3923 1276 3988 pecuniae
1317 3920 1632 3970 destinatum

566 4002 666 4052 fuit
693 4002 939 4066 templum
964 4000 1205 4060 Saturni;
1230 3998 1369 4063 quia,
1387 3997 1632 4046 tradente

565 4077 871 4142 Plutarcho,
902 4076 1129 4127 obtinuit
1163 4074 1358 4138 opinio,
1378 4080 1631 4135 regnante

566 4156 805 4212 Saturno,
831 4154 1099 4205 avaritiam
1128 4151 1265 4215 apud
1301 4150 1532 4200 homines
1558 4150 1632 4197 in-

560 4232 918 4297 justitiamque
943 4233 1110 4281 locum
1136 4242 1238 4279 non
1260 4226 1630 4290 habuisse,sed

565 4308 722 4359 fidem
765 4316 820 4360 et
856 4308 1111 4373 justitiam
1137 4322 1153 4368 ς
1201 4311 1292 4355 aut
1332 4304 1452 4370 quia
1494 4301 1633 4354 aedes

1264 404 1482 455 NOTAE
1538 399 1940 451 VARtORUM
1996 396 2076 447 ΙΝ

1708 544 1918 595 Saturni
1946 542 2044 592 fuit
2070 543 2212 591 locus
2244 538 2466 589 munitus
2492 543 2545 585 et
2570 534 2779 599 conspi-

1712 640 1857 686 cuus,
1877 631 2030 687 atque
2054 623 2118 670 ab
2144 620 2337 670 insidiis
2362 626 2522 667 tutus.
2591 617 2778 664 Manu·

1712 701 1829 755 tius,
1866 701 1914 747 in
1953 704 2233 747 comment.
2266 696 2329 744 ad
2367 694 2640 758 epistolam
2666 693 2777 741 Cic.

1712 776 1863 824 modo
1877 777 2108 834 citatam,
2129 773 2179 821 in
2204 773 2302 821 hoc
2329 785 2428 819 uno
2454 770 2646 831 templo
2671 770 2776 815 tria

1711 852 1892 900 statuit
1941 851 2099 898 fnisse
2148 848 2366 897 aeraria:
2425 854 2479 894 et
2526 843 2777 893 credibile

1709 934 1807 981 est,
1833 928 1980 975 unius
2007 925 2176 974 aerarii
2202 923 2370 970 varias
2407 920 2636 985 potuisse
2660 932 2776 968 esse

1709 1005 1881 1051 cellas·
1952 1004 2192 1050 Potestas
2235 998 2396 1047 omnis
2441 997 2593 1059 hujus
2645 1008 2776 1042 aera-

1711 1080 1770 1127 rii
1810 1081 1859 1127 in
1907 1078 2109 1141 republ.
2159 1076 2324 1125 libera
2365 1073 2467 1121 fuit
2513 1086 2673 1135 penes
2720 1072 2774 1119 S.

1711 1155 1773 1204 P.
1815 1157 1880 1205 Q.
1919 1155 1982 1202 R.
2017 1168 2143 1202 cura
2177 1165 2297 1200 vero
2334 1163 2493 1213 penes
2524 1163 2636 1208 eos,
2664 1148 2771 1211 qui-

1713 1233 1805 1280 bus
1843 1247 1901 1279 ea
1938 1247 1966 1278 a
2005 1232 2054 1278 S.
2093 1231 2154 1277 P.
2178 1229 2245 1278 Q.
2284 1229 2347 1275 R.
2382 1225 2629 1274 mandata
2662 1223 2777 1274 fuit.

1710 1309 1815 1357 Sub
1843 1305 2238 1370 imperatoribus
2262 1304 2469 1368 quidem
2495 1302 2774 1351 discrimen

1712 1385 1848 1433 iuter
1884 1384 2151 1434 ‘aerarium
2177 1382 2188 1402 '
2220 1388 2275 1430 et
2313 1378 2565 1434 ‘fiscum,'
2611 1379 2775 1427 intro-

1713 1460 1943 1515 ductum,
1969 1470 2023 1508 nt
2061 1459 2142 1508 liic
2180 1458 2242 1506 ad
2284 1456 2574 1519 principem
2614 1455 2777 1518 perti·

1713 1546 1881 1597 neret,
1919 1536 2042 1585 illud
2084 1549 2204 1582 vero
2244 1532 2409 1581 adhuc
2448 1531 2622 1594 populi
2659 1544 2775 1579 esse

1712 1612 1975 1666 videretur
2001 1630 2012 1660 :
2051 1620 2221 1660 tamen
2247 1610 2310 1657 de
2337 1617 2555 1673 utroque
2581 1622 2675 1672 pro
2696 1622 2776 1656 ar-

1711 1689 1867 1737 bitrio
1884 1689 2159 1752 disponere
2178 1688 2346 1751 potuit
2366 1686 2667 1749 imperator,
2684 1685 2778 1744 ita,

1626 1779 1639 1800 ³
1713 1773 1769 1812 ut
1796 1766 1893 1813 Dio
1918 1766 2141 1820 Cassius,
2176 1779 2292 1826 pag.
2316 1766 2429 1810 506.
2465 1775 2776 1825 quamquam

1712 1848 1979 1904 agnoscat,
2003 1837 2236 1890 aera'rium
2272 1854 2301 1887 a
2332 1839 2454 1887 fisco
2486 1837 2646 1886 fuisse
2672 1838 2776 1887 dis-

1715 1920 1952 1979 tinctum,
1976 1918 2199 1967 fateatur
2223 1924 2412 1977 tamen,
2431 1929 2485 1963 se
2506 1928 2607 1963 non
2632 1914 2776 1964 vide-

1715 2009 1787 2054 re,
1811 1996 1931 2058 quid
1972 1995 2105 2043 inter
2145 1993 2378 2042 :erarium
2417 1991 2699 2054 publicum,
2721 1997 2777 2039 et

1714 2072 1888 2121 fiscum
1927 2072 2194 2135 principis,
2231 2067 2545 2118 interfuerit.
2611 2067 2695 2116 Ita
2719 2075 2776 2116 et

1714 2164 1820 2204 1103,
1856 2150 2087 2212 quamvis
2124 2147 2276 2195 facile
2312 2145 2603 2209 credamus,
2638 2144 2775 2193 redi·

1714 2234 1795 2275 tus
1821 2225 2146 2287 vectigalium
2173 2231 2224 2272 et
2249 2224 2557 2272 tributorum
2592 2237 2622 2269 e
2656 2236 2776 2284 pro·

1713 2302 1891 2349 vinciis
1909 2300 2130 2363 Augusti
2152 2300 2396 2348 collectos
2413 2300 2705 2362 pervenisse
2721 2298 2773 2346 in

1712 2375 1927 2438 fiscum3
1964 2392 1990 2424 e
2030 2376 2307 2438 provinciis
2334 2390 2454 2423 vero
2492 2389 2773 2439 proconsu-

1711 2456 1928 2516 laribus,
1947 2457 2113 2505 illatos
2137 2470 2252 2504 esse
2271 2455 2482 2516 aerari03
2516 2455 2773 2503 nescimus

1712 2538 1903 2585 tamen,
1939 2534 2072 2596 quod
2108 2548 2289 2595 genus,
2328 2539 2421 2582 ant
2453 2539 2613 2595 quota
2655 2546 2773 2595 pars

1713 2611 2041 2671 muletarum,
2066 2611 2384 2673 aliorumque
2409 2609 2685 2664 redituum,
2708 2608 2776 2657 ad

1713 2687 2018 2735 alterutrum
2060 2687 2385 2749 pervenerit;
2424 2699 2589 2749 neque
2626 2685 2773 2734 nobis
2833 2732 2838 2737 .

1712 2762 1893 2824 liquet,
1920 2770 2086 2811 utrum
2113 2762 2265 2811 fiscus
2291 2762 2448 2810 etiam
2474 2761 2523 2809 in
2550 2760 2775 2825 quodam

1717 2839 1922 2900 templo,
1958 2854 2021 2887 an
2065 2839 2232 2901 potius
2266 2840 2317 2887 in
2355 2838 2567 2902 palatio,
2605 2838 2776 2886 locum

1714 2915 1970 2963 habuerit.
2040 2914 2192 2977 Apud
2218 2915 2384 2968 Tacit.
2412 2915 2599 2964 Annal.
2624 2928 2702 2963 vr.
2726 2919 2776 2964 2.

1713 2993 1947 3052 legimus,
1982 2993 2165 3040 ‘Bona
2203 2991 2395 3054 Sejani,
2433 2990 2603 3039 ablata
2644 3005 2776 3039 aera·

1713 3069 1807 3128 rio,
1833 3077 1886 3117 ut
1912 3070 1961 3117 in
1987 3068 2164 3118 fiscum
2200 3065 2548 3131 cogerentur!
2616 3067 2777 3129 Quin,

1714 3155 1903 3207 praeter
1928 3145 2101 3194 fiscum
2122 3145 2283 3207 illum,
2302 3151 2413 3209 erat
2431 3143 2583 3193 etiam
2605 3143 2778 3206 priva·

1715 3229 1795 3269 tus
1833 3222 1983 3270 fiscus
2021 3222 2261 3281 Caesaris,
2285 3220 2348 3268 ad
2383 3234 2533 3282 quem
2572 3220 2777 3282 propri-

1714 3313 1797 3347 um
1853 3299 1967 3361 ejus
2024 3296 2391 3360 patrimonium
2429 3292 2778 3346 referebatur.

1713 3375 1848 3423 Satis
1882 3373 1972 3423 diu
2011 3373 2196 3422 mansit
2241 3372 2337 3421 sub
2377 3372 2780 3435 imperatoribus

1711 3452 1945 3517 speciosa
1995 3450 2229 3516 quaedam
2287 3446 2582 3497 differentia
2638 3450 2778 3499 inter

1713 3529 1968 3588 aerarium,
2000 3534 2052 3575 et
2081 3525 2280 3586 fiscum,
2304 3522 2777 3588 patrimoniumque

1715 3606 1952 3660 Caesaris,
1979 3617 2136 3668 usque
2162 3600 2301 3661 dum,
2323 3599 2656 3661 labentejam
2681 3600 2777 3649 sub

1712 3683 2017 3746 Byzantinis
2069 3677 2389 3744 principibus
2441 3676 2682 3739 imperio,
2723 3685 2780 3727 et

1712 3765 2032 3828 aliquantum
2072 3769 2271 3824 quoque
2309 3761 2448 3818 ante,
2485 3768 2639 3804 omne
2673 3769 2780 3805 am·

1712 3841 1846 3902 plius
1921 3834 2050 3886 illud
2134 3832 2410 3883 discrimen
2482 3830 2784 3881 tolleretur.

1709 3919 1946 3967 Schmun-z.

1777 3993 1958 4056 Sileus]
1989 3993 2112 4043 Sine
2157 3989 2322 4040 litium
2367 3987 2621 4050 strepitu3
2659 4002 2781 4039 nam

1710 4080 1880 4128 antea,
1902 4084 2017 4121 cum
2055 4082 2149 4132 per
2172 4065 2455 4115 calumnias
2478 4063 2779 4114 delatorum

1710 4148 1851 4197 cives
1901 4142 2239 4196 facultatibus
2295 4134 2401 4189 suis
2455 4139 2780 4204 iniquissime

1710 4224 2088 4289 spoliabantur,
2111 4216 2351 4284 querelas
2376 4214 2450 4264 illi
2473 4215 2616 4279 apud
2647 4230 2782 4279 pm·

1710 4301 1880 4353 sectos
1917 4297 2087 4349 aerarii
2111 4293 2443 4355 deferebant,
2475 4299 2533 4342 et
2567 4305 2780 4342 caussas
