3060 4902
569 366 701 433 920

573 542 698 577 nere
738 532 863 586 tuo;
896 539 997 575 non
1033 539 1214 589 passus
1256 531 1425 590 septa,
1457 539 1626 588 neque

573 619 830 667 campum,
864 618 966 653 nou
1000 601 1264 666 suffragia,
1288 617 1387 653 non
1414 610 1626 666 puncta,

573 696 674 730 non
721 681 954 730 loculos:
997 681 1082 744 qui
1124 694 1224 728 non
1278 680 1627 743 prensaverim

570 769 773 817 manus,
805 770 900 805 nec
931 770 1046 804 cum
1083 756 1416 804 salutantium
1450 753 1628 804 confuss

572 847 659 881 sus
695 846 928 895 occursu,
960 840 1052 881 ant
1084 847 1176 881 sua
1207 834 1382 882 amicis
1422 834 1629 881 nomina

571 922 674 958 non
715 907 1047 965 reddiderim,
1081 917 1170 958 aut
1205 910 1373 959 aliena
1403 911 1627 973 imposu-

574 986 703 1035 erim
723 1000 739 1033 ε
773 986 858 1047 qui
885 985 1049 1034 tribus
1073 1000 1171 1034 non
1195 987 1481 1046 circumivi,
1504 1000 1627 1034 cen-

574 1065 733 1112 turias
768 1077 869 1113 non
903 1063 1128 1121 adulavi,
1153 1064 1346 1111 vocatis
1381 1063 1628 1111 classibus

575 1154 677 1188 non
721 1140 979 1195 intremui,
1033 1139 1154 1188 nibil
1198 1154 1311 1188 cum
1356 1149 1627 1204 sequestro

573 1217 808 1280 deposui,
842 1231 957 1266 cum
981 1216 1248 1266 diribitore
1280 1215 1403 1265 nibil
1437 1217 1628 1280 pepigi.

576 1293 833 1343 Romanus
870 1295 1107 1358 populus,
1141 1295 1361 1343 Martius
1397 1309 1627 1359 campus,

575 1381 816 1436 equester
839 1371 982 1427 ordo,
1000 1380 1184 1427 rostra,
1207 1373 1381 1433 ovilia,
1401 1380 1627 1436 senatus,

576 1463 705 1497 unns
728 1449 847 1498 mihi
866 1450 1033 1498 omnia
1057 1448 1377 1499 Gratianus!
1413 1450 1567 1498 Rern.

647 1526 843 1575 Urbano
856 1526 1197 1590 conjuratione]
1233 1528 1520 1576 Paucorum
1539 1526 1627 1575 ali·

575 1611 703 1667 quot
744 1604 947 1652 civium.
1013 1604 1132 1655 Qua
1164 1604 1216 1650 iu
1254 1616 1311 1650 re
1356 1610 1628 1666 peccatum

573 1694 738 1742 saepe,
780 1679 1029 1728 'thraseas
1064 1678 1199 1741 apud
1237 1680 1404 1728 Tacit.
1437 1679 1626 1730 Annal.

575 1770 672 1805 xv.
694 1757 943 1820 queritur,
966 1763 1018 1805 et
1044 1766 1239 1818 censet,
1276 1760 1290 1784 ‘
1309 1765 1364 1805 ut
1389 1759 1497 1805 laus
1530 1756 1626 1805 fal·

572 1846 647 1888 aa,
670 1847 731 1881 ac
756 1832 994 1894 precibus
1017 1847 1282 1895 expressa,
1303 1835 1519 1896 proinde
1542 1849 1626 1883 co·

571 1908 833 1969 hibentur,
859 1924 1008 1971 quam
1034 1910 1248 1968 malitia,
1270 1926 1419 1975 quam
1444 1913 1626 1961 crude-

570 1983 725 2034 litas.'
792 1986 861 2034 Et
898 1985 1165 2033 decretum
1202 2001 1319 2034 mox
1355 1988 1627 2050 interposi-

576 2070 715 2111 tum:
755 2069 769 2091 ⁴
791 2065 873 2113 Ne
911 2064 1020 2127 quis
1054 2064 1118 2112 ad
1154 2065 1427 2115 concilium
1464 2070 1626 2117 socio·

574 2155 686 2189 rum
713 2139 952 2204 referret,
974 2141 1199 2203 agendas
1232 2143 1368 2205 apud
1393 2153 1626 2194 senatum

574 2219 976 2282 propretoribus
1022 2222 1476 2282 proveconsulibus
1514 2238 1629 2284 gra·

576 2302 677 2356 tes,
721 2311 823 2345 neu
858 2298 968 2361 quis
993 2312 1056 2345 ea
1092 2298 1349 2363 legatione
1386 2296 1628 2363 fungere-

579 2370 702 2420 tur.'
768 2373 839 2422 Et
862 2372 1068 2423 fraudes
1093 2375 1275 2438 vetari,
1301 2375 1488 2424 bonum
1513 2384 1628 2436 est;

574 2457 722 2498 recta
742 2448 1037 2511 illajudicia
1054 2453 1225 2514 sperni
1246 2460 1335 2501 aut
1356 2454 1630 2517 supprimi,

574 2538 673 2574 uon
699 2525 905 2573 bouum.
940 2527 1069 2588 Lips.

642 2601 998 2664 Conjurueione]
1031 2601 1261 2666 Ambitu,
1278 2601 1459 2653 officiis
1477 2604 1626 2655 valde

574 2677 811 2732 solicitis,
835 2691 926 2740 per
950 2677 1143 2727 amicos
1174 2688 1228 2729 et
1252 2682 1493 2730 asseclas.
1525 2682 1627 2731 Pu·

584 2754 725 2803 torol.

642 2828 928 2879 Eblanditus
963 2830 1144 2893 preces]
1177 2839 1192 2861 ‘
1212 2832 1492 2884 Eblandita
1520 2835 1628 2885 suf-

572 2904 775 2968 fragia,'
809 2905 920 2955 Cic.
942 2921 1034 2969 pro
1058 2906 1288 2969 Planco;
1323 2911 1464 2958 ‘laus
1498 2910 1630 2961 falsa

574 2990 631 3032 et
657 2983 896 3046 precibus
929 2983 1214 3048 expressa,’
1248 2987 1415 3039 Tacit.
1440 2987 1628 3039 Annal.

574 3073 670 3110 xv.
696 3065 777 3111 21.
818 3062 966 3111 Bern-

642 3137 924 3188 Eblands'tus
956 3141 1141 3204 preces]
1195 3141 1241 3192 1.
1276 3157 1324 3191 e.
1357 3156 1540 3205 preces
1575 3147 1632 3192 et

575 3214 1066 3272 commendationes,
1120 3230 1213 3279 per
1258 3217 1527 3266 blandities
1569 3232 1631 3266 ac

572 3286 784 3339 fraudes
808 3293 1129 3354 impetratas.
1152 3295 1167 3322 ‘
1188 3292 1529 3356 Eblanditns:
1546 3308 1631 3342 an-

575 3375 875 3415 numeratur
916 3370 1203 3434 participiis
1241 3371 1518 3434 praeteritis
1542 3370 1631 3419 de-

573 3444 894 3505 ponentium,
918 3460 1034 3507 quae
1059 3461 1160 3495 non
1179 3455 1378 3497 tantum
1393 3448 1631 3509 activam,

572 3516 664 3564 sed
700 3526 755 3567 et
794 3521 1043 3580 passivam
1081 3521 1504 3584 significationem
1541 3523 1630 3571 ad-

573 3591 805 3643 mittunt.
862 3595 999 3644 Vide
1044 3598 1252 3646 Thomae
1293 3599 1476 3661 Bangii
1521 3600 1633 3649 Ob·

573 3678 770 3721 servat.
814 3671 1003 3720 Philol.
1041 3673 1131 3721 lib.
1165 3689 1203 3723 1.
1238 3689 1354 3738 pag.
1386 3680 1500 3726 6⁷6.
1544 3678 1631 3730 Sic

571 3747 670 3798 boc
714 3746 992 3811 participio
1035 3749 1190 3798 etiam
1236 3766 1355 3800 usus
1400 3761 1480 3802 est
1520 3755 1631 3804 Cic.

571 3840 667 3892 pro
691 3824 928 3881 Plancio,
951 3839 1072 3887 cap.
1099 3830 1149 3875 ⁴.
1184 3827 1495 3878 ‘Eblandita
1523 3830 1632 3894 illa,

572 3918 676 3953 non
699 3903 991 3962 enucleata,
1013 3917 1124 3951 esse
1149 3901 1406 3966 suffragia.
1410 3903 1424 3924 ’
1480 3907 1632 3957 Urba-

571 3997 636 4031 na
653 3979 989 4041 conjuratione,
1023 3979 1058 4028 i.
1083 3994 1130 4028 e.
1155 3980 1348 4030 ambitu
1373 3990 1428 4031 et
1444 3981 1632 4033 factio·

572 4070 659 4118 ne,
680 4057 964 4120 gratiaque,
997 4057 1196 4121 aliquot
1214 4065 1505 4107 senatorum
1530 4060 1632 4108 Ro·

574 4146 840 4181 manorum
861 4134 998 4181 inter
1018 4147 1074 4181 se
1091 4134 1507 4196 conspirantium.
1527 4137 1631 4185 De-

570 4215 703 4258 creta
742 4212 1007 4266 civitatum,
1042 4218 1094 4261 et
1127 4214 1535 4275 municipiorum,
1578 4215 1630 4265 in

565 4286 873 4349 provinciis,
904 4295 1056 4338 erant
1087 4289 1232 4354 quasi
1264 4299 1475 4342 senatus
1507 4306 1631 4342 con·

1257 379 1477 430 No'rAE
1525 378 1927 429 vAnloltuM
1978 379 2059 429 m

1701 525 1832 575 sulta
1879 540 1911 574 a
1960 522 2322 575 decurionibus
2366 523 2755 590 municipiorum

1700 601 1858 663 facta,
1881 603 1931 651 in
1956 603 2202 652 honorem
2222 602 2519 665 praesidum,
2543 604 2625 652 vel
2642 619 2753 667 pro-

1702 679 1985 741 consulum,
2009 694 2124 743 quae
2156 677 2221 727 ad
2256 679 2437 727 borum
2475 679 2677 730 landem
2699 689 2754 730 et

1703 755 2199 805 commendationem
2258 755 2595 804 mittebantur
2654 756 2748 805 Ro·

1704 848 1836 882 mam
1854 850 1871 894 ς
1894 848 2179 898 quanquam
2193 833 2304 883 bec
2319 832 2597 898 aliqnando
2618 833 2754 883 frau-

1704 909 1780 959 dis
1803 918 1953 959 erant
1986 917 2250 973 suspecta.
2299 909 2434 958 Vide
2459 910 2628 960 Tacit.
2652 909 2754 959 An·

1704 987 1806 1036 nal.
1829 1000 1924 1035 xv.
1942 990 2024 1036 21.
2047 994 2102 1035 et
2123 990 2205 1036 22.
2240 986 2362 1035 Pari
2379 986 2582 1036 ratione
2600 988 2755 1035 etiam

1704 1063 1921 1112 decreta
1943 1078 2006 1112 ex
2029 1063 2308 1126 provinciis
2332 1063 2653 1125 proconsulis
2672 1078 2753 1112 ac-

1703 1139 1913 1188 cusandi
1938 1154 2116 1189 caussa
2144 1140 2487 1189 mittebantur
2519 1138 2757 1199 Romam,

1705 1224 1837 1265 teste
1863 1216 2002 1265 Plin.
2026 1217 2191 1278 Epist.
2217 1229 2315 1265 vn.
2338 1220 2391 1265 6.
2422 1221 2437 1244 ·
2454 1215 2623 1265 Adest
2643 1229 2757 1278 pro·

1703 1293 1887 1341 vinciae
1901 1294 2100 1356 legatus
2116 1309 2132 1351 ;
2155 1293 2332 1342 attulit
2347 1291 2617 1342 decretum
2636 1307 2757 1342 con·

1703 1368 1806 1417 ciiii
1830 1369 1893 1417 ad
1926 1368 2220 1430 Caesarem3
2255 1368 2436 1417 attulit
2471 1368 2537 1417 ad
2573 1369 2756 1417 multos

1702 1446 1962 1508 principes
1998 1444 2173 1497 viros?
2237 1446 2566 1494 Dicebantur
2603 1447 2755 1495 etiam

1702 1521 1719 1544 ‘
1741 1522 2111 1585 psephismata’
2133 1522 2184 1571 in
2211 1523 2510 1586 provinciis,
2526 1537 2642 1587 qnoe
2660 1524 2758 1574 Ro·

1702 1613 1800 1647 mie
1843 1600 1859 1626 ‘
1880 1599 2046 1660 plebis
2088 1600 2216 1648 scita
2234 1603 2247 1625 ⁹
2288 1601 2498 1663 proprie
2535 1602 2759 1665 appella·

1706 1675 1909 1724 bantur.
1975 1675 2122 1724 Idem
2157 1676 2358 1726 Plinius
2392 1677 2566 1741 Epist.
2604 1691 2662 1727 x.
2678 1682 2758 1728 ⁵2.

1704 1752 1945 1801 Schmun.

1767 1830 1976 1878 Decreta
2009 1829 2317 1894 coloniorum]
2351 1830 2576 1881 Publica
2612 1832 2759 1882 testi·
2804 1839 2824 1845 ‘

1703 1907 1875 1955 monia
1898 1905 2248 1960 decurionum.
2274 1907 2374 1957 boc
2391 1918 2490 1965 est,
2516 1911 2658 1974 quasi
2680 1924 2758 1958 se·

1703 1992 1941 2031 natorum
1980 1982 2030 2030 in
2084 1984 2376 2046 municipiis
2427 1993 2483 2033 et
2529 1987 2763 2035 coloniis.

1706 2060 1826 2110 Non
1848 2061 2076 2110 absimile
2100 2061 2209 2111 Cic.
2238 2077 2328 2121 pro
2348 2063 2563 2114 Sextio:
2601 2066 2618 2093 ⁸
2641 2066 2758 2115 Non

1705 2136 1866 2185 recito
1889 2137 2156 2186 decretum
2180 2136 2346 2187 officio
2360 2140 2534 2203 aliquo
2547 2155 2760 2205 expres·

1704 2228 1815 2261 sum
1836 2213 2115 2262 vicinitatis
2138 2221 2226 2262 aut
2249 2215 2529 2278 clientela,
2544 2226 2635 2266 aut
2647 2218 2763 2268 bos-

1704 2290 1820 2351 pitii
1847 2290 2055 2352 publici,
2080 2298 2170 2339 aut
2194 2290 2509 2348 ambitionis,
2521 2301 2613 2343 ant
2627 2308 2761 2344 com-

1703 2368 1969 2416 moditatis
2007 2367 2201 2430 gratia3
2238 2366 2330 2415 sed
2366 2369 2538 2418 recito
2576 2384 2764 2420 memo·

1705 2444 1830 2493 riam
1871 2441 2133 2507 perfuncti
2171 2445 2411 2508 periculi,
2434 2449 2763 2509 predicatio·

1704 2536 1819 2569 nem
1835 2521 2136 2584 amplissimi
2152 2522 2408 2580 beneficii,
2425 2524 2592 2573 vicem
2608 2525 2762 2575 officii

1676 2665 1679 2668 ‚
1703 2599 1988 2661 praesentis,
2004 2597 2352 2648 testimonium
2369 2603 2627 2664 praeteriri
2641 2612 2763 2653 tem·

1702 2676 1880 2740 poris.’
1916 2677 2068 2727 Beris.

1737 2816 1747 2825 ο
1770 2755 1866 2803 Nae
1887 2754 2164 2821 suffragiis]
2198 2756 2375 2820 Forte,
2404 2758 2472 2809 Ut
2495 2759 2763 2825 effusis·

1704 2830 1873 2881 Livin.

1771 2908 1867 2956 Noe
1893 2908 2171 2975 suffragiis]
2204 2909 2478 2961 Assentior
2511 2912 2762 2972 Livineio,

1703 2989 1755 3032 ut
1768 2983 2055 3049 suffragiim
2071 2996 2126 3037 et
2139 2988 2636 3045 “stimi-mam.
2670 2990 2761 3038 Et·

1704 3063 1748 3111 si
1789 3064 1950 3125 possit
1974 3064 2132 3113 etiam
2165 3064 2287 3128 legi,
2324 3066 2458 3114 Bene
2488 3064 2760 3130 uffrsgs‘s‘s.

1708 3140 1848 3202 Lips.

1772 3217 1867 3265 Na·
1898 3217 2153 3283 suffrag-iis
2181 3216 2533 3267 matarius.
2600 3220 2763 3269 ,εἰα-

1702 3293 1900 3356 raatur]
1936 3294 2089 3344 Hanc
2123 3296 2399 3344 lectionem
2422 3254 2710 3359 suggerunt
2732 3312 2763 3349 e

1704 3371 1973 3420 codicibus
1988 3372 2115 3422 Μαι.
2132 3372 2410 3420 Vaticanus
2424 3376 2575 3421 3461.
2600 3374 2762 3424 Guel-

1706 3448 2078 3513 pherbytanus,
2111 3455 2167 3497 et
2196 3449 2332 3497 liber
2356 3447 2671 3510 Vossianus,
2710 3452 2762 3499 in

1704 3526 1987 3589 impressis,
2033 3525 2312 3573 Frobenins
2369 3538 2453 3572 an.
2498 3529 2645 3575 166².
2690 3527 2765 3575 ita

1705 3602 1931 3666 quidem,
1967 3610 2025 3649 ut
2058 3599 2181 3649 illud
2215 3615 2309 3657 ια,
2333 3614 2427 3662 per
2459 3614 2486 3648 e
2522 3602 2763 3665 simplex,

1704 3695 1762 3730 ae
1786 3678 2095 3739 exprimant.
2122 3677 2218 3726 Nae
2239 3686 2431 3733 tamen.
2444 3677 2628 3727 itidem
2646 3694 2761 3728 cum

1706 3756 2056 3819 conjunctivo,
2077 3754 2371 3816 inseruntur,
2385 3754 2634 3804 e'xbibent
2648 3756 2763 3805 Cel·

1704 3836 1859 3884 larius
1908 3840 1964 3884 et
2008 3834 2326 3884 Arntaenius
2357 3850 2374 3893 ς
2431 3836 2598 3884 ceteri
2646 3836 2758 3886 libri

1703 3913 1882 3976 scripti
1907 3926 2083 3961 omnes
2098 3910 2310 3973 babent,
2329 3912 2410 3961 Ns
2430 3945 2448 3962 .
2470 3943 2485 3960 .
2511 3944 2526 3959 .
2547 3913 2760 3961 insem-

1705 3993 1803 4038 tur.
1868 3987 2086 4037 Plurimi
2115 3988 2349 4050 impressi
2381 3990 2629 4049 produnt,
2666 3988 2759 4037 No

1704 4095 1722 4113 .
1743 4099 1756 4114 .
1782 4097 1797 4112 .
1818 4064 2103 4112 inscrutatur.
2137 4063 2314 4113 Codex
2332 4063 2565 4113 Venetus
2582 4069 2626 4114 1.
2644 4078 2762 4128 per·

1706 4155 1882 4205 peram
1900 4139 2058 4188 babet
2074 4139 2153 4188 Ne
2174 4173 2189 4189 .
2209 4173 2222 4187 .
2237 4170 2252 4186 .
2273 4141 2604 4204 insequuntur.
2630 4140 2763 4190 Pos—

1705 4232 1879 4267 sumus
1905 4216 2238 4280 acquiescere
2261 4216 2310 4264 in
2345 4217 2575 4266 lectione
2605 4231 2759 4281 qnam

1706 4294 1903 4360 recepi,
1959 4306 2210 4358 quamque
2262 4290 2437 4342 Plinio
2481 4293 2762 4345 vindicavit
