3060 4902
523 353 654 418 ⁷44

526 513 1005 578 Guelplnerbytano‚
1030 529 1220 578 genere
1245 523 1431 566 neutro
1454 518 1590 581 posi-

527 598 633 639 tum
667 600 765 645 est,
803 593 920 641 Tum
954 597 1059 641 erat
1096 593 1310 655 exitiale,
1350 593 1384 642 i.
1423 609 1471 642 e.
1508 608 1593 644 res

523 670 766 717 exitialis.
833 671 949 719 Non
970 671 1174 733 quidem
1196 671 1261 719 ab
1284 672 1378 720 hac
1399 672 1592 722 Graeca

525 745 767 806 loquendi
783 746 981 794 ratione
997 745 1245 796 abhorret
1264 763 1384 796 usus
1398 749 1588 812 lingnae

528 821 758 882 Latinam
797 837 844 870 v.
879 838 929 885 g.
963 822 1100 887 apud
1126 824 1316 887 Virgil.
1355 826 1466 874 Ecl.
1498 840 1589 875 111.

522 903 605 947 80.
640 902 722 947 82.
745 900 948 949 ‘Triste
980 901 1133 964 lupus
1158 902 1391 958 stabulis,
1424 909 1590 953 motu·

521 975 589 1023 ris
629 973 865 1037 frugibus
894 976 1125 1041 imbres‚’
1147 981 1246 1028 &c.
1269 986 1323 1027 et
1350 980 1488 1043 apud
1513 980 1589 1030 0-

523 1051 628 1100 vid.
648 1051 825 1100 Amor.
851 1066 888 1100 r.
923 1057 972 1101 9.
995 1058 1044 1102 4.
1080 1056 1287 1117 ‘Turpe
1312 1071 1471 1105 senex
1495 1058 1588 1105 mi·

524 1127 619 1188 les,
647 1135 799 1191 turpe
820 1130 995 1178 senilis
1022 1145 1164 1178 amor
1186 1130 1219 1178 :’
1254 1133 1387 1180 malo
1413 1139 1587 1181 tamen

522 1204 670 1265 sequi
728 1205 1002 1253 lectionem
1039 1207 1321 1268 vulgatam.
1391 1209 1587 1258 Nescio

524 1293 670 1338 vero,
704 1294 798 1328 cur
838 1282 1151 1331 Arntzenius
1191 1286 1590 1347 praetermiserit

522 1356 733 1405 verbum
757 1362 882 1406 erat.
924 1359 1182 1408 Schwsrz.

583 1431 828 1482 Amoenior
849 1435 985 1498 villu]
1002 1435 1181 1485 Simile
1200 1437 1252 1486 in
1280 1438 1589 1489 triumvirali

519 1513 900 1577 proscriptione
955 1514 1228 1579 Appianus
1301 1525 1469 1580 notat,
1529 1527 1587 1570 et

517 1590 803 1652 ‘quendam
844 1600 1125 1654 conspecto
1162 1594 1367 1641 nomine
1405 1610 1497 1643 suo
1532 1596 1584 1644 in

521 1664 715 1722 tabula,
742 1667 1082 1726 exclamasse,
1121 1668 1257 1731 Heu,
1291 1671 1410 1719 villa
1427 1670 1584 1721 Alba·

519 1755 586 1789 na
609 1756 689 1789 me
714 1741 983 1804 perdidit.’
1006 1743 1139 1806 Lips.

588 1817 801 1880 Quoerit]
840 1818 1061 1868 Publica
1085 1819 1402 1872 venditione.
1432 1824 1584 1873 Idem.

583 1893 759 1954 Magni
779 1893 1033 1956 aliquando
1056 1895 1380 1962 imperatoris]
1417 1901 1582 1950 Nero·

515 1970 594 2018 nis
617 1971 906 2034 expositum
927 1972 1141 2030 Raiano,
1165 1974 1312 2039 falso,
1330 1984 1384 2025 et
1405 1977 1582 2028 indoc-

520 2052 610 2104 te;
645 2046 767 2109 quid
805 2048 938 2095 enirn
967 2048 1130 2098 minus
1168 2059 1250 2100 est
1288 2054 1583 2119 verisimile,

518 2137 668 2187 quam
711 2131 767 2172 ut
804 2139 1043 2189 magnum
1090 2126 1453 2191 imperatorem
1495 2147 1582 2181 vo·

518 2208 624 2258 cet,
649 2203 791 2266 cujus
818 2204 1161 2267 panegyricus
1202 2206 1284 2255 liic
1324 2219 1584 2272 perpetua

516 2276 752 2338 quaedam
769 2278 926 2327 satira
942 2287 1019 2329 est
1040 2280 1058 2328 ?
1096 2279 1183 2328 Ait
1201 2281 1323 2331 κατὰ
1339 2283 1583 2346 εἷρωνείαν.

515 2354 705 2415 Nugae.
740 2353 993 2418 Equidem
1036 2357 1303 2407 Lucullum
1331 2363 1582 2422 ceperim.

515 2428 825 2480 Plutarchus
848 2432 899 2480 in
922 2432 1034 2496 ejus
1060 2434 1198 2498 Vita,
1221 2434 1311 2484 Kal
1327 2437 1411 2486 νῦν
1428 2438 1581 2489 ἐπίδο-

514 2522 592 2554 σιν
611 2506 830 2565 τοιαύτην
841 2510 926 2564 τῆς
948 2511 1127 2570 τρυφῆς
1150 2511 1373 2572 ἐχούσης,
1393 2515 1439 2561 οἱ
1463 2522 1580 2563 Λου·

512 2582 787 2631 κουλλιανοὶ
819 2585 959 2640 κῆποι
994 2587 1091 2631 τῶν
1111 2589 1373 2641 βασιλικῶν
1395 2590 1447 2636 ἐν
1479 2594 1582 2641 τοῖς

512 2658 946 2709 πολυτελεστάτοις
960 2660 1268 2724 ἀριθμοῦνται.
1307 2667 1361 2712 Ν
1362 2681 1451 2715 unc
1465 2683 1578 2731 quo-

515 2750 619 2797 que,
655 2735 707 2783 in
739 2741 838 2784 tum
875 2734 1026 2798 effuso
1053 2743 1099 2785 et
1133 2742 1405 2791 exundante
1440 2744 1578 2801 luxu,

513 2812 759 2860 hortorum
825 2813 1161 2876 principalium
1215 2821 1580 2870 sumtuosissimi

513 2887 785 2937 Luculliani
804 2896 1069 2941 censentur.
1139 2892 1427 2957 Adscripsi,
1463 2912 1576 2959 qute

511 2965 612 3015 huc
639 2966 962 3029 potissimum
988 2965 1203 3026 faciunt,
1228 2972 1429 3036 reliqua
1449 2973 1579 3024 inibi

511 3044 743 3106 proclive
769 3052 968 3106 petere.
991 3046 1156 3096 Licin.

580 3121 784 3185 Magni]
828 3122 1038 3170 Veteris
1085 3124 1302 3187 alicujus
1350 3125 1575 3184 Luculli,

513 3194 775 3258 Pompeii,
794 3206 882 3246 aut
905 3198 1103 3248 similis.
1129 3199 1266 3263 Lips.

580 3270 756 3331 Magni
777 3271 1029 3334 aliquando
1049 3274 1374 3341 imperatoris]
1409 3279 1457 3329 N
1464 3294 1576 3328 ero-

512 3345 615 3407 nis,
635 3347 782 3409 cujus
804 3348 981 3399 hortos
1006 3357 1061 3399 et
1088 3351 1298 3402 domum
1322 3355 1574 3418 Trajanus

511 3436 811 3473 communes
840 3424 1001 3488 fecit;
1035 3442 1124 3475 seu
1155 3430 1315 3479 etiam
1353 3431 1575 3481 Domiti·

510 3498 616 3553 nni,
637 3501 723 3562 qui
748 3499 1008 3549 Albanum
1036 3503 1133 3552 sibi
1172 3519 1429 3555 secessum
1453 3522 1575 3557 con·

507 3573 774 3630 stituerat,
791 3590 906 3625 mox
922 3574 1147 3627 fortasse
1162 3594 1190 3627 a
1204 3581 1428 3642 Trsjsno
1450 3585 1576 3647 pub·

510 3648 598 3698 lici
629 3650 766 3711 juris
791 3649 1003 3700 factum.
1073 3655 1338 3705 Livineius
1371 3659 1435 3707 sd
1476 3662 1574 3711 Lu·

509 3727 631 3776 culli
653 3727 830 3776 hortos
858 3730 1105 3779 Nostrum
1132 3736 1417 3796 respexisse
1453 3754 1574 3789 con·

513 3804 681 3854 tendit
699 3820 717 3865 ;
741 3804 1083 3870 irasciturque
1104 3809 1333 3874 Rayano,
1353 3816 1486 3877 quod
1508 3819 1572 3867 de

513 3882 726 3931 Nerone
752 3882 830 3943 agi
856 3894 1092 3941 censeat,
1115 3893 1358 3951 tanquam
1394 3890 1459 3939 de
1487 3908 1574 3943 eo·

506 3959 628 4010 dem
680 3974 867 4009 nomen
905 3962 1080 4024 Magni
1113 3965 1216 4013 dici
1254 3982 1353 4016 non
1392 3979 1574 4032 potue·

509 4036 596 4085 rit.
660 4038 731 4086 At
754 4038 866 4102 quis
892 4038 1240 4091 Romanorum
1280 4045 1571 4112 principum

504 4115 519 4140 ⁸
538 4114 763 4177 Magnus
790 4114 803 4135 ’
845 4114 952 4165 dici
995 4131 1094 4165 non
1135 4121 1335 4185 possit;
1389 4126 1430 4172 si
1472 4140 1573 4175 non

510 4191 788 4241 virtutibus
830 4208 891 4241 ac
934 4193 1154 4252 meritis,
1206 4204 1262 4246 nt
1309 4187 1575 4261 potestate

508 4278 632 4317 sane
663 4282 724 4317 uc
746 4267 983 4319 divitiis?
1034 4271 1152 4323 Non
1178 4279 1493 4339 negaverim,
1519 4287 1576 4331 et

1219 371 1437 420 NOTAE
1491 372 1893 423 vAntonUM
1950 377 2031 424 m

1665 520 1729 567 acl
1751 520 2017 571 Lucullum
2042 522 2302 585 respicere
2322 523 2548 573 Plinium
2574 535 2728 590 potu·

1666 595 1794 658 isse3
1831 605 1884 646 at
1908 613 2000 646 cur
2024 613 2124 648 non
2150 600 2326 658 etiam,
2350 610 2409 650 et
2442 605 2636 666 potius,
2659 608 2726 654 ad

1667 673 1957 722 Neronem?
1997 676 2214 725 Putorol.

1730 752 1907 813 Mag-ni
1923 753 2173 815 aliquando
2209 755 2514 818 imperatoris
2540 758 2729 822 hortos]

1664 827 1730 877 In
1754 830 1934 879 codice
1956 832 2333 896 Salisbnrgensi
2359 842 2416 884 et
2448 850 2565 884 meo
2589 838 2726 885 desi·

1664 903 1875 954 deretur
1887 907 2188 957 adverbium
2203 910 2486 973 aliquando,-
2507 913 2667 975 quod,
2680 914 2725 963 si

1664 994 1729 1029 ex
1753 981 1998 1047 suffragio
2024 984 2336 1048 reliquorum
2359 987 2608 1036 librorum
2647 1004 2724 1038 re·

1664 1057 1909 1122 tinemut,
1935 1075 1995 1107 eo
2018 1061 2226 1109 clariori
2261 1068 2342 1109 est
2365 1062 2580 1123 indicio,
2615 1065 2722 1113 Pli-

1662 1135 1800 1185 nium
1837 1137 1973 1202 loqui
2002 1137 2066 1186 de
2096 1139 2259 1187 bortis
2285 1139 2499 1203 alicujus
2531 1143 2725 1191 veteris

1660 1211 1992 1276 imperatoris
2017 1221 2250 1276 tempore
2274 1215 2575 1278 reipublice
2597 1218 2726 1266 libe-

1662 1302 1751 1337 rae.
1785 1291 1799 1314 ‘
1820 1290 1975 1338 Horti
1995 1289 2010 1310 ’
2033 1297 2204 1339 autem
2231 1293 2553 1342 vocabuntur
2573 1294 2728 1358 villae,

1661 1378 1776 1413 cum
1803 1364 1986 1429 hortis,
2010 1367 2322 1427 nemoribus,
2348 1367 2597 1430 fontibus,
2626 1373 2727 1436 pis-

1663 1440 1809 1500 cinis,
1855 1458 2040 1504 magno
2085 1445 2290 1507 quidem
2348 1457 2611 1508 apparatu
2659 1449 2725 1498 nd

1660 1522 1876 1585 quodvis
1899 1524 2199 1574 deliciarum
2240 1542 2400 1589 genus
2436 1529 2729 1580 instructae.

1661 1600 1962 1662 Cujusmodi
1993 1601 2131 1651 horti
2164 1604 2351 1666 passim
2390 1605 2456 1653 ab
2492 1607 2725 1669 antiquis

1658 1679 2000 1739 scriptoribus
2023 1688 2512 1744 commemorantur,
2533 1684 2723 1732 Lucul-

1661 1753 1803 1815 liani,
1828 1754 2156 1815 Pompeiani,
2190 1757 2583 1819 Maecenntiani,
2611 1759 2726 1808 Sal·

1660 1831 1889 1892 lustiani,
1930 1832 2225 1893 serviliani,
2259 1834 2508 1890 Lamiani,
2546 1836 2732 1885 Lauri·

1659 1907 1763 1968 nni,
1789 1908 2031 1964 Neronis,
2059 1908 2192 1959 horti
2228 1910 2453 1960 Coesaris
2487 1912 2553 1960 sd
2576 1913 2727 1963 ‘ribe-

1660 1983 1774 2040 rim,
1799 1984 1982 2032 etalii.
2056 1985 2391 2036 Potissimum
2431 1988 2514 2036 bic
2555 1989 2725 2053 desig·

1660 2060 1769 2107 nari
1794 2067 1923 2123 puto
1942 2061 2115 2109 hortos
2139 2062 2342 2112 Luculli
2360 2064 2441 2112 vel
2467 2066 2726 2128 Pompeii,

1659 2138 1746 2201 qui
1772 2139 1787 2164 ‘
1807 2139 1976 2198 magni
1991 2138 2333 2201 imperatores
2352 2139 2368 2162 '
2388 2142 2726 2192 celebraban-

1660 2220 1761 2263 tur.
1829 2214 1950 2262 vid.
1976 2215 2084 2264 Cic.
2117 2218 2352 2281 prolege
2382 2218 2565 2269 Manil.
2589 2234 2638 2269 c.
2675 2224 2729 2270 8.

1658 2297 1712 2339 et
1748 2305 1841 2354 pro
1878 2290 2074 2339 Archia
2108 2306 2155 2341 c.
2198 2296 2278 2341 10.
2346 2295 2593 2344 Lucullus
2618 2297 2726 2347 Mi·

1658 2368 1935 2417 thridatem
1985 2369 2218 2430 vicerat3
2266 2369 2412 2433 cujus
2456 2371 2726 2423 hortorum

1657 2445 1890 2495 meminit
1915 2447 2186 2499 Plutarch.
2220 2446 2270 2496 in
2297 2448 2420 2497 Vita
2442 2448 2578 2512 ejus,
2605 2464 2739 2514 pag.

1656 2525 1772 2571 518.
1844 2522 1935 2570 Καὶ
1971 2524 2067 2581 νῦν,
2121 2523 2334 2573 ἐπίδοσιν
2369 2523 2596 2584 τοιαύτην
2630 2528 2723 2585 τῆς

1652 2601 1834 2663 τρυφῆς
1860 2600 2084 2662 ἐχούσης,
2118 2602 2164 2650 οἶ
2182 2603 2553 2652 Λουκουλλιανοὶ
2580 2605 2727 2662 κῆποι

1653 2681 1748 2725 τῶν
1768 2681 2031 2734 βασιλικῶν
2069 2679 2121 2727 ἐν
2150 2681 2253 2729 τοῖς
2284 2679 2728 2732 πολυτελεστάτων

1652 2754 1970 2818 ἀριθμοῦνται,
1993 2757 2042 2804 h.
2078 2771 2127 2805 e.
2195 2758 2371 2806 Etiam
2408 2759 2510 2806 hnc
2545 2766 2728 2821 aetate,

1654 2831 1742 2880 ubi
1781 2834 2001 2881 maxime
2039 2832 2213 2896 gliscit
2250 2834 2418 2896 luxus,
2449 2834 2589 2885 horti
2620 2838 2725 2886 Ln-

1653 2907 1861 2955 culliani
1892 2909 2029 2955 inter
2051 2908 2361 2972 principales
2385 2910 2561 2962 hortos
2581 2927 2725 2962 snm·

1653 2982 1924 3032 tuosissimi
1942 2983 2219 3034 habentur.
2238 2983 2254 3011 ⁴
2268 2985 2551 3036 Hortorum
2566 2987 2728 3038 Pom·

1649 3059 1949 3121 peisnorum
1969 3058 1982 3079 '
2009 3061 2323 3109 mentionem
2347 3059 2479 3111 fscit
2499 3062 2641 3113 Vell.
2660 3077 2730 3114 η.

1649 3138 1732 3185 60.
1792 3136 1858 3184 Et
1891 3136 2001 3184 Cic.
2028 3136 2262 3199 Philipp.
2286 3151 2348 3187 ιι.
2375 3142 2467 3188 42.
2496 3144 2512 3167 ⁴
2538 3139 2728 3204 Signa,

1651 3211 1876 3267 tabulas,
1898 3227 2025 3275 quas
2062 3213 2253 3276 populo
2277 3214 2455 3263 Cesar
2476 3229 2579 3265 nnn
2601 3230 2722 3266 cum

1650 3288 1809 3338 hortis
1834 3289 2051 3353 legavit,
2086 3303 2174 3338 eas
2199 3290 2281 3339 hic
2307 3291 2494 3354 partim
2525 3292 2579 3341 in
2602 3292 2723 3343 hor·

1652 3373 1733 3415 tos
1779 3367 2017 3429 Pompeii
2060 3365 2381 3429 deportavit,
2430 3370 2622 3430 purtim
2668 3370 2723 3420 in

1647 3442 1823 3490 villum
1839 3440 2131 3504 Scipionis.’
2165 3442 2311 3491 Idem
2334 3443 2568 3507 Philipp.
2587 3459 2723 3496 xm.

1648 3524 1696 3567 5.
1720 3519 1735 3544 ‘
1757 3517 2001 3566 Redimet
2026 3518 2309 3581 Pompeius
2330 3519 2532 3582 hortos,
2553 3521 2717 3584 mdes,

1647 3593 1845 3643 urbana
1867 3593 2124 3657 quiedam,
2147 3609 2262 3659 qum
2286 3595 2523 3658 possidet
2555 3596 2724 3648 Anto-

1648 3669 1797 3720 nius-⁹
1821 3670 2065 3720 Schmun-z.

1720 3748 1973 3810 Nunquam
2012 3744 2133 3808 nisi]
2166 3745 2391 3797 Assidne
2428 3762 2722 3811 possessum

1648 3823 1956 3873 Caesaribus.
2020 3824 2167 3872 Talia
2199 3832 2375 3872 antem
2409 3826 2593 3887 mults,
2621 3840 2727 3877 nec

1647 3914 1779 3963 opus
1824 3900 1888 3948 ad
1933 3914 2086 3948 unum
2128 3899 2388 3949 Albanum
2423 3901 2724 3953 Domitiani

1647 3976 1951 4040 confugere.
1973 3978 2110 4041 Lips.

1717 4054 1927 4103 Coesaris
1968 4051 2310 4116 suburbanum]
2352 4052 2720 4105 Suburbsnnrn

1649 4129 1839 4178 dicitur
1875 4128 2150 4193 praedium,
2183 4131 2266 4177 vel
2311 4127 2523 4186 fundus.
2569 4139 2723 4181 extra

1650 4207 1878 4270 quidem,
1901 4207 1989 4254 sed
2015 4206 2285 4256 ordinarie
2308 4221 2475 4270 prope
2500 4208 2685 4256 urbem
2705 4225 2733 4270 3

1650 4283 1934 4349 aliquando,
1953 4290 2126 4334 tamen
2142 4282 2319 4350 etism,
2333 4284 2381 4333 si
2397 4283 2602 4348 longius
2626 4284 2716 4334 ab·
