3060 4902
753 384 823 432 c.
872 378 1118 431 num
1165 379 1499 431 saeuum
1553 381 1829 433 Panno.
1908 386 1957 431 ι.
2001 366 2112 434 29.

310 533 367 577 et
404 523 708 589 gratulandi
752 525 948 582 auimo,
992 523 1389 589 imperatoribus

315 602 639 663 offerebaut3
680 610 742 651 ut
767 607 924 652 eraut
960 609 1172 658 streuae,
1206 603 1392 667 stipes,

317 697 442 748 quas
460 695 528 732 ex
553 691 683 731 voto
700 695 801 744 pro
822 681 992 730 salute
1012 681 1256 744 Augusti,
1276 683 1392 730 mit·

317 760 499 811 rebant
522 759 575 807 in
597 758 773 807 lacum
797 756 1033 808 Curtium
1054 771 1071 819 ς
1103 772 1280 807 aurum
1306 772 1393 807 co·

317 836 605 893 tonarium,
627 834 952 884 frumentum
969 833 1318 896 honorarium,
1336 840 1392 883 et

319 911 525 961 similia.
559 908 952 960 ‘Indictiones’
988 923 1133 966 vero,
1174 923 1392 975 quarum

318 986 525 1039 Plinius
564 985 824 1048 meminit,
846 991 998 1035 eraut
1030 984 1393 1035 extraordina-

321 1065 415 1114 ria
437 1063 842 1127 pensitationes,
859 1071 915 1110 et
931 1062 1259 1125 collationes,
1273 1076 1391 1127 quae

319 1153 464 1202 sepe
488 1153 557 1188 ex
591 1138 875 1200 improviso
904 1137 1316 1201 imperabantur,
1335 1143 1393 1188 et

319 1214 710 1266 indicebantur.
743 1212 1122 1264 Iudicabuntur
1140 1228 1266 1263 vero
1283 1214 1393 1277 ple·

318 1307 540 1358 nmque
560 1292 726 1343 lustro
743 1305 967 1355 quoqne,
985 1305 1187 1352 aurum,
1211 1305 1394 1354 argen-

323 1376 455 1428 tum,
478 1368 812 1430 ferrum,&c.
866 1366 1188 1418 conferatur
1212 1376 1266 1417 et
1285 1368 1393 1417 Bu·

320 1446 565 1508 hogerus
593 1443 661 1492 de
685 1443 1045 1508 Vectigalibus
1068 1445 1263 1508 Populi
1289 1444 1394 1495 Ro-

323 1521 480 1571 mani.
516 1519 763 1569 Schmun-2.

339 1624 342 1625 ν
387 1594 721 1660 Euitfiseus]
757 1594 803 1643 1.
828 1609 874 1644 e.
895 1608 1080 1645 revera
1100 1601 1155 1645 et
1170 1609 1394 1658 praesen·

323 1672 367 1724 ti
389 1673 620 1736 pecunia
642 1672 769 1720 emit
789 1670 964 1728 fiscus,
997 1685 1097 1723 nec
1120 1674 1281 1736 rapit,
1304 1680 1395 1723 aut

321 1748 375 1799 vi
419 1747 677 1798 fnudeve
726 1746 922 1810 aufert,
969 1749 1396 1812 provincialibus,

323 1822 577 1889 quidquid
613 1822 897 1887 profitetur
931 1838 988 1872 se
1024 1837 1199 1873 emere
1235 1825 1390 1876 velle.

323 1900 559 1951 Verbum
589 1906 605 1929 ⁶
627 1899 866 1951 videtur'
897 1900 995 1951 hoc
1022 1901 1138 1949 loco
1162 1915 1264 1951 nou
1298 1901 1394 1950 ali-

326 1976 451 2043 quid
477 1976 736 2026 incertum
759 1986 851 2026 aut
876 1976 1234 2040 imaginarium
1260 1977 1392 2027 indi-

327 2061 437 2111 cat,
458 2052 556 2101 sed
581 2052 720 2100 idem
753 2060 924 2114 notet,
947 2054 1086 2117 quod
1102 2056 1218 2117 quis
1250 2052 1394 2118 dise·

326 2132 396 2180 rit
415 2146 430 2176 z
469 2130 614 2181 Emit
634 2129 791 2179 fiscus
808 2129 1058 2195 quidquid
1077 2130 1397 2193 conspicitur

322 2207 436 2257 sire
471 2208 709 2257 cernitur
751 2220 944 2264 emere,
995 2211 1104 2271 aut,
1143 2201 1394 2272 quidquid

324 2285 510 2335 rident
532 2284 760 2333 homines
775 2299 891 2333 enm
915 2298 1106 2334 emere.
1143 2286 1212 2334 Ut
1232 2284 1390 2334 Ovid-

321 2361 489 2411 Trist.
516 2374 580 2410 ιι.
599 2364 720 2412 628.
742 2362 811 2412 de
827 2361 1039 2412 Venere
1066 2376 1080 2411 z
1117 2360 1132 2389 ‘
1151 2361 1217 2409 Et
1242 2361 1394 2409 modo

321 2438 577 2489 maternis
623 2443 763 2488 tecta
801 2437 1008 2488 videtur
1042 2434 1223 2504 aquis!
1304 2437 1394 2488 Sic

324 2523 383 2565 et
413 2514 535 2578 ipse
575 2514 775 2564 Plinius
814 2523 994 2564 noster
1029 2529 1076 2564 e.
1100 2526 1308 2564 xxxin.
1346 2518 1393 2563 l.

319 2592 586 2657 loquitur:
621 2591 639 2620 ⁸
657 2592 837 2640 Visum
876 2598 955 2640 est
977 2589 1395 2654 spectaculum;’

321 2671 362 2720 i.
386 2683 436 2717 e.
464 2667 689 2717 vidimus
708 2669 1086 2732 spectaculum.
1155 2667 1259 2715 Sed
1285 2681 1396 2715 ver-

323 2745 393 2796 bo
427 2744 530 2794 hoe
552 2758 697 2806 soepe
717 2745 877 2793 etiam
899 2745 1087 2795 Cicero
1109 2751 1165 2793 et
1190 2749 1396 2793 veteres

321 2821 717 2878 juriacum-tu,
754 2819 822 2868 de
859 2819 1011 2869 rebus
1043 2820 1201 2869 etiam
1237 2819 1397 2869 certis

324 2898 734 2962 coopertisque,
757 2897 832 2945 uti
855 2904 1248 2946 consueverunt.
1298 2897 1396 2945 Re·

323 2983 505 3025 movet
529 2973 707 3038 potius
742 2961 882 3029 hinc,
906 2981 961 3022 et
995 2979 1155 3034 negat
1178 2971 1398 3028 Plinius,

323 3065 532 3103 omnem
556 3050 909 3113 imaginariam
932 3049 1229 3099 emtionem.
1276 3049 1397 3099 Nou

323 3141 455 3191 ergo
491 3140 626 3189 opus
658 3135 762 3189 est,
805 3134 863 3174 ut
898 3139 994 3189 pro
1028 3125 1219 3174 videtur
1244 3139 1397 3177 ‚assu-

322 3219 531 3255 mamus
554 3204 771 3253 verbum
798 3202 1002 3262 ‚iubetur
1023 3218 1045 3261 ,-
1076 3201 1213 3266 quod
1255 3201 1396 3250 Livi-

324 3282 479 3332 neius
523 3295 554 3330 e
592 3280 899 3343 conjectura
939 3279 991 3328 iu
1029 3293 1122 3327 ora
1154 3277 1398 3327 editionis

324 3372 436 3408 aum
481 3365 765 3422 posuerat:
823 3371 1131 3423 quamquam
1169 3355 1395 3418 alioquin

322 3434 430 3484 boc
474 3433 687 3482 verbum
725 3448 758 3482 a
791 3433 1054 3483 sententia
1091 3431 1251 3480 Plinii
1297 3445 1397 3480 uon

326 3511 558 3560 alienum
597 3508 755 3567 foret,
794 3510 840 3559 si
880 3510 955 3558 ita
995 3508 1394 3571 interpreteris:

328 3585 535 3641 Fiscus,
568 3586 679 3633 sive
718 3593 1100 3649 procuratores,
1122 3598 1306 3633 revera
1342 3598 1397 3633 e-

326 3668 481 3715 munt
504 3660 757 3726 quidquid
769 3661 1028 3724 jubentur
1048 3675 1239 3712 emere.
1285 3661 1399 3710 Sci-

327 3739 459 3789 licet
483 3738 539 3786 in
562 3739 814 3800 augustiis
834 3746 1143 3801 temporum,
1160 3751 1400 3787 annonae·

327 3831 433 3883 que
446 3813 785 3879 difficultate,
799 3830 830 3865 a
843 3816 985 3865 bonis
1002 3814 1402 3879 imperatoribus

329 3899 604 3944 curatores
627 3891 740 3941 fisci
756 3891 1099 3956 jubebantur,
1121 3893 1260 3942 ultra
1283 3906 1403 3954 por·

329 3970 531 4020 tionem
566 3967 817 4018 frumenti
841 3969 1119 4032 quotannis
1154 3968 1403 4025 debitam,

330 4055 388 4096 et
411 4060 440 4093 a
464 4044 873 4108 provincialibus
896 4045 1036 4107 exigi
1071 4045 1291 4106 solitam,
1313 4044 1402 4093 ali·

333 4131 418 4172 am
475 4128 738 4185 preterea
808 4122 1098 4185 portionem
1153 4120 1403 4172 frumenti

333 4201 613 4263 imperare,
629 4200 705 4248 ita
729 4206 925 4262 tamen,
948 4206 1004 4246 ιιι
1027 4198 1125 4248 hoc
1140 4211 1281 4260 casu,
1306 4213 1403 4262 pro

333 4273 763 4326 extraordinaria
788 4273 1045 4338 portione,
1070 4273 1403 4337 provinciali·

2399 369 2535 435 589

1464 525 1561 575 bus
1577 541 1641 576 ex
1666 526 1791 578 fisco
1805 528 2097 579 solveretur
2114 528 2351 592 pecunia.
2373 529 2530 581 Quod

1462 603 1480 633 ‘
1514 602 1833 653 frumentum
1870 605 1884 627 ⁹
1924 606 2207 656 vocabatur
2250 606 2265 634 ‘
2297 606 2529 657 emtum.’

1466 680 1586 732 Jam
1612 689 1787 731 autem
1810 683 1953 731 avari
1976 681 2241 746 principes
2255 683 2532 746 promitte·

1467 757 1596 807 bant
1619 759 1825 823 quidem
1851 759 2155 823 identidem,
2190 759 2281 809 sed
2306 773 2408 809 nou
2432 761 2532 810 sol·

1467 835 1681 898 rebant,
1701 838 2015 899 pecuniam,
2048 844 2139 886 aut
2163 835 2404 900 praefecti
2430 838 2531 887 eti·

1466 925 1550 960 am
1593 911 1870 977 aliquando
1917 920 2021 962 tam
2057 914 2205 963 malis
2249 913 2532 964 utebantur

1469 985 1691 1048 artibus,
1715 993 1772 1036 ut
1793 994 1886 1039 sut
1908 989 2063 1051 plane
2078 989 2288 1050 nullam,
2303 996 2393 1039 eut
2408 1003 2530 1051 per-

1467 1065 1729 1126 exiguam,
1751 1065 2016 1114 solverent
2041 1067 2333 1128 pecuniam.
2405 1067 2531 1117 Qui-

1469 1137 1564 1189 bus
1591 1139 1809 1198 artibus,
1836 1155 1930 1204 pro
1952 1155 2045 1190 sua
2068 1141 2420 1205 providentia,
2443 1143 2532 1192 ob·

1468 1214 1602 1264 viam
1626 1216 1719 1264 ivit
1740 1217 2009 1279 Trajanus.
2044 1216 2225 1266 Codex
2249 1217 2531 1269 Vaticanus

1467 1296 1616 1342 8461.
1640 1292 1799 1343 habet
1822 1294 2133 1359 Sina-fiscus.
2160 1295 2377 1358 quicquid
2405 1296 2533 1346 vids-

1468 1374 1751 1429 summere.
1807 1368 1988 1419 Codex
2020 1370 2439 1434 Guelphicus,et
2460 1374 2532 1423 al·

1471 1453 1556 1493 ter
1591 1444 1725 1493 liber
1750 1445 1932 1505 Gudii,
1956 1446 2090 1495 Sinit
2108 1447 2283 1512 fiscus,
2311 1450 2534 1512 quicquid

1468 1520 1631 1569 cidere
1654 1534 1826 1570 emere.
1895 1520 2048 1570 Unde
2062 1521 2174 1584 jam
2199 1524 2417 1573 antehac
2441 1539 2532 1574 ex·

1469 1597 1695 1647 istimavi
1732 1598 1837 1661 legi
1874 1612 2023 1661 posse
2055 1598 2370 1663 Sinitfiscus,
2395 1601 2533 1664 quid·

1466 1673 1582 1736 qaid
1607 1674 1801 1723 videtur
1825 1690 1850 1724 e
1871 1690 1944 1738 re,
1964 1690 2134 1725 emere.
2201 1678 2333 1729 Qum
2371 1678 2533 1730 lectio

1468 1749 1535 1798 ad
1565 1750 1780 1800 eandem
1829 1750 1941 1801 fere
1964 1755 2276 1803 senteutiam
2306 1755 2531 1818 recidit;

1467 1826 1567 1875 uisi
1586 1826 1724 1891 quod
1740 1827 1878 1877 aliud
1897 1843 2059 1891 genus
2084 1826 2280 1878 fraudis
2298 1837 2530 1895 notetur,

1467 1917 1573 1968 quo
1598 1904 1677 1953 usi
1699 1911 1818 1954 sunt
1851 1907 1973 1955 mali
2010 1907 2292 1970 principes,
2320 1918 2410 1957 aut
2445 1924 2533 1958 eo-

1470 1993 1579 2029 rum
1610 1980 1925 2041 administri,
1948 1982 2010 2031 ad
2044 1987 2314 2046 pecuniam
2349 2001 2379 2035 a
2413 2000 2530 2048 pro·

1471 2056 1773 2107 vincialibus
1791 2059 2135 2123 qualicunque
2150 2062 2367 2111 honesto
2383 2063 2535 2112 emti·

1468 2133 1580 2181 onis
1597 2133 1909 2183 venditionis
1930 2136 2080 2185 titulo
2103 2139 2532 2200 extorquendam.

1469 2208 1687 2259 Scilicet
1722 2209 1797 2258 illi
1832 2213 1973 2270 mali,
2011 2212 2075 2260 ad
2109 2212 2531 2276 locupletandum

1468 2284 1669 2347 fiscum,
1691 2295 1779 2334 aut
1797 2287 2055 2348 privatum
2083 2288 2424 2344 commodum,
2439 2290 2530 2338 ali·

1471 2363 1677 2426 quando
1693 2376 1759 2411 ex
1771 2363 1969 2411 horreis
1983 2364 2202 2426 publicis
2216 2363 2531 2414 frumentum

1468 2437 1787 2503 superfluum
1824 2439 2174 2492 obtrudebant
2208 2441 2539 2506 provinciali·

1468 2515 1566 2565 bus
1577 2517 1768 2573 invitis,
1782 2515 2017 2578 definito,
2031 2532 2195 2583 eoque
2207 2534 2409 2582 magno,
2424 2535 2539 2583 pre·

1469 2594 1563 2656 tio,
1577 2594 1849 2643 emendum
1870 2610 1882 2644 :
1907 2596 2192 2658 cujusmodi
2207 2595 2390 2646 fraude
2407 2605 2536 2648 tem-

1470 2684 1597 2733 pora
1609 2671 1820 2734 Trajani
1847 2686 1946 2720 non
1973 2680 2118 2721 erant
2142 2675 2535 2741 commaculata,

1470 2760 1588 2799 cum
1619 2755 1740 2797 tunc
1757 2746 1911 2797 fiscus
1941 2747 2135 2798 sineret
2170 2749 2354 2809 libere,
2379 2759 2434 2799 et
2467 2763 2534 2800 ex

1471 2822 1634 2873 libera
1658 2825 2022 2885 conventione,
2050 2838 2224 2874 emere
2261 2825 2536 2890 quidquid,

1472 2906 1525 2948 et
1550 2909 1795 2965 quantum
1819 2901 2221 2965 provincialibus
2243 2917 2273 2949 e
2305 2915 2360 2948 re
2390 2902 2536 2952 vide-

1473 2974 1629 3025 batur
1652 2988 1844 3023 emere.
1912 2975 2202 3039 Utramque
2233 2977 2361 3024 lianc
2394 2977 2537 3026 lecti-

1473 3063 1647 3102 onem,
1684 3055 1740 3098 et
1782 3050 2053 3113 utriusque
2105 3050 2534 3114 explicationem,

1460 3124 1769 3189 jamdudum
1810 3125 1860 3173 in
1906 3126 2124 3175 Excurs.
2160 3117 2380 3177 xxx'm.
2417 3142 2539 3190 pro-

1473 3201 1640 3265 posui,
1684 3207 1738 3249 et
1782 3202 2044 3264 optionem
2086 3204 2302 3253 aliorum
2333 3203 2537 3266 judicio

1473 3276 1662 3340 reliqui
1685 3292 1701 3334 5
1731 3277 1846 3339 ipse
1870 3279 2011 3340 enim
2033 3281 2225 3328 nullam
2259 3281 2539 3330 necessita·

1472 3363 1577 3404 tem
1596 3354 1747 3404 video
1763 3357 1984 3417 vulgatae
2000 3358 2241 3407 lectionis
2258 3358 2541 3408 mutaudae.

1471 3431 1577 3480 Sed
1602 3434 1940 3495 posteriorem
1966 3435 2262 3494 lectionem,
2287 3434 2422 3497 quod
2443 3437 2542 3486 mi·

1470 3522 1584 3559 rum
1618 3516 1717 3564 est,
1755 3524 1945 3573 capere
1979 3523 2080 3559 uon
2115 3511 2284 3572 potuit
2321 3509 2543 3561 Arntze-

1473 3585 1612 3634 nius.
1682 3585 1775 3634 Ait
1806 3586 1973 3648 enim,
2015 3584 2213 3633 ‘minus
2251 3583 2404 3649 apte'
2438 3586 2542 3635 dici

1475 3661 1611 3710 Sinis
1630 3660 1803 3728 fiscus,
1825 3661 2052 3725 quidquid
2072 3662 2264 3711 videtur
2279 3674 2305 3710 e
2325 3677 2395 3718 re.
2419 3677 2543 3713 eme·

1474 3753 1546 3789 re.
1613 3740 1768 3790 ‘Non
1794 3738 1968 3802 enim‚’
2008 3739 2193 3802 inquit,
2231 3738 2358 3787 ‘sub
2396 3736 2542 3789 bonis

1478 3814 1801 3878 principibus
1844 3815 2167 3864 extorsiones
2221 3821 2372 3862 erant
2415 3812 2542 3870 illae,

1477 3889 1572 3941 sed
1610 3905 1746 3940 verae
1790 3888 2073 3939 emtiones.'
2151 3890 2303 3949 Quis,
2346 3904 2544 3953 qnaeso,

1478 3982 1693 4032 usquam
1728 3967 1882 4027 dixit,
1913 3965 2011 4015 sub
2040 3966 2290 4028 Trajauo.
2326 3967 2542 4030 aliisque

1479 4044 1626 4093 bonis
1673 4043 2016 4106 principibus,
2061 4040 2334 4105 permissas
2382 4039 2543 4089 fuisse

1477 4119 1837 4169 extorsiones?
1889 4126 1982 4167 aut
2013 4117 2269 4182 quomodo
2300 4116 2425 4164 illud
2462 4129 2543 4164 se-

1478 4195 1659 4259 quitur
1697 4209 1728 4244 e
1761 4195 1984 4244 lectione
2018 4191 2217 4242 codicis
2247 4191 2544 4254 Guelpber-

1477 4271 1702 4336 bytani?
1738 4271 1956 4321 Interim
1992 4270 2044 4321 in
2072 4266 2309 4320 omnibus
2343 4268 2545 4334 paginis
