3060 4902
693 364 759 411 c.
804 360 1043 411 vnum
1092 359 1418 410 saeuum
1469 359 1742 408 rauna.
1817 361 1865 410 1.
1911 346 2021 410 70.

280 521 415 557 mano
442 506 684 569 polliceor
718 522 780 557 ac
810 505 1027 557 defero!
1090 507 1159 556 Et
1187 505 1310 555 alibi

280 584 469 647 passim.
551 583 818 647 Attamen,
863 599 978 633 cum
1028 596 1310 647 pronomen

277 665 485 727 quisquis,
519 673 571 714 et
610 665 860 729 quidquid,
901 664 1056 713 etiam
1098 676 1311 711 numero

278 741 504 803 singulari
549 750 796 792 connotet
845 741 1100 804 quandam
1147 739 1312 787 multi-

280 818 511 875 tudinem,
545 817 605 867 fit
645 817 920 882 aliquando
965 832 1058 881 per
1098 815 1310 880 figuram

278 894 661 956 grammaticam,
682 903 740 943 ut
761 895 808 943 ei
830 895 986 944 etiam
1009 908 1194 942 nomen
1224 900 1314 942 aut

283 970 476 1020 verbum
517 972 727 1033 pluralis
760 971 957 1021 numeri
993 969 1313 1033 subjiciatur.

280 1046 357 1096 Sic
395 1055 446 1096 et
487 1048 684 1097 Plinius
727 1056 902 1096 noster
945 1060 1117 1109 supra.
1156 1058 1316 1095 xun.

278 1127 322 1170 5.
360 1129 373 1151 ·
397 1124 517 1172 Cum
553 1125 766 1188 privatis
802 1122 1138 1172 facultatibus
1173 1124 1313 1173 velut

279 1197 445 1249 hausta
492 1207 545 1250 et
600 1201 880 1263 implicata,
926 1207 1067 1249 retro
1121 1214 1314 1262 secum,

279 1276 504 1341 quidquid
530 1280 833 1342 attigerant,
856 1275 1147 1328 referrent:
1207 1277 1312 1326 Ubi

279 1355 537 1403 secundum
563 1355 873 1403 ordinariam
898 1362 1206 1403 structuram
1238 1353 1313 1402 di·

278 1430 478 1480 cendum
498 1431 681 1481 fuisset
705 1447 928 1496 queque,
955 1431 1064 1481 sive
1098 1445 1312 1494 qua-cun·

278 1519 356 1567 que
375 1508 666 1569 attigerant,
686 1505 961 1556 referrent.
1005 1506 1158 1556 Ovid.
1177 1506 1315 1554 Fast-

277 1594 314 1629 1.
333 1586 435 1633 117.
464 1591 478 1612 ‘
502 1584 762 1649 Quidquid
799 1583 987 1647 ubique
1025 1582 1188 1641 vides,
1211 1596 1310 1631 coe·

277 1657 388 1720 lum,
404 1674 557 1722 mare,
575 1661 766 1724 nubila,
781 1669 969 1709 terras:
998 1659 1184 1709 Omnia
1197 1665 1314 1708 sunt

277 1743 439 1785 nostra
460 1739 634 1786 clausa
658 1744 940 1801 patentque
963 1736 1149 1784 manu.’
1214 1737 1312 1786 Co-

275 1811 365 1860 dex
388 1814 665 1863 Patavinus
689 1829 782 1877 pro
811 1814 921 1862 istis
949 1813 1138 1869 verbis,
1159 1814 1315 1861 omnia

276 1892 318 1935 te
335 1889 463 1946 scire,
485 1890 642 1939 babet
664 1904 818 1940 omnes
838 1889 974 1938 scire.
1033 1889 1315 1953 Sequentia

277 1964 421 2013 verba
442 1967 490 2014 in
510 1967 625 2016 loco
647 1966 983 2024 Pliniano‚ita
1001 1965 1314 2029 transposita

275 2040 562 2092 exhibentur
586 2044 637 2091 in
661 2043 928 2092 codicibus
950 2043 1236 2103 Vaticanis,
1256 2051 1315 2091 ut

275 2130 446 2168 nomen
485 2121 652 2169 Coesar
688 2120 959 2183 adjiciatur
998 2120 1315 2182 praecedenti

274 2195 551 2256 sententiae,
583 2196 758 2244 Omnia
778 2201 825 2244 te
839 2197 981 2250 scire,
1005 2197 1185 2245 Coesar.
1247 2196 1314 2245 U-

274 2271 349 2320 tile
377 2278 423 2321 et
452 2276 662 2324 salutare
696 2273 993 2338 presidibus,
1028 2277 1108 2337 ᾷσ.
1195 2274 1313 2322 Non

275 2348 412 2406 male,
439 2350 481 2400 si
512 2351 636 2416 quid
659 2351 898 2415 judicare
931 2366 1164 2413 possum;
1198 2365 1314 2400 cum

272 2425 318 2474 in
341 2428 502 2478 verbis
528 2430 761 2494 proxime
783 2430 1117 2494 sequentibus
1142 2437 1316 2479 orator

273 2515 364 2551 non
388 2507 590 2569 proprie
615 2508 842 2571 appellet
866 2507 1156 2557 Caessrem:
1192 2506 1315 2556 nibil

274 2586 433 2631 tamen
466 2592 650 2632 contra
685 2597 987 2632 consensum
1020 2590 1314 2632 ceterorum

272 2653 505 2708 librorum
530 2661 774 2709 innovare
796 2659 977 2709 audeo.
1011 2661 1250 2711 Schmun.

332 2734 622 2786 Presidibus
639 2737 1011 2802 provinciarum]
1035 2738 1213 2788 Malim
1233 2738 1315 2788 hic

270 2807 449 2874 legere,
481 2815 617 2863 Utile
643 2819 732 2874 est,
761 2820 809 2863 et
837 2816 1060 2874 salutare,
1090 2816 1317 2878 proesides

266 2886 601 2944 provinciarum
621 2889 741 2939 Ιιιιιο
760 2889 1186 2955 habereflduciam,
1210 2901 1314 2940 ete·

269 2962 365 3011 nim
388 2978 487 3013 non
512 2967 638 3015 solis
660 2968 984 3030 presidibus.
1009 2969 1097 3017 sed
1122 2977 1177 3017 et
1201 2983 1316 3031 pro-

271 3042 582 3103 vincialibus,
616 3054 773 3111 atque
808 3047 860 3095 in
898 3046 1183 3095 universum
1220 3046 1318 3094 rei·

271 3117 502 3183 publicae,
550 3123 679 3173 utile
728 3131 858 3185 erat,
901 3123 1148 3187 praesides
1193 3123 1318 3171 istos

270 3205 372 3243 rem
410 3196 544 3247 bene
578 3213 778 3262 gerere.
855 3199 958 3248 Sed
997 3201 1113 3249 buic
1152 3208 1318 3249 muta·

272 3271 392 3320 tioni
422 3275 547 3325 nulli
582 3276 830 3325 addicunt
871 3275 1007 3326 libri.
1079 3276 1206 3324 Post
1242 3290 1320 3323 se-

268 3356 505 3409 quentem
555 3365 677 3401 vero
719 3366 917 3408 vocem.
953 3352 1217 3411 sanctitati,
1256 3365 1319 3400 ex

266 3423 524 3476 codicibus
581 3428 866 3490 Vaticanis,
912 3428 1116 3477 Veneto
1158 3432 1205 3475 2.
1263 3436 1319 3476 et

268 3497 743 3568 Guelpberbytano‚
767 3503 961 3554 adscivi
993 3505 1229 3566 copulam
1251 3509 1319 3558 et,

266 3589 377 3638 quae
413 3580 550 3629 male
584 3581 733 3630 abest
762 3581 906 3630 libris
945 3582 1188 3645 vulgatis3
1225 3596 1320 3631 nec

266 3659 529 3705 commode
554 3656 812 3708 ἀσύνθετον
833 3660 917 3708 bic
951 3660 1115 3709 locum
1150 3659 1322 3707 babet.

265 3727 456 3781 Nescio
493 3734 670 3798 etiam,
706 3733 826 3799 quid
866 3733 962 3783 sibi
1001 3734 1225 3784 voluerit
1262 3736 1320 3783 li-

263 3805 462 3858 brarius
497 3811 692 3861 codicis
716 3813 902 3861 Veneti
927 3816 971 3861 1.
994 3813 1080 3877 qui
1107 3813 1319 3863 exbibet

261 3886 511 3935 metitati
550 3893 664 3951 ενα,
707 3889 961 3938 indutu-ia
999 3905 1115 3940 suc.
1203 3890 1318 3941 Nec

261 3962 422 4024 pluris
467 3963 624 4022 facio,
658 3966 794 4030 quod
842 3981 935 4028 pro
976 3967 1320 4016 antecedente

262 4052 405 4096 voce.
436 4046 680 4103 paratum,
712 4045 763 4092 in
798 4041 930 4092 libro
960 4045 1212 4093 Vossiano
1237 4060 1320 4106 pa·

258 4121 384 4179 rata,
410 4126 469 4167 et
501 4118 555 4168 in
587 4120 889 4183 quibusdam
920 4120 1140 4185 antiquis
1170 4120 1322 4170 editi·

260 4193 467 4251 onibus,
507 4197 776 4259 mendose,
810 4202 1060 4260 pantanu
1111 4213 1204 4262 pro
1241 4213 1321 4248 se·

258 4280 454 4337 quante
478 4288 602 4324 vero
631 4275 889 4340 adjectivo
910 4276 1185 4337 matianum,
1214 4292 1321 4341 per-

384 4352 571 4420 Detph.
590 4361 636 4407 et
660 4356 774 4407 Var-
797 4358 923 4408 Clas.

1214 4358 1398 4419 Paneg.
1427 4356 1534 4405 Vet.

2305 346 2436 414 913

1383 505 1639 554 maiman
1663 503 1870 569 legitur.
1906 506 2057 555 Idem.

1456 582 1721 631 Sanctitati
1763 586 1811 630 et
1851 582 2123 646 industria]
2176 584 2438 635 Sanctitoeti

1383 658 1652 707 industrie.
1718 658 1895 722 Forte,
1919 660 2181 710 Sanctitati
2202 667 2249 710 et
2273 663 2438 712 indus-

1384 735 1508 784 triae.
1543 737 1713 786 Livin.

1447 813 1693 862 Judicina·
1717 812 1966 877 principis]
2000 813 2236 864 Indicium
2260 815 2439 878 princi·

1379 889 1459 952 pis
1480 890 1545 937 V.
1569 891 1628 939 C.
1663 890 1825 939 Licin.

1449 967 1698 1016 Juaicium
1721 966 1972 1030 principis]
2005 968 2051 1017 1.
2081 982 2129 1017 e.
2163 968 2441 1020 honorifica

1384 1044 1560 1106 opinio
1591 1044 1859 1105 principis,
1882 1044 2001 1093 dnm
2032 1046 2271 1110 princeps
2296 1047 2438 1111 judi-

1386 1131 1472 1169 cat
1494 1121 1714 1185 aliquem
1738 1121 1947 1184 dignum
1971 1136 2085 1171 esse
2101 1124 2310 1172 bonore.
2353 1123 2445 1172 Sic

1389 1197 1585 1246 Plinius
1610 1213 1782 1259 supra,
1808 1211 1962 1247 thx.
1986 1203 2034 1247 8.
2058 1200 2074 1226 ⁸
2095 1208 2199 1247 tum
2223 1200 2309 1248 illo
2327 1201 2441 1263 ipso

1387 1282 1637 1337 tempore,
1662 1291 1762 1341 quo
1783 1276 1988 1340 judicas
2018 1277 2084 1327 de
2113 1277 2443 1328 candidatis!

1386 1351 1571 1412 Immo,
1592 1352 1663 1400 sic
1682 1352 1920 1411 judicium
1948 1368 2049 1401 non
2074 1368 2188 1402 raro
2214 1369 2304 1417 pro
2326 1354 2441 1418 ipso

1386 1428 1578 1477 bonore
1616 1430 1744 1476 sumi
1786 1429 2004 1477 videtur.
2069 1430 2179 1478 Cic.
2213 1431 2350 1481 Fam.
2385 1444 2441 1482 x.

1390 1509 1435 1553 l.
1465 1505 1480 1531 ‘
1499 1505 1574 1553 Te
1598 1506 1692 1555 lioc
1712 1505 2007 1555 existimare
2030 1508 2166 1569 volo,
2189 1507 2442 1571 quidquid

1388 1581 1438 1629 in
1477 1596 1594 1629 eum
1621 1582 1808 1644 judicii
1846 1580 2105 1646 officiique
2144 1584 2441 1646 contuleris,

1386 1657 1438 1706 id
1462 1658 1535 1707 ita
1558 1672 1637 1706 me
1663 1658 1916 1719 accipere,
1940 1667 1993 1706 ut
2014 1658 2066 1707 in
2091 1672 2171 1707 me
2192 1658 2358 1722 ipsum
2388 1667 2447 1709 te

1388 1742 1563 1796 putem
1599 1732 1907 1783 contulisse!
1975 1733 2120 1783 ldem
2156 1734 2281 1782 ibid.
2314 1748 2447 1785 xm.

1386 1817 1468 1862 46.
1502 1816 1516 1840 ⁶
1543 1812 1815 1861 Hominem
1853 1811 2068 1874 probum
2101 1811 2444 1874 existimares,

1388 1888 1475 1951 qui
1522 1889 1725 1952 patroni
1766 1887 1969 1951 judicio
2022 1895 2227 1937 ornatus
2270 1888 2446 1938 esset!

1389 1965 1529 2013 Plin.
1565 1965 1734 2026 Epist.
1766 1978 1821 2012 x.
1852 1968 1899 2013 8.
1934 1964 1949 1992 ⁸
1976 1965 2105 2013 Cnm
2144 1965 2318 2028 sciam,
2355 1965 2443 2015 do-

1387 2042 1544 2100 mine,
1563 2041 1624 2088 ad
1647 2041 1994 2090 testimonium
2015 2042 2323 2106 laudemque
2342 2059 2446 2093 mo·

1391 2132 1500 2166 rum
1517 2132 1741 2166 meorum
1763 2119 2041 2181 pertinere,
2055 2126 2155 2167 tam
2172 2119 2292 2169 boni
2311 2122 2445 2181 prin·

1390 2196 1519 2258 cipis
1547 2194 1747 2259 judicio
1783 2197 2052 2256 exornari;
2098 2210 2243 2259 rogo,
2278 2197 2446 2259 digni·

1393 2274 1509 2328 tati,
1545 2272 1608 2320 ad
1650 2287 1802 2336 quam
1845 2275 2082 2336 provexit
2124 2273 2446 2335 indulgentia

1391 2359 1499 2412 tua,
1535 2357 1841 2412 auguratum
1872 2382 1886 2397 .
1918 2383 1931 2398 .
1958 2384 1970 2398 .
2006 2350 2231 2412 adjicere
2270 2350 2443 2412 digne·

1391 2427 1496 2478 ris?
1556 2428 1633 2476 Ad
1658 2442 1805 2492 quem
1833 2428 1997 2477 locum
2017 2428 2136 2477 vide
2155 2435 2301 2477 notas
2321 2428 2448 2478 Cor-

1392 2504 1466 2554 tii.
1546 2506 1755 2554 Summa
1793 2520 1915 2555 vero
1953 2506 2062 2555 laus
2098 2514 2212 2555 erat
2249 2508 2360 2565 viri,
2395 2507 2450 2556 in

1391 2597 1492 2645 quo
1514 2581 1713 2644 judicia
1738 2583 1985 2646 principis
2008 2591 2061 2632 et
2084 2584 2313 2633 civitatis
2329 2598 2452 2632 con-

1392 2659 1688 2708 veniebant.
1753 2660 1887 2710 ven.
1918 2675 1978 2710 ιι.
2014 2664 2125 2709 128.
2158 2659 2222 2709 de
2257 2659 2453 2723 Sejano

1393 2734 1557 2784 AElio:
1591 2738 1607 2764 ‘
1635 2737 1698 2785 In
1731 2736 1914 2800 hujus‚’
1944 2737 2130 2802 inquit,
2161 2738 2176 2766 ⁸
2201 2736 2449 2786 virtutum

1391 2814 1735 2863 aestimatione
1758 2815 1865 2878 jam
1893 2813 2304 2877 pridemjudicia
2326 2814 2452 2863 civi·

1389 2891 1513 2938 tatis
1548 2906 1662 2940 cnm
1687 2891 1901 2953 judiciis
1936 2892 2180 2954 principis
2212 2890 2454 2940 certant.'

1392 2967 1646 3030 Equidem
1671 2968 1722 3015 in
1747 2968 1858 3015 loco
1881 2974 2057 3015 nostro
2089 2966 2248 3014 Plinii
2285 2969 2453 3015 codex

1392 3043 1635 3103 Livineii,
1655 3058 1747 3105 pro
1772 3057 1893 3090 voce
1904 3042 2155 3102 judicium,
2172 3041 2350 3090 habuit
2370 3043 2450 3089 in·

1389 3120 1594 3177 dicium,·
1628 3133 1741 3183 quae
1762 3118 1986 3166 varietas
2005 3118 2159 3166 etiam
2184 3118 2233 3164 in
2253 3118 2451 3181 aliquot

1392 3197 1615 3260 antiquis
1638 3194 1950 3244 editionibus
1978 3196 2234 3256 occurrit3
2270 3209 2449 3244 verum

1392 3275 1651 3336 vulgatam
1684 3273 1956 3321 lectionem
1982 3272 2090 3334 jam
2123 3272 2255 3320 bene
2281 3280 2451 3322 recte·

1393 3364 1493 3414 que
1509 3349 1822 3397 Arntzenius
1843 3351 2063 3398 asseruit
2081 3348 2267 3397 Plinio.
2306 3349 2448 3400 Quid

1394 3441 1516 3476 vcro
1543 3426 1748 3490 pronius
1770 3425 1883 3475 fieri
1907 3426 2094 3490 potuit,
2119 3441 2267 3490 quum
2294 3436 2348 3476 ut
2372 3427 2457 3476 hie

1394 3519 1564 3561 voces,
1586 3503 1810 3553 iudicium
1839 3512 1895 3554 et
1929 3504 2172 3565 indicium,
2193 3503 2370 3554 iudices
2398 3513 2454 3553 et

1391 3583 1586 3646 indices,
1610 3599 1638 3630 a
1664 3582 1882 3631 librariis
1908 3582 2101 3646 pariter
2123 3588 2278 3645 atque
2304 3590 2451 3645 typo-

1393 3660 1602 3724 graphis
1639 3658 2117 3710 confunderentur?
2182 3661 2449 3725 cujusmo-

1394 3738 1446 3786 di
1480 3739 1719 3801 exempla
1753 3739 1995 3802 colligere
2019 3739 2151 3787 velle
2176 3754 2265 3788 nos
2289 3739 2451 3802 piget.

1393 3814 1677 3877 Perperam
1703 3829 1824 3864 vero
1846 3820 2119 3879 sequentes
2141 3814 2256 3862 duae
2282 3827 2457 3870 voces,

1390 3891 1679 3955 suffragium
1688 3892 1935 3954 principis,
1948 3893 1997 3939 in
2014 3905 2127 3940 meo
2141 3889 2318 3939 codice
2333 3898 2452 3937 sunt

1394 3970 1613 4018 omissae.
1647 3967 1887 4016 Selinous-z.

1456 4044 1781 4108 suffragium]
1818 4043 1898 4092 Ad
1924 4043 2154 4092 honores.
2185 4041 2317 4106 Lips.

1461 4120 1733 4179 Quamlibet
1767 4118 1974 4181 sincera]
2008 4117 2144 4167 vide
2178 4132 2352 4181 supra,
2384 4117 2455 4167 ad·

1395 4211 1511 4247 10¹1.
1533 4202 1583 4246 2.
1613 4197 1850 4245 Schmun.

1461 4276 1574 4324 Εἰσὶ
1588 4289 1679 4324 non
1695 4271 2020 4335 detorquebat]
2044 4272 2145 4321 Pro
2160 4272 2252 4321 etsi
2270 4272 2319 4321 in
2336 4287 2457 4323 meo

2198 4355 2319 4403 aM
