3060 4902
1890 350 1938 402 t.
1987 333 2096 400 36.

300 532 403 582 nal.
426 541 550 582 xvr.
582 527 665 575 1⁷.
700 522 783 571 ita
803 515 1041 568 laudatur
1063 528 1129 562 ex
1152 510 1371 561 adverso
1449 503 1649 567 apices,
1671 505 1724 548 et
1741 495 1940 562 judica.
2013 491 2325 543 Doctissimo
2361 491 2517 543 Justo

302 608 575 672 Trajanum
602 599 762 667 quod,
800 602 939 647 teste
964 588 1213 652 Eutropio
1242 597 1372 635 vttt.
1451 581 1629 645 Lipsio
1665 575 1905 642 placebat
1942 572 2149 633 excogit.
2179 585 2294 620 cura
2333 575 2415 618 tua
2446 574 2516 617 est

750 377 821 423 c.
866 368 1107 421 mnu
1157 358 1483 415 suenum
1536 354 1811 405 PANEG.
2385 331 2515 396 647

301 692 351 735 4.
382 689 397 714 ‘
417 683 550 734 nibil
583 679 832 744 injustum
861 672 926 721 ad
960 667 1250 732 augendum
1288 662 1373 711 tis-
1442 674 1554 723 par,
1574 660 1657 717 dyc.
1683 653 1848 702 Livin.

305 777 424 813 curn
470 758 643 822 egerit
664 753 699 814 ;'
734 763 791 802 et
839 747 974 814 quod
1013 750 1374 809 procuratores

305 846 619 900 actoresque
665 845 785 880 suos
832 823 1098 885 redegerit
1138 821 1190 867 in
1238 817 1372 865 ordi-

304 931 442 972 nem,
468 923 666 972 eosque
689 914 839 957 certo
863 899 1139 963 subjecerit
1159 896 1375 962 judicio.

307 996 388 1044 Ex
411 992 565 1055 hujus
583 983 792 1049 Trajsni
817 981 1055 1029 instituto
1087 975 1239 1022 etiam
1269 973 1374 1019 Ha-

308 1070 542 1121 ‹tn-tanus,
580 1076 717 1123 cum,
753 1054 1030 1120 superstite
1066 1050 1233 1100 adhuc
1253 1050 1376 1095 Tra·

304 1148 457 1210 jauo,
487 1142 725 1204 ‘legatus
762 1131 1033 1198 praetorius
1075 1130 1124 1176 in
1166 1128 1375 1175 Panno-

310 1225 449 1272 niam
473 1216 768 1269 inferiorem
800 1212 982 1258 missus
1003 1212 1159 1266 esset,
1195 1217 1377 1267 procu·

311 1309 512 1364 ratores
534 1293 690 1344 latius
706 1295 987 1352 evagantes
1007 1280 1274 1341 coercuitss
1302 1294 1377 1328 re-

312 1377 519 1428 ferente
552 1369 837 1434 spartiano
877 1366 926 1412 in
959 1362 1083 1411 Vita
1124 1357 1378 1408 Hadriani

315 1469 363 1504 c.
405 1457 457 1501 3.
523 1449 716 1498 Mirum
760 1455 886 1505 ergo
923 1446 1019 1494 est,
1060 1435 1197 1499 quod
1241 1432 1378 1494 apud

318 1531 590 1579 Victorem
618 1525 667 1572 in
691 1520 834 1584 Epit.
861 1532 909 1565 c.
934 1519 1016 1565 42.
1039 1515 1089 1563 in
1115 1513 1220 1562 vita
1246 1510 1378 1559 Con-

317 1605 498 1658 stantii
539 1602 756 1664 legimus
785 1613 799 1645 ς
839 1602 854 1623 ‘
877 1591 1128 1654 Pompeia
1153 1589 1381 1649 Plotina,

319 1680 626 1733 incredibile
649 1676 795 1726 dictu
819 1679 919 1729 est,
955 1675 1148 1733 quanto
1180 1665 1380 1713 auxerit

319 1762 536 1826 glorium
558 1753 807 1818 Trajani:
842 1749 987 1814 cujtts
1019 1753 1382 1809 procuratores

321 1853 437 1889 eum
469 1831 761 1899 provincias
802 1824 1069 1875 calumniis
1101 1821 1384 1885 agitarent,

319 1916 409 1965 itta
430 1912 703 1975 conjugem
729 1902 1000 1967 corripuit,
1036 1906 1191 1963 atque
1218 1885 1383 1945 iucre‘·

322 1990 490 2056 pavit,
520 1985 659 2051 quod
692 1980 860 2032 laudis
893 1985 1034 2027 esset
1064 1971 1387 2023 incuriosus.'

325 2069 574 2118 Schmun-z.

389 2145 452 2193 Ῑιι
479 2143 567 2204 jur
586 2136 722 2201 vetti]
745 2132 1013 2188 Solennia,
1036 2128 1221 2195 quibus
1253 2126 1386 2189 juris

323 2217 632 2286 experiundi
658 2213 829 2277 gratia
852 2209 917 2258 ad
954 2216 1230 2271 praetorem
1271 2217 1389 2251 evo·

327 2312 446 2348 care
469 2296 589 2343 olim
617 2287 941 2340 adversarios
961 2282 1219 2339 solebant,
1244 2285 1391 2326 eraut

326 2370 655 2438 hujusmodi:
679 2368 699 2398 ‘-
716 2365 869 2428 injus
888 2358 1098 2416 eamus,’
1117 2356 1295 2418 ‘injus
1313 2367 1392 2401 ve·

329 2450 418 2513 ni,’
445 2453 460 2477 ⁶
479 2461 695 2513 sequere
712 2444 774 2493 nd
796 2435 1059 2496 tribuual‚’
1079 2437 1093 2463 ‘
1118 2434 1268 2498 injus
1288 2447 1392 2481 am·

330 2529 484 2580 bula.’
541 2526 715 2574 Ptaut.
739 2519 944 2570 Poenul.
968 2530 1020 2564 v.
1041 2519 1088 2563 4.
1113 2513 1310 2561 Seneca
1335 2512 1386 2559 iu

330 2601 747 2671 Apocotocynm.
769 2594 998 2646 Martial.
1021 2593 1056 2640 l.
1082 2602 1143 2637 tt.
1166 2588 1317 2636 Bern.

397 2680 744 2741 Excogitatum
757 2668 1046 2737 principatui
1067 2665 1175 2727 est]
1203 2665 1259 2712 [u
1288 2673 1398 2711 tex·

333 2769 389 2812 tu
426 2757 668 2811 Livineii‚
707 2749 1027 2810 excogitatum
1060 2743 1273 2791 cruciatu
1308 2745 1397 2790 est.

333 2836 623 2888 mendosus
646 2832 808 2886 locus,
829 2832 883 2873 et
909 2823 1058 2886 plane
1085 2817 1307 2876 crucius,
1344 2825 1400 2864 ut

331 2929 447 2964 cum
475 2907 678 2961 Lucilio
713 2904 906 2952 dicum.
967 2897 1030 2945 Iu
1054 2896 1120 2942 V.
1162 2894 1228 2940 R.
1263 2893 1398 2939 clare

330 2990 524 3053 tegitur
561 2978 799 3033 cruciatui
829 2980 921 3037 est,
951 2973 1001 3022 in
1030 2974 1089 3020 C.
1113 2967 1326 3019 cruciatu
1359 2984 1400 3016 e.

333 3065 567 3128 Reliqua
582 3058 859 3114 editiones,
885 3065 1009 3114 quas
1028 3047 1235 3112 quidem
1255 3043 1399 3092 vide-

333 3145 451 3204 rim,
476 3153 593 3191 curn
618 3136 822 3184 Veneta
846 3138 1023 3178 nostra
1051 3123 1399 3174 consentiunt.

335 3219 480 3274 Quid
509 3217 724 3280 egimus,
742 3204 943 3259 lector?
982 3204 1228 3253 Rsinuum
1255 3199 1396 3247 audi·

332 3313 465 3360 mus,
487 3293 665 3362 (cujus
690 3295 773 3340 est
794 3286 845 3334 iu
878 3285 972 3333 boc
993 3295 1119 3345 opus
1144 3291 1397 3327 commen-

333 3376 500 3427 tarius
523 3386 554 3419 ι
576 3366 769 3421 verbis,
788 3376 939 3429 qnam
964 3374 993 3407 a
1019 3358 1173 3406 rebus
1198 3363 1253 3403 et
1280 3353 1397 3402 doo-

336 3455 487 3514 trino,
504 3440 794 3505 liberalior)
811 3438 916 3504 qui,
933 3442 1132 3498 putare,
1145 3432 1234 3487 ait,
1250 3444 1398 3494 quos·

335 3530 456 3579 dam
514 3538 619 3575 uon
663 3520 796 3570 male
834 3513 1062 3576 judicatu
1108 3505 1400 3568 legendum.

336 3602 596 3670 Equidem
634 3610 737 3647 nou
760 3589 1033 3647 assentior,
1054 3592 1106 3633 et
1141 3584 1296 3632 ultius
1320 3581 1404 3628 liic

338 3681 549 3748 aliquod
574 3678 719 3744 (meo
751 3665 980 3736 judicio)
1006 3665 1186 3713 virinus
1221 3663 1407 3722 agitur.

339 3758 543 3813 Quodsi
569 3766 673 3802 uon
698 3748 881 3802 educo,
908 3736 1216 3791 circumfero
1236 3743 1406 3785 temen

340 3832 667 3896 scalpellum,
699 3830 754 3874 et
781 3829 972 3885 preter
1006 3820 1222 3878 propter
1247 3818 1409 3860 tento.

340 3905 638 3960 Transfero,
665 3904 893 3964 inquam,
914 3896 1096 3942 literas
1122 3897 1175 3938 et
1199 3902 1409 3937 couver-

342 3997 416 4049 to,
441 3997 595 4034 uuam
621 3978 781 4028 etiam
815 3969 1060 4027 rescribe,
1087 3982 1147 4016 ac
1175 3981 1266 4028 pro
1304 3978 1411 4011 cru-

341 4064 469 4113 ciatu
500 4068 701 4121 repono
729 4066 817 4100 cur
838 4048 891 4096 ni
920 4050 1112 4096 autem?
1148 4039 1413 4091 sententia
1489 4030 1633 4079 stitui

1514 730 1881 795 Excogitatum]
1907 727 1986 776 Ab
2010 727 2121 790 ipso
2141 731 2211 790 te,
2236 724 2513 774 novitatem

1450 814 1697 862 ostendit.
1721 808 1853 869 Lips.

1516 884 1851 949 Principntui]
1884 879 2116 928 Cruciatur
2139 876 2279 939 Lips.
2322 874 2514 924 Obiter

1450 969 1570 1017 olim
1609 967 1863 1014 dixeram,
1900 972 2014 1005 cura
2053 960 2173 1008 tum·
2220 951 2308 999 sed
2345 963 2516 1014 neque

1453 1054 1577 1094 tnnc
1601 1037 1910 1104 perplacuit,
1933 1041 1985 1082 et
2013 1045 2145 1079 nuno
2177 1041 2384 1091 sperno.
2451 1026 2515 1074 In

1454 1121 1748 1171 melioribus
1787 1114 1929 1162 libris
1965 1107 2237 1162 cruciatui,·
2276 1109 2401 1167 puto
2435 1118 2520 1150 ve-

1457 1216 1564 1248 rum
1600 1191 1906 1259 principatui.
1946 1189 2027 1236 Ita
2052 1185 2252 1245 statim,
2288 1180 2517 1229 ‘Eodem

1454 1274 1565 1324 foro
1589 1281 1808 1323 utuntur
1835 1266 2155 1331 principatus
2175 1265 2230 1308 et
2262 1254 2513 1306 libertas·'

1457 1352 1608 1400 Idem.

1550 1421 1889 1484 Excogitatum
1919 1411 2237 1478 principatui]
2277 1408 2522 1457 Vocabu-

1459 1505 1562 1552 lum
1601 1496 1890 1564 principatui
1933 1491 2105 1552 recepi
2130 1503 2194 1536 ex
2233 1486 2521 1534 certissima

1457 1579 1760 1641 conjectura
1796 1569 1987 1632 Lipsii:
2039 1563 2260 1614 antehac
2297 1562 2430 1609 enim
2466 1560 2521 1608 in

1456 1655 1603 1704 libris
1653 1653 1782 1699 Mss.
1840 1656 1892 1695 et
1935 1642 2138 1693 excusis
2194 1637 2345 1687 modo
2393 1636 2521 1700 legi-

1458 1747 1571 1781 mus
1615 1725 1868 1785 cruciatui,
1909 1720 2061 1771 modo
2096 1717 2328 1775 cruciatu,
2367 1712 2520 1762 modo

1458 1807 1736 1865 cruciatum,
1753 1805 1864 1850 sine
1888 1812 2067 1859 sensu;
2108 1793 2337 1858 quamvis
2357 1791 2408 1839 iu
2426 1790 2525 1839 hoc

1460 1882 1693 1936 eruendo
1730 1881 1909 1929 mirum
1937 1877 1986 1923 in
2024 1872 2230 1922 modum
2268 1883 2322 1917 se
2360 1874 2526 1915 torse-

1463 1962 1568 2011 rint
1609 1960 2064 2007 commentatores.
2156 1945 2306 1995 Hanc
2350 1949 2526 1991 autem

1462 2051 1634 2086 veram
1656 2042 1708 2082 et
1730 2030 2004 2095 genuinam
2025 2025 2296 2074 lectionem
2319 2034 2428 2068 esse
2448 2032 2530 2066 ar·

1463 2114 1651 2172 bitror,
1693 2110 1784 2167 ita,
1821 2115 1876 2155 ut
1908 2105 2081 2158 mirer,
2119 2101 2168 2148 ei
2202 2114 2301 2147 non
2339 2095 2532 2145 dudum

1465 2194 1653 2249 locum,
1687 2182 2145 2252 postliminiijure,
2179 2177 2355 2224 datum
2385 2187 2529 2219 esse:

1468 2285 1583 2318 cum
1611 2281 1722 2314 eam
1748 2271 1800 2311 et
1825 2259 2098 2309 senteutiae
2124 2251 2403 2302 necessitas
2428 2248 2535 2295 exi-

1470 2352 1578 2407 gat,
1619 2350 1670 2390 et
1707 2336 2005 2399 suppeditet
2048 2343 2208 2377 nexus
2244 2324 2536 2373 verborum.

1472 2420 1681 2471 Etenim
1720 2416 1839 2464 huic
1876 2411 1973 2476 ipsi
2010 2404 2249 2456 tribunali
2291 2415 2406 2449 mox
2449 2399 2538 2447 ad-

1473 2498 1718 2548 scribitur
1745 2495 1759 2520 ‘
1781 2486 2083 2552 magnitudo
2103 2478 2416 2543 litigatoris:
2444 2478 2537 2525 i.e.

1473 2577 1714 2639 majestas
1732 2566 1978 2635 principis
1998 2564 2068 2612 ibi
2092 2559 2339 2620 litigantis
2358 2573 2371 2615 ς
2394 2555 2540 2603 dein-

1474 2656 1587 2714 (1ο,ι
1607 2653 1785 2701 eodem
1823 2646 1934 2695 foro
1960 2639 2279 2703 principatur
2306 2641 2360 2682 et
2384 2634 2537 2681 liber-

1475 2738 1552 2779 tas
1579 2726 1687 2783 uti,’
1714 2727 1764 2772 h.
1803 2737 1850 2770 e.
1874 2722 1923 2768 iu
1950 2718 2128 2766 eodem
2155 2712 2354 2776 judicio
2391 2723 2540 2756 caus-

1474 2822 1544 2856 sae
1574 2801 1841 2866 principis,
1867 2805 1916 2845 et
1955 2793 2103 2843 liberi
2130 2789 2329 2852 populi,
2355 2786 2436 2848 agi
2462 2784 2538 2831 ‹li-

1476 2891 1684 2930 cuutur.
1755 2877 1835 2923 De
1863 2887 1958 2933 qua
1980 2865 2340 2917 emendatione
2369 2860 2541 2922 paullo

1477 2962 1623 3021 plura
1669 2950 1887 3001 disserui
1946 2946 1995 2992 in
2055 2943 2271 2991 Excurs.
2335 2948 2544 2982 xxxix.

1476 3037 1616 3084 Dum
1643 3037 1814 3077 autem
1841 3025 1934 3071 boc
1958 3016 2204 3069 tribuual,
2223 3015 2272 3060 in
2300 3025 2401 3075 quo
2426 3011 2540 3071 ipse

1475 3110 1733 3175 princeps.
1774 3108 1861 3149 arnt
1898 3105 2039 3145 certe
2089 3091 2247 3153 ipsius
2294 3086 2545 3150 principis

1477 3187 1841 3249 procuratores
1860 3182 1912 3223 et
1938 3166 2154 3219 ministri
2178 3164 2394 3217 fiscales,
2420 3175 2544 3210 con·

1479 3262 1639 3310 veniri
1687 3261 1915 3319 possent,
1962 3248 2072 3296 istis
2121 3241 2436 3306 temporibus
2474 3238 2543 3287 sit

1476 3336 1834 3397 excogitatum
1873 3326 1934 3375 ad
1974 3320 2285 3373 cohibendas
2323 3314 2543 3364 delatio-

1477 3429 1568 3463 nes
1596 3409 1822 3466 fiscalem
1860 3412 2157 3467 persuasum
2195 3394 2318 3442 milii
2356 3390 2544 3449 habeo,

1478 3491 1626 3556 qttasi
1668 3482 1927 3551 peculiare
1954 3474 2206 3542 judicium
2246 3470 2374 3530 fisci,
2410 3468 2549 3531 quod

1479 3580 1652 3620 tamen
1680 3560 1944 3623 ceteroqui
1970 3570 2063 3619 par
2100 3559 2234 3600 esset
2261 3549 2372 3597 aliis
2405 3546 2550 3609 judi·

1481 3648 1599 3707 ciis,
1624 3661 1651 3693 a
1669 3642 1893 3703 Trajauo
1918 3634 2075 3683 fuisse
2101 3629 2391 3678 institutum
2414 3639 2429 3683 ς
2465 3636 2546 3669 re-

1485 3722 1701 3784 feroque
1745 3717 1874 3765 adeo
1907 3713 2006 3759 huc
2047 3711 2357 3770 ‘praetorem
2402 3695 2548 3758 fisci‚’

1485 3800 1552 3849 de
1571 3813 1672 3862 quo
1705 3790 2037 3855 Pomponius,
2060 3787 2090 3834 l.
2114 3796 2173 3832 tt.
2195 3798 2247 3827 π.
2264 3779 2328 3825 de
2346 3772 2547 3834 origiue

1477 3878 1612 3942 juris
1635 3878 1661 3939 ξ
1681 3876 1762 3920 32.
1794 3872 1903 3918 lraec
1930 3865 2141 3915 scribit:
2172 3860 2185 3886 ‘
2209 3857 2377 3904 Divus
2404 3851 2549 3898 deiu-

1489 3954 1555 4002 de
1581 3952 1848 4012 Augustns
1882 3939 2107 3991 sedecim
2150 3939 2399 3995 praetores
2429 3940 2551 3976 con·

1641 4034 1678 4075 t.
1749 4025 1876 4072 Post
1911 4014 2095 4065 deiude
2131 4011 2280 4057 divus
2306 4002 2552 4053 Claudius

344 4136 641 4194 manifesta,
666 4140 722 4180 ut
748 4129 818 4178 sit
841 4127 1186 4178 scilicet.na›n
1209 4118 1417 4169 tribunal
1491 4109 1620 4158 duos
1658 4109 1909 4166 praetores
1945 4091 2154 4154 adjecit,
2193 4086 2277 4147 qui
2314 4082 2378 4129 de
2412 4078 2556 4127 fidei-

343 4233 519 4281 quoque
540 4214 873 4275 excogitatum
894 4205 1004 4269 (cur
1026 4202 1077 4249 ni
1096 4192 1313 4258 autem?)
1331 4208 1421 4257 par
1493 4180 1766 4236 commisso
1804 4176 1893 4238 jus

1146 4273 1421 4327 considera
1496 4273 1652 4314 uuum
1688 4255 1836 4305 divus
1858 4250 2006 4299 'ritus
2030 4236 2291 4296 detraxit3

343 4296 531 4358 ceteris,
547 4295 634 4356 εἷο.
701 4289 804 4349 Tu,
826 4284 895 4334 mi
927 4283 1111 4342 lector,

1940 4169 2209 4217 dicerent:
2265 4172 2330 4207 ex
2376 4154 2563 4220 quibus

2328 4242 2381 4284 at
2419 4231 2566 4296 adje-
