3060 4902
533 378 669 443 026

1231 392 1448 439 NOTAE
1502 392 1904 442 vammum
1968 393 2045 441 m

535 537 676 587 dicio
699 542 796 601 est,
821 536 953 600 quod
981 536 1032 586 in
1047 535 1228 586 codice
1248 534 1530 585 Parisiensi
1548 541 1602 585 et
1676 539 1895 585 caussa-⁹
1927 533 2000 586 At
2014 536 2109 585 boe
2122 543 2325 587 certum
2341 543 2439 593 est,
2458 544 2475 567 ‘
2489 544 2748 601 grassato-

535 614 915 677 Salisburgensi
960 614 1127 664 adhuc
1173 614 1424 676 scripturn
1472 614 1600 676 legi-

537 699 647 748 tur,
677 691 895 739 Vidimus
913 692 1178 739 delatorum
1195 691 1459 750 inductum,
1483 704 1599 754 quu-

531 769 695 830 si,q·c.
728 782 1036 831 quamquam
1064 766 1115 815 in
1136 766 1518 829 salisburgensi
1534 765 1600 814 ab

1678 626 1761 661 res
1783 612 1798 635 ⁹
1823 613 1977 662 etiam
1994 613 2157 663 dictos
2181 628 2311 670 esse,
2330 615 2417 678 qui
2445 613 2584 664 ferro
2607 617 2745 667 einc-

1680 690 1719 738 ti
1744 689 2023 749 incessere,
2050 705 2168 739 cum
2193 691 2389 739 milites
2415 705 2515 739 non
2538 701 2710 742 essent
2733 714 2749 757 ς

1678 780 1791 814 cum
1815 767 2112 824 Suetonius,
2150 769 2264 817 loco
2303 767 2457 817 modo
2492 770 2747 834 excitato,

534 845 750 906 antiqua
781 857 932 892 manu
969 842 1381 904 superscriptum
1413 841 1501 903 sit,
1534 840 1599 890 Ἰ.
1675 842 1962 906 scripserit,
1998 849 2011 870 ‘
2033 844 2292 907 Pleraque
2329 845 2536 906 pessimi
2574 860 2746 895 exem·

530 918 800 968 iudicium!
855 918 939 967 Ita
963 926 1016 967 et
1043 917 1210 967 codex
1241 915 1600 979 Guelpberby-

535 1006 686 1046 tanus
723 997 774 1044 in
813 1001 1067 1044 contextu
1101 993 1352 1042 orationis
1391 992 1600 1056 quidem

535 1073 696 1123 babet
721 1073 984 1131 indicium3
1019 1080 1073 1121 at
1096 1071 1147 1119 in
1171 1072 1401 1133 margine
1426 1069 1492 1118 ab
1515 1083 1599 1118 ea·

534 1150 653 1200 dem
695 1166 845 1199 manu
881 1157 1187 1199 annotatum
1223 1159 1304 1197 est
1338 1150 1601 1197 inductum.

534 1227 596 1276 1n
643 1227 773 1276 libro
818 1226 1075 1278 Vossiano
1117 1225 1305 1287 legitur
1341 1227 1603 1274 delatorum

533 1304 761 1352 iudicium
780 1318 797 1358 ,-
833 1312 888 1350 at
911 1317 975 1349 ex
997 1302 1181 1350 codice
1206 1302 1348 1350 Elsb.
1372 1302 1600 1366 adscrip-

537 1389 643 1429 tum
673 1388 755 1429 est
787 1380 1003 1429 Vidimus
1034 1381 1296 1428 delatorum
1335 1379 1602 1440 inductum,

532 1459 685 1519 quasi.
756 1457 887 1506 Haec
908 1458 1036 1505 ratio
1055 1470 1136 1505 me
1162 1455 1362 1504 induxit
1385 1456 1447 1503 ad
1469 1456 1600 1504 reci·

536 1535 779 1596 piendam
824 1535 1119 1597 lectionem,
1168 1534 1382 1584 Vidimus
1422 1535 1600 1582 delato·

532 1630 638 1665 rum
660 1631 828 1678 agmen
860 1618 1121 1664 inductum.
1192 1615 1321 1664 Aliis
1346 1616 1444 1663 alia
1466 1615 1601 1664 ratio

535 1692 696 1740 videri
725 1700 895 1754 potest
921 1691 1153 1740 validior.
1210 1691 1486 1740 Delatores
1509 1705 1597 1739 au·

534 1777 637 1817 tem
656 1777 802 1818 erant
828 1768 1020 1817 occulti
1038 1775 1388 1825 accusatores,
1406 1768 1598 1817 assidui

533 1845 859 1908 principibus
883 1845 1207 1908 quibusdam,
1227 1845 1311 1908 qui
1330 1846 1480 1894 inodo
1499 1846 1598 1893 cri·

536 1924 673 1970 mina
718 1924 1027 1986 majestatis,
1070 1922 1219 1970 modo
1259 1923 1360 1971 alia
1400 1923 1597 1984 quaevis

533 1996 859 2059 deferebant,
899 2007 953 2048 et
998 1997 1274 2062 aliquando
1309 1997 1597 2060 fingebant,

532 2074 809 2123 dummodo
844 2075 964 2123 inde
990 2075 1399 2135 locupletaretur
1421 2072 1597 2131 fiscus,

531 2157 619 2197 aut
640 2150 898 2211 cupiditas
922 2159 972 2198 et
994 2149 1208 2198 avaritia
1237 2149 1483 2213 principis
1510 2165 1597 2199 ex·

529 2227 827 2274 satiaretur.
895 2226 969 2274 Ut
989 2227 1252 2288 specimen
1273 2227 1481 2276 malitiae
1507 2228 1597 2274 de·

532 2304 750 2351 latorum
785 2317 1054 2365 agnoscas,
1089 2318 1152 2351 ea
1192 2303 1448 2353 duntaxat
1473 2302 1597 2352 affe·

533 2393 664 2437 ram,
688 2394 802 2443 quae
841 2380 1042 2429 Seneca
1068 2379 1132 2429 de
1160 2380 1348 2429 Benef.
1391 2395 1477 2430 nt.
1514 2387 1596 2430 26.

529 2455 725 2506 refertz
760 2457 899 2505 ‘Sub
913 2457 1122 2506 Tiberio
1140 2458 1384 2521 Caesare‚’
1410 2462 1598 2523 inquit,

532 2541 544 2561 ·
564 2531 661 2580 fuit
688 2532 959 2580 accusandi
980 2531 1222 2597 frequens
1238 2542 1440 2598 etpene
1469 2536 1598 2598 pub-

530 2609 628 2656 liea
648 2607 837 2667 rabies,
863 2622 976 2671 quae
995 2611 1131 2656 ornni
1158 2611 1294 2658 civili
1322 2610 1456 2660 bello
1482 2627 1599 2672 gra-

531 2685 645 2731 vius
671 2691 899 2744 togatam
925 2684 1190 2733 civitatem
1208 2685 1455 2735 confecit.
1494 2689 1599 2735 Ex-

530 2760 820 2823 eipiebatur
844 2761 1101 2809 ebriorum
1138 2776 1326 2824 sermo,
1349 2763 1599 2825 simpliei-

531 2846 613 2885 tas
653 2837 962 2900 Jocantiiim.
1056 2838 1199 2888 Nihil
1239 2848 1350 2888 erat
1398 2847 1561 2888 tutum
1586 2858 1598 2887 ε

530 2913 691 2962 omnis
714 2913 961 2963 saeviendi
982 2914 1222 2978 placebat
1239 2914 1481 2971 occasio‚'
1497 2919 1598 2966 &cu

530 2990 779 3039 Schwarz.

594 3068 779 3128 Agmen
794 3066 1062 3132 inductum]
1086 3068 1145 3117 lu
1163 3069 1597 3132 amphitheatrum

531 3151 585 3192 et
628 3158 720 3206 per
761 3158 969 3192 arenam
1005 3145 1226 3193 mediam
1262 3147 1595 3197 traductum:

531 3220 774 3280 exemplo
797 3220 924 3282 Titi,
946 3220 1011 3268 de
1038 3235 1139 3284 quo
1164 3222 1381 3271 Sueton.
1404 3236 1520 3287 cap.
1547 3227 1596 3274 8.

532 3295 671 3357 Lips.

598 3372 752 3426 Quasi
812 3376 1166 3439 grassatorum]
1254 3377 1438 3426 Festus
1506 3380 1598 3435 ait,

526 3456 540 3478 ⁸
559 3449 794 3500 Grassari
812 3453 1009 3516 antiqui
1030 3453 1292 3516 ponebant
1312 3470 1404 3517 pro
1422 3454 1597 3504 adula-

530 3527 571 3574 ri
600 3525 635 3586 ;'
670 3527 833 3591 (quia,
858 3538 914 3577 nt
944 3530 1159 3578 Vossius
1198 3531 1248 3578 in
1278 3531 1597 3595 Etymologi·

528 3617 591 3652 co
619 3602 795 3658 tradit,
821 3604 1114 3654 adulatores
1148 3619 1243 3668 per
1273 3607 1474 3667 plateas
1498 3609 1599 3656 oti·

529 3681 604 3728 osi
631 3688 942 3742 grassentur,
965 3680 1188 3744 alienum
1228 3688 1491 3731 sectantes
1524 3684 1599 3733 ci-

529 3755 700 3819 bum.)
748 3758 1019 3806 ‘Grassari
1056 3765 1230 3806 autem
1267 3766 1321 3808 et
1356 3759 1601 3809 dicuntur

527 3833 775 3894 latrones,
801 3833 907 3881 vias
943 3832 1257 3882 obsidentes.
1324 3835 1488 3884 Gradi
1530 3837 1598 3884 si·

526 3908 733 3972 quidem
757 3909 1025 3957 ambulare
1056 3916 1167 3969 est;
1201 3909 1339 3958 unde
1375 3917 1598 3961 tractum

529 3983 769 4045 grassari,
797 3982 1042 4034 videlicet
1082 3983 1149 4033 ab
1186 3985 1382 4048 impetu
1424 3987 1598 4050 gradi-

528 4057 686 4109 endi.'
754 4060 1091 4109 casaubonus
1117 4060 1181 4108 ad
1217 4061 1436 4110 Sueton.
1459 4059 1599 4126 Aug.

528 4149 646 4199 cap.
671 4139 751 4185 32.
775 4144 937 4193 notat,
958 4143 974 4164 ⁶
993 4137 1218 4201 grassari
1245 4139 1456 4202 proprie
1479 4154 1598 4191 esse

525 4213 639 4262 sine
656 4211 795 4263 ferro
812 4215 1047 4277 aggredi,
1064 4214 1259 4277 predas
1274 4216 1597 4281 plerumque,

528 4295 621 4339 aut
657 4290 814 4342 etiam
850 4291 1101 4355 lascivia,
1138 4294 1248 4344 sive
1283 4294 1594 4358 petulantias

1680 918 1751 982 pli
1795 919 2026 968 correxit
2060 918 2346 981 Augustus.
2383 953 2395 967 .
2421 953 2435 968 .
2461 953 2475 969 .
2517 921 2656 970 Nam
2690 926 2749 970 et

1679 1003 2026 1059 grassatorum
2076 996 2280 1061 plurimi
2317 999 2485 1061 palam
2522 1013 2578 1047 se
2611 997 2749 1049 fere·

1680 1074 1820 1129 bant,
1846 1073 2101 1122 succincti
2124 1072 2280 1129 ferro,
2300 1077 2444 1138 quasi
2466 1077 2647 1125 tuendi
2668 1077 2749 1126 snt

1678 1150 1897 1199 caunm’
1962 1151 2155 1199 Contra
2178 1151 2459 1200 ‘latrones’
2492 1160 2632 1208 sunt,
2658 1153 2746 1217 qui

1680 1240 1822 1276 arma
1847 1242 1902 1277 re
1926 1227 2037 1290 ipsa
2073 1226 2246 1276 ferunt
2264 1227 2329 1276 ad
2357 1228 2621 1278 laedendos
2655 1229 2746 1279 ali-

1681 1317 1755 1355 os,
1783 1312 1942 1366 atque
1980 1303 2205 1351 viatores
2243 1318 2310 1351 ex
2340 1304 2536 1353 insidiis
2561 1319 2742 1368 aggre-

1681 1379 1912 1442 diuntur,
1946 1393 2139 1443 eosque
2181 1380 2424 1442 spoliant.
2509 1382 2663 1433 Quod
2701 1383 2744 1431 si

1681 1461 1852 1504 tamen
1878 1464 1932 1505 et
1953 1465 2270 1519 grassatores
2290 1458 2443 1504 armis
2467 1466 2748 1517 uterentur

1680 1530 1744 1578 ad
1794 1532 2110 1581 territandos
2170 1533 2540 1594 violandosque
2596 1536 2748 1596 alios,

1678 1607 1788 1656 sive
1813 1623 1876 1656 ex
1902 1608 2120 1658 libidine
2144 1618 2197 1657 et
2215 1610 2508 1672 petulantia
2530 1612 2582 1659 id
2608 1611 2748 1662 facc-

1679 1687 1936 1741 rent,sive
1955 1694 2172 1750 propter
2189 1687 2398 1749 praemia
2413 1695 2467 1736 et
2488 1689 2748 1750 praedarum

1680 1764 1712 1810 ii
1735 1761 2017 1811 latronibus
2041 1764 2261 1825 proximi
2296 1764 2634 1827 habebantur,
2667 1766 2744 1814 id·

1678 1852 1843 1903 eoque
1871 1840 2160 1887 latronibus
2198 1840 2504 1904 sicariisque
2540 1856 2682 1905 soepe
2714 1858 2746 1891 a

1677 1916 2013 1977 scriptoribus
2037 1915 2405 1978 adjunguntur.
2477 1917 2744 1968 Callistra-

1679 1999 1758 2039 tus
1792 2009 1845 2039 π.
1885 1991 1951 2039 de
1987 1992 2185 2053 Ptenis,
2218 1993 2318 2055 leg.
2355 2006 2565 2042 xxvnr.
2599 1998 2626 2058 §
2662 2001 2741 2045 lo.

1676 2070 1691 2096 ‘
1726 2067 2101 2127 Grassatores‚'
2146 2069 2332 2132 inquit,
2373 2075 2387 2097 ⁴
2413 2072 2501 2132 qni
2545 2072 2744 2133 prtdae

1676 2158 1857 2193 caussa
1878 2143 1928 2191 id
1961 2142 2178 2203 faciunt,
2209 2144 2428 2207 proximi
2457 2146 2742 2196 latronibus

1674 2220 1961 2280 habentur3
1995 2227 2068 2279 et,
2085 2220 2125 2267 si
2151 2234 2265 2269 cum
2289 2221 2429 2270 ferro
2446 2224 2660 2284 aggredi
2684 2232 2745 2273 ct

1674 2297 1898 2360 spoliare
1921 2297 2278 2360 instituerunt,
2314 2300 2491 2361 capite
2526 2302 2744 2363 puniun-

1676 2383 1790 2425 tur:
1829 2375 2025 2438 utique‚
2050 2375 2093 2423 si
2115 2375 2304 2437 saepins
2332 2383 2487 2438 atque
2508 2376 2558 2423 in
2594 2376 2743 2426 itine-

1676 2451 1816 2501 ribus
1858 2453 1957 2501 boc
1980 2450 2331 2502 admiserunt:
2365 2455 2527 2502 ceteri
2560 2454 2612 2503 in
2638 2469 2744 2504 me·

1676 2531 1851 2580 tallum
1878 2530 2087 2587 dantur,
2113 2530 2192 2579 vel
2220 2530 2268 2578 in
2294 2530 2485 2579 insulas
2511 2532 2744 2596 relegan-

1676 2604 1798 2655 tur-¹
1821 2606 2066 2655 Schworz.

1742 2684 1854 2730 Non
1878 2681 1996 2744 iter]
2034 2681 2203 2731 Proba
2248 2683 2357 2732 baec
2395 2683 2592 2743 lectio;
2625 2698 2741 2734 cnm

1675 2759 1883 2809 codices
1910 2760 2037 2808 Mss.
2062 2767 2116 2808 et
2143 2767 2363 2808 vetuste
2389 2774 2608 2825 qnaeque
2633 2761 2743 2810 edi-

1675 2836 1865 2895 tiones,
1890 2835 2048 2885 immo
2084 2836 2251 2885 adhuc
2283 2837 2488 2885 Elaevir
2523 2845 2576 2886 et
2600 2838 2741 2888 Box-

1675 2911 1904 2972 bornius,
1938 2912 2164 2961 habeant
2187 2912 2394 2960 noviter.
2464 2913 2606 2962 Nihil
2641 2910 2745 2963 fre-

1675 2987 1916 3051 quentius
1954 2987 2148 3037 accidit
2190 2989 2415 3052 antiquis
2454 2988 2741 3046 codicibus,

1675 3079 1828 3128 quam
1852 3073 1911 3115 nt
1931 3064 2097 3113 literae
2120 3078 2153 3112 ss
2182 3071 2236 3113 et
2256 3080 2289 3112 a
2314 3080 2344 3113 a
2375 3065 2599 3114 librariis
2622 3080 2745 3116 con·

1674 3138 2035 3190 funderentur.
2106 3141 2297 3190 Petrus
2318 3141 2488 3189 Faber
2503 3142 2748 3192 Sanoria-

1675 3232 1773 3267 nus
1792 3218 1855 3267 ad
1883 3219 2015 3268 liunc
2040 3218 2209 3267 locum
2227 3224 2391 3277 notat,
2408 3232 2462 3265 se
2477 3217 2614 3267 banc
2638 3219 2745 3269 lec-

1675 3294 1868 3344 tionem
1893 3295 2185 3345 restituisse
2210 3295 2261 3344 in
2285 3295 2628 3345 semestrium
2653 3295 2742 3345 lib.

1678 3384 1737 3419 ιι.
1763 3385 1877 3434 pag.
1916 3376 2029 3421 266.
2052 3371 2190 3435 quod
2229 3370 2347 3421 dein
2390 3372 2615 3434 Lipsius,
2651 3381 2745 3423 aut

1676 3448 1806 3496 alius
1824 3447 2094 3512 quispiam,
2120 3456 2174 3497 ut
2200 3463 2344 3497 suum
2373 3450 2589 3499 notarit.
2635 3449 2743 3500 Sed

1675 3524 1785 3572 luce
1800 3524 2026 3587 suspicio
2040 3522 2233 3574 fefellit
2254 3524 2497 3587 Fabrum,
2515 3539 2633 3575 cum
2654 3526 2746 3576 diu

1675 3608 1798 3650 ante
1824 3600 1992 3662 ipsum
2016 3600 2149 3649 banc
2179 3601 2456 3650 lectionem
2480 3602 2744 3666 evulgarit

1680 3677 2047 3740 cuspinianus,
2075 3691 2229 3741 quam
2266 3679 2388 3727 inde
2421 3679 2472 3728 in
2511 3681 2745 3743 margine

1676 3754 1879 3803 notavit
1899 3752 2175 3811 Livineius,
2190 3755 2311 3802 etin
2335 3761 2639 3803 contextum
2662 3769 2743 3804 re·

1675 3828 1818 3892 cepit
1865 3830 2105 3892 Lipsius;
2139 3829 2222 3878 cui
2250 3840 2430 3893 postea
2462 3838 2518 3879 ot
2554 3831 2747 3881 Grute-

1675 3921 1760 3956 rns
1785 3913 1840 3956 et
1855 3907 2239 3969 Berneggerus,
2258 3913 2311 3955 et
2334 3905 2670 3961 Parisienses,
2687 3912 2744 3955 ot

1676 3984 1948 4045 Cellarius,
1968 3992 2024 4033 et
2042 3983 2276 4046 Patami,
2298 3983 2745 4048 recentissimique

1675 4060 1921 4119 editores,
1943 4062 2116 4111 locum
2142 4067 2283 4110 recte
2300 4059 2579 4110 dederunt.
2604 4061 2681 4110 u.

1745 4141 1856 4188 Noa
1889 4140 2008 4205 iter]
2050 4139 2295 4197 Noeiter,·
2338 4138 2428 4188 sed
2454 4153 2548 4188 aon
2569 4139 2665 4190 iter
2687 4139 2748 4190 C.

1676 4216 1838 4266 Lisia.
1873 4217 2088 4280 Optime
2111 4217 2172 4267 C.
2198 4217 2441 4267 Rirrersh.

1766 4294 1877 4346 Non
1918 4293 2038 4360 iter]
2077 4295 2283 4346 Nooiter
2325 4294 2458 4345 edit.
2507 4291 2743 4343 Rbenaa.
