<?xml version="1.0" encoding="UTF-8"?>
<!DOCTYPE html PUBLIC "-//W3C//DTD XHTML 1.0 Transitional//EN"
    "http://www.w3.org/TR/xhtml1/DTD/xhtml1-transitional.dtd">
<html xmlns="http://www.w3.org/1999/xhtml" xml:lang="en" lang="en">
 <head>
  <title>
</title>
<meta http-equiv="Content-Type" content="text/html;charset=utf-8" />
  <meta name='ocr-system' content='tesseract 3.04.00' />
  <meta name='ocr-capabilities' content='ocr_page ocr_carea ocr_par ocr_line ocrx_word'/>
</head>
<body>
  <div class='ocr_page' id='page_1' title='image "./panegyriciveter02unkngoog_0285.png"; bbox 0 0 3060 4902; ppageno 0'>
   <div class='ocr_carea' id='block_1_1' title="bbox 775 389 1835 446">
    <p class='ocr_par' dir='ltr' id='par_1_1' title="bbox 775 389 1835 446">
     <span class='ocr_line' id='line_1_1' title="bbox 775 389 1835 446; baseline 0.004 -4"><span class='ocrx_word' id='word_1_1' title='bbox 775 394 840 442; x_wconf 82' lang='lat' dir='ltr'>C.</span> <span class='ocrx_word' id='word_1_2' title='bbox 892 389 1132 443; x_wconf 72' lang='lat' dir='ltr'>putul</span> <span class='ocrx_word' id='word_1_3' title='bbox 1177 392 1513 445; x_wconf 44' lang='lat' dir='ltr'>‘sssctmm</span> <span class='ocrx_word' id='word_1_4' title='bbox 1562 393 1835 446; x_wconf 72' lang='lat' dir='ltr'>PANRG.</span> 
     </span>
    </p>
   </div>
   <div class='ocr_carea' id='block_1_2' title="bbox 1917 383 2537 452">
    <p class='ocr_par' dir='ltr' id='par_1_2' title="bbox 1917 383 2537 452">
     <span class='ocr_line' id='line_1_2' title="bbox 1917 383 2537 452; baseline 0.01 -6"><span class='ocrx_word' id='word_1_5' title='bbox 1917 399 1966 446; x_wconf 84' lang='lat' dir='ltr'>r.</span> <span class='ocrx_word' id='word_1_6' title='bbox 1997 383 2105 448; x_wconf 86' lang='grc'>49.</span> <span class='ocrx_word' id='word_1_7' title='bbox 2406 385 2537 452; x_wconf 81' lang='grc'><strong><em>’733</em></strong></span> 
     </span>
    </p>
   </div>
   <div class='ocr_carea' id='block_1_3' title="bbox 319 530 2536 601">
    <p class='ocr_par' dir='ltr' id='par_1_3' title="bbox 319 530 2536 601">
     <span class='ocr_line' id='line_1_3' title="bbox 319 530 2536 601; baseline 0.004 -18"><span class='ocrx_word' id='word_1_8' title='bbox 319 530 657 584; x_wconf 68' lang='lat' dir='ltr'>‘communem</span> <span class='ocrx_word' id='word_1_9' title='bbox 700 533 849 586; x_wconf 78' lang='lat' dir='ltr'>usum</span> <span class='ocrx_word' id='word_1_10' title='bbox 891 535 1127 587; x_wconf 80' lang='lat' dir='ltr'>omnibus</span> <span class='ocrx_word' id='word_1_11' title='bbox 1166 535 1402 588; x_wconf 76' lang='lat' dir='ltr'>convivia</span> <span class='ocrx_word' id='word_1_12' title='bbox 1472 537 1538 588; x_wconf 91' lang='lat' dir='ltr'>ad</span> <span class='ocrx_word' id='word_1_13' title='bbox 1559 538 1968 590; x_wconf 76' lang='lat' dir='ltr'>communionem</span> <span class='ocrx_word' id='word_1_14' title='bbox 1997 539 2246 591; x_wconf 84' lang='lat' dir='ltr'>sermonis</span> <span class='ocrx_word' id='word_1_15' title='bbox 2281 545 2536 601; x_wconf 78' lang='lat' dir='ltr'>tacentes,</span> 
     </span>
    </p>
   </div>
   <div class='ocr_carea' id='block_1_4' title="bbox 304 612 1400 4328">
    <p class='ocr_par' dir='ltr' id='par_1_4' title="bbox 304 612 1400 3726">
     <span class='ocr_line' id='line_1_4' title="bbox 329 612 1399 678; baseline 0.004 -18"><span class='ocrx_word' id='word_1_16' title='bbox 329 613 632 676; x_wconf 88' lang='lat' dir='ltr'>apponitur,</span> <span class='ocrx_word' id='word_1_17' title='bbox 655 612 732 663; x_wconf 85' lang='lat' dir='ltr'>ita</span> <span class='ocrx_word' id='word_1_18' title='bbox 751 616 808 662; x_wconf 85' lang='lat' dir='ltr'>nt</span> <span class='ocrx_word' id='word_1_19' title='bbox 830 612 896 662; x_wconf 88' lang='lat' dir='ltr'>ab</span> <span class='ocrx_word' id='word_1_20' title='bbox 917 627 982 663; x_wconf 86' lang='lat' dir='ltr'>eo</span> <span class='ocrx_word' id='word_1_21' title='bbox 1003 613 1261 677; x_wconf 88' lang='lat' dir='ltr'>capiendo</span> <span class='ocrx_word' id='word_1_22' title='bbox 1282 627 1399 678; x_wconf 89' lang='lat' dir='ltr'>pro·</span> 
     </span>
     <span class='ocr_line' id='line_1_5' title="bbox 329 688 1398 752; baseline 0.004 -15"><span class='ocrx_word' id='word_1_23' title='bbox 329 688 510 738; x_wconf 82' lang='lat' dir='ltr'>bibeaa</span> <span class='ocrx_word' id='word_1_24' title='bbox 546 688 846 738; x_wconf 83' lang='lat' dir='ltr'>neminem?</span> <span class='ocrx_word' id='word_1_25' title='bbox 910 689 1264 752; x_wconf 82' lang='lat' dir='ltr'>Schultingius</span> <span class='ocrx_word' id='word_1_26' title='bbox 1303 690 1398 741; x_wconf 84' lang='lat' dir='ltr'>Ju-</span> 
     </span>
     <span class='ocr_line' id='line_1_6' title="bbox 327 764 1398 828; baseline 0.002 -16"><span class='ocrx_word' id='word_1_27' title='bbox 327 764 672 814; x_wconf 82' lang='lat' dir='ltr'>risconsultus</span> <span class='ocrx_word' id='word_1_28' title='bbox 696 764 947 827; x_wconf 83' lang='lat' dir='ltr'>quondam</span> <span class='ocrx_word' id='word_1_29' title='bbox 984 765 1398 828; x_wconf 84' lang='lat' dir='ltr'>humanissimus,</span> 
     </span>
     <span class='ocr_line' id='line_1_7' title="bbox 330 841 1398 893; baseline 0.004 -4"><span class='ocrx_word' id='word_1_30' title='bbox 330 842 382 889; x_wconf 93' lang='lat' dir='ltr'>in</span> <span class='ocrx_word' id='word_1_31' title='bbox 418 841 560 890; x_wconf 82' lang='lat' dir='ltr'>notis</span> <span class='ocrx_word' id='word_1_32' title='bbox 596 842 662 890; x_wconf 86' lang='lat' dir='ltr'>ad</span> <span class='ocrx_word' id='word_1_33' title='bbox 698 842 954 893; x_wconf 81' lang='lat' dir='ltr'>Quinctil.</span> <span class='ocrx_word' id='word_1_34' title='bbox 990 843 1234 892; x_wconf 87' lang='lat' dir='ltr'>Declam.</span> <span class='ocrx_word' id='word_1_35' title='bbox 1269 857 1308 893; x_wconf 78' lang='grc' dir='ltr'>ι.</span> <span class='ocrx_word' id='word_1_36' title='bbox 1349 847 1398 893; x_wconf 84' lang='grc'>8.</span> 
     </span>
     <span class='ocr_line' id='line_1_8' title="bbox 327 917 1399 982; baseline -0.001 -15"><span class='ocrx_word' id='word_1_37' title='bbox 327 923 342 947; x_wconf 81' lang='lat'>‘</span> <span class='ocrx_word' id='word_1_38' title='bbox 364 918 512 967; x_wconf 83' lang='lat' dir='ltr'>Pene</span> <span class='ocrx_word' id='word_1_39' title='bbox 536 917 796 980; x_wconf 82' lang='lat' dir='ltr'>inducor‚&#39;</span> <span class='ocrx_word' id='word_1_40' title='bbox 830 917 1017 982; x_wconf 83' lang='lat' dir='ltr'>inquit,</span> <span class='ocrx_word' id='word_1_41' title='bbox 1051 925 1141 966; x_wconf 83' lang='lat' dir='ltr'>&#39;ut</span> <span class='ocrx_word' id='word_1_42' title='bbox 1173 917 1399 976; x_wconf 85' lang='lat' dir='ltr'>credam,</span> 
     </span>
     <span class='ocr_line' id='line_1_9' title="bbox 325 992 1400 1059; baseline 0.003 -18"><span class='ocrx_word' id='word_1_43' title='bbox 325 994 565 1057; x_wconf 86' lang='lat' dir='ltr'>proprie,</span> <span class='ocrx_word' id='word_1_44' title='bbox 598 994 616 1023; x_wconf 72' lang='lat'>⁸</span> <span class='ocrx_word' id='word_1_45' title='bbox 634 992 881 1044; x_wconf 88' lang='lat' dir='ltr'>in·medio</span> <span class='ocrx_word' id='word_1_46' title='bbox 905 994 1108 1057; x_wconf 80' lang='lat' dir='ltr'>posita,&#39;</span> <span class='ocrx_word' id='word_1_47' title='bbox 1142 995 1264 1056; x_wconf 89' lang='lat' dir='ltr'>dici,</span> <span class='ocrx_word' id='word_1_48' title='bbox 1283 1009 1400 1059; x_wconf 76' lang='lat' dir='ltr'>quae</span> 
     </span>
     <span class='ocr_line' id='line_1_10' title="bbox 328 1071 1399 1134; baseline 0.001 -16"><span class='ocrx_word' id='word_1_49' title='bbox 328 1071 633 1134; x_wconf 86' lang='lat' dir='ltr'>anteposita</span> <span class='ocrx_word' id='word_1_50' title='bbox 675 1076 796 1120; x_wconf 84' lang='lat' dir='ltr'>sunt</span> <span class='ocrx_word' id='word_1_51' title='bbox 840 1071 1072 1120; x_wconf 74' lang='lat' dir='ltr'>convivis</span> <span class='ocrx_word' id='word_1_52' title='bbox 1125 1072 1174 1119; x_wconf 90' lang='lat' dir='ltr'>iu</span> <span class='ocrx_word' id='word_1_53' title='bbox 1229 1085 1399 1133; x_wconf 83' lang='lat' dir='ltr'>coena,</span> 
     </span>
     <span class='ocr_line' id='line_1_11' title="bbox 328 1146 1398 1210; baseline 0 -14"><span class='ocrx_word' id='word_1_54' title='bbox 328 1148 500 1196; x_wconf 73' lang='lat' dir='ltr'>aliove</span> <span class='ocrx_word' id='word_1_55' title='bbox 543 1148 750 1210; x_wconf 79' lang='lat' dir='ltr'>genium</span> <span class='ocrx_word' id='word_1_56' title='bbox 792 1146 1093 1197; x_wconf 84' lang='lat' dir='ltr'>oblectandi</span> <span class='ocrx_word' id='word_1_57' title='bbox 1141 1156 1398 1210; x_wconf 88' lang='lat' dir='ltr'>tempore,</span> 
     </span>
     <span class='ocr_line' id='line_1_12' title="bbox 327 1225 1397 1290; baseline 0 -17"><span class='ocrx_word' id='word_1_58' title='bbox 327 1239 443 1288; x_wconf 74' lang='lat' dir='ltr'>quae</span> <span class='ocrx_word' id='word_1_59' title='bbox 467 1238 658 1288; x_wconf 86' lang='lat' dir='ltr'>capere</span> <span class='ocrx_word' id='word_1_60' title='bbox 682 1225 897 1290; x_wconf 86' lang='lat' dir='ltr'>quisque</span> <span class='ocrx_word' id='word_1_61' title='bbox 934 1240 1027 1273; x_wconf 85' lang='lat' dir='ltr'>suo</span> <span class='ocrx_word' id='word_1_62' title='bbox 1058 1230 1231 1287; x_wconf 85' lang='lat' dir='ltr'>potest</span> <span class='ocrx_word' id='word_1_63' title='bbox 1263 1225 1397 1273; x_wconf 87' lang='lat' dir='ltr'>arbi-</span> 
     </span>
     <span class='ocr_line' id='line_1_13' title="bbox 327 1302 1397 1365; baseline 0 -17"><span class='ocrx_word' id='word_1_64' title='bbox 327 1307 490 1359; x_wconf 85' lang='lat' dir='ltr'>tratu,</span> <span class='ocrx_word' id='word_1_65' title='bbox 532 1314 756 1365; x_wconf 82' lang='lat' dir='ltr'>quaeqne</span> <span class='ocrx_word' id='word_1_66' title='bbox 802 1302 1091 1349; x_wconf 87' lang='lat' dir='ltr'>communia</span> <span class='ocrx_word' id='word_1_67' title='bbox 1134 1308 1275 1362; x_wconf 80' lang='lat' dir='ltr'>sunt,</span> <span class='ocrx_word' id='word_1_68' title='bbox 1312 1314 1397 1350; x_wconf 90' lang='lat' dir='ltr'>ce·</span> 
     </span>
     <span class='ocr_line' id='line_1_14' title="bbox 326 1375 1397 1439; baseline 0 -15"><span class='ocrx_word' id='word_1_69' title='bbox 326 1375 582 1438; x_wconf 81' lang='lat' dir='ltr'>dantque,</span> <span class='ocrx_word' id='word_1_70' title='bbox 602 1378 712 1425; x_wconf 81' lang='lat' dir='ltr'>sive</span> <span class='ocrx_word' id='word_1_71' title='bbox 737 1392 801 1425; x_wconf 82' lang='lat' dir='ltr'>ex</span> <span class='ocrx_word' id='word_1_72' title='bbox 826 1384 959 1439; x_wconf 90' lang='lat' dir='ltr'>toto,</span> <span class='ocrx_word' id='word_1_73' title='bbox 983 1376 1092 1425; x_wconf 79' lang='lat' dir='ltr'>sive</span> <span class='ocrx_word' id='word_1_74' title='bbox 1129 1391 1193 1424; x_wconf 85' lang='lat' dir='ltr'>ex</span> <span class='ocrx_word' id='word_1_75' title='bbox 1232 1382 1397 1439; x_wconf 88' lang='lat' dir='ltr'>parte,</span> 
     </span>
     <span class='ocr_line' id='line_1_15' title="bbox 329 1450 1398 1515; baseline -0.001 -15"><span class='ocrx_word' id='word_1_76' title='bbox 329 1459 484 1515; x_wconf 88' lang='lat' dir='ltr'>prout</span> <span class='ocrx_word' id='word_1_77' title='bbox 511 1452 645 1501; x_wconf 89' lang='lat' dir='ltr'>ratio</span> <span class='ocrx_word' id='word_1_78' title='bbox 665 1450 787 1514; x_wconf 84' lang='lat' dir='ltr'>fert,</span> <span class='ocrx_word' id='word_1_79' title='bbox 808 1450 1220 1514; x_wconf 87' lang='lat' dir='ltr'>occupantibus.’</span> <span class='ocrx_word' id='word_1_80' title='bbox 1256 1452 1398 1500; x_wconf 88' lang='lat' dir='ltr'>Hinc</span> 
     </span>
     <span class='ocr_line' id='line_1_16' title="bbox 327 1527 1396 1582; baseline -0.002 -2"><span class='ocrx_word' id='word_1_81' title='bbox 327 1529 441 1580; x_wconf 78' lang='lat' dir='ltr'>cic.</span> <span class='ocrx_word' id='word_1_82' title='bbox 463 1528 531 1577; x_wconf 88' lang='lat' dir='ltr'>de</span> <span class='ocrx_word' id='word_1_83' title='bbox 558 1527 715 1578; x_wconf 85' lang='lat' dir='ltr'>offic.</span> <span class='ocrx_word' id='word_1_84' title='bbox 741 1543 779 1578; x_wconf 84' lang='grc' dir='ltr'>ι.</span> <span class='ocrx_word' id='word_1_85' title='bbox 800 1531 849 1579; x_wconf 85' lang='grc'>7.</span> <span class='ocrx_word' id='word_1_86' title='bbox 881 1529 1032 1582; x_wconf 85' lang='lat' dir='ltr'>dixit,</span> <span class='ocrx_word' id='word_1_87' title='bbox 1065 1536 1079 1558; x_wconf 80' lang='lat'>⁸</span> <span class='ocrx_word' id='word_1_88' title='bbox 1099 1543 1396 1578; x_wconf 84' lang='lat' dir='ltr'>communes</span> 
     </span>
     <span class='ocr_line' id='line_1_17' title="bbox 327 1602 1395 1654; baseline -0.001 -2"><span class='ocrx_word' id='word_1_89' title='bbox 327 1604 587 1654; x_wconf 70' lang='lat' dir='ltr'>utilitates</span> <span class='ocrx_word' id='word_1_90' title='bbox 633 1605 685 1652; x_wconf 90' lang='lat' dir='ltr'>in</span> <span class='ocrx_word' id='word_1_91' title='bbox 729 1602 958 1653; x_wconf 87' lang='lat' dir='ltr'>medium</span> <span class='ocrx_word' id='word_1_92' title='bbox 999 1603 1233 1654; x_wconf 84' lang='lat' dir='ltr'>afferre.’</span> <span class='ocrx_word' id='word_1_93' title='bbox 1295 1606 1395 1652; x_wconf 86' lang='lat' dir='ltr'>Te-</span> 
     </span>
     <span class='ocr_line' id='line_1_18' title="bbox 327 1679 1396 1742; baseline 0.003 -15"><span class='ocrx_word' id='word_1_94' title='bbox 327 1688 464 1730; x_wconf 83' lang='lat' dir='ltr'>rent.</span> <span class='ocrx_word' id='word_1_95' title='bbox 487 1679 698 1742; x_wconf 74' lang='lat' dir='ltr'>Prolog.</span> <span class='ocrx_word' id='word_1_96' title='bbox 722 1679 932 1729; x_wconf 83' lang='lat' dir='ltr'>Phorm.</span> <span class='ocrx_word' id='word_1_97' title='bbox 959 1694 1034 1728; x_wconf 84' lang='lat' dir='ltr'>vs.</span> <span class='ocrx_word' id='word_1_98' title='bbox 1061 1684 1141 1728; x_wconf 84' lang='grc'>17.</span> <span class='ocrx_word' id='word_1_99' title='bbox 1180 1680 1264 1729; x_wconf 88' lang='lat' dir='ltr'>‘Is</span> <span class='ocrx_word' id='word_1_100' title='bbox 1297 1680 1396 1730; x_wconf 88' lang='lat' dir='ltr'>sibi</span> 
     </span>
     <span class='ocr_line' id='line_1_19' title="bbox 323 1754 1396 1819; baseline 0 -15"><span class='ocrx_word' id='word_1_101' title='bbox 323 1756 425 1806; x_wconf 74' lang='lat' dir='ltr'>hoc</span> <span class='ocrx_word' id='word_1_102' title='bbox 447 1756 686 1819; x_wconf 89' lang='lat' dir='ltr'>responsi</span> <span class='ocrx_word' id='word_1_103' title='bbox 710 1756 918 1816; x_wconf 84' lang='lat' dir='ltr'>babeat,</span> <span class='ocrx_word' id='word_1_104' title='bbox 949 1756 1002 1804; x_wconf 91' lang='lat' dir='ltr'>in</span> <span class='ocrx_word' id='word_1_105' title='bbox 1035 1754 1208 1805; x_wconf 88' lang='lat' dir='ltr'>medio</span> <span class='ocrx_word' id='word_1_106' title='bbox 1234 1757 1396 1805; x_wconf 88' lang='lat' dir='ltr'>omni-</span> 
     </span>
     <span class='ocr_line' id='line_1_20' title="bbox 327 1832 1394 1897; baseline 0.002 -17"><span class='ocrx_word' id='word_1_107' title='bbox 327 1833 424 1881; x_wconf 82' lang='lat' dir='ltr'>bns</span> <span class='ocrx_word' id='word_1_108' title='bbox 448 1832 684 1882; x_wconf 85' lang='lat' dir='ltr'>Palmam</span> <span class='ocrx_word' id='word_1_109' title='bbox 708 1846 821 1881; x_wconf 85' lang='lat' dir='ltr'>esse</span> <span class='ocrx_word' id='word_1_110' title='bbox 846 1832 1086 1895; x_wconf 87' lang='lat' dir='ltr'>positam,</span> <span class='ocrx_word' id='word_1_111' title='bbox 1110 1834 1197 1897; x_wconf 89' lang='lat' dir='ltr'>qui</span> <span class='ocrx_word' id='word_1_112' title='bbox 1227 1842 1394 1882; x_wconf 87' lang='lat' dir='ltr'>artem</span> 
     </span>
     <span class='ocr_line' id='line_1_21' title="bbox 327 1908 1395 1971; baseline 0 -12"><span class='ocrx_word' id='word_1_113' title='bbox 327 1917 561 1959; x_wconf 75' lang='lat' dir='ltr'>tractant</span> <span class='ocrx_word' id='word_1_114' title='bbox 582 1908 869 1959; x_wconf 85' lang='lat' dir='ltr'>musicam.’</span> <span class='ocrx_word' id='word_1_115' title='bbox 935 1910 1075 1971; x_wconf 85' lang='lat' dir='ltr'>Ergo</span> <span class='ocrx_word' id='word_1_116' title='bbox 1103 1908 1395 1971; x_wconf 76' lang='lat' dir='ltr'>significare</span> 
     </span>
     <span class='ocr_line' id='line_1_22' title="bbox 326 1985 1395 2048; baseline 0.001 -14"><span class='ocrx_word' id='word_1_117' title='bbox 326 1987 492 2035; x_wconf 75' lang='lat' dir='ltr'>voluit</span> <span class='ocrx_word' id='word_1_118' title='bbox 517 1986 735 2041; x_wconf 85' lang='lat' dir='ltr'>Plinius,</span> <span class='ocrx_word' id='word_1_119' title='bbox 754 1985 1034 2048; x_wconf 80' lang='lat' dir='ltr'>Trajauum</span> <span class='ocrx_word' id='word_1_120' title='bbox 1057 1999 1160 2034; x_wconf 93' lang='lat' dir='ltr'>non</span> <span class='ocrx_word' id='word_1_121' title='bbox 1186 1985 1283 2035; x_wconf 87' lang='lat' dir='ltr'>sibi</span> <span class='ocrx_word' id='word_1_122' title='bbox 1309 1986 1395 2035; x_wconf 88' lang='lat' dir='ltr'>de-</span> 
     </span>
     <span class='ocr_line' id='line_1_23' title="bbox 326 2060 1395 2127; baseline -0.001 -17"><span class='ocrx_word' id='word_1_123' title='bbox 326 2061 614 2111; x_wconf 82' lang='lat' dir='ltr'>licatiorem</span> <span class='ocrx_word' id='word_1_124' title='bbox 636 2060 892 2127; x_wconf 78' lang='lat' dir='ltr'>quendam</span> <span class='ocrx_word' id='word_1_125' title='bbox 924 2061 1097 2110; x_wconf 85' lang='lat' dir='ltr'>cibum</span> <span class='ocrx_word' id='word_1_126' title='bbox 1121 2068 1175 2110; x_wconf 89' lang='lat' dir='ltr'>et</span> <span class='ocrx_word' id='word_1_127' title='bbox 1199 2068 1395 2124; x_wconf 89' lang='lat' dir='ltr'>potum,</span> 
     </span>
     <span class='ocr_line' id='line_1_24' title="bbox 326 2138 1395 2200; baseline -0.002 -14"><span class='ocrx_word' id='word_1_128' title='bbox 326 2146 382 2189; x_wconf 84' lang='lat' dir='ltr'>at</span> <span class='ocrx_word' id='word_1_129' title='bbox 413 2139 603 2188; x_wconf 86' lang='lat' dir='ltr'>ceteris</span> <span class='ocrx_word' id='word_1_130' title='bbox 635 2138 866 2187; x_wconf 75' lang='lat' dir='ltr'>convivis</span> <span class='ocrx_word' id='word_1_131' title='bbox 890 2138 1176 2200; x_wconf 80' lang='lat' dir='ltr'>vulgarem,</span> <span class='ocrx_word' id='word_1_132' title='bbox 1202 2138 1395 2200; x_wconf 83' lang='lat' dir='ltr'>posuis·</span> 
     </span>
     <span class='ocr_line' id='line_1_25' title="bbox 323 2212 1395 2277; baseline -0.001 -16"><span class='ocrx_word' id='word_1_133' title='bbox 323 2225 386 2262; x_wconf 77' lang='lat' dir='ltr'>se</span> <span class='ocrx_word' id='word_1_134' title='bbox 407 2227 423 2274; x_wconf 75' lang='grc' dir='ltr'><strong>ς</strong></span> <span class='ocrx_word' id='word_1_135' title='bbox 459 2219 618 2277; x_wconf 91' lang='lat' dir='ltr'>prout</span> <span class='ocrx_word' id='word_1_136' title='bbox 641 2213 847 2276; x_wconf 86' lang='lat' dir='ltr'>quidam</span> <span class='ocrx_word' id='word_1_137' title='bbox 874 2213 950 2259; x_wconf 74' lang='lat' dir='ltr'>vir</span> <span class='ocrx_word' id='word_1_138' title='bbox 974 2212 1212 2260; x_wconf 83' lang='lat' dir='ltr'>sordidus</span> <span class='ocrx_word' id='word_1_139' title='bbox 1233 2222 1287 2261; x_wconf 90' lang='lat' dir='ltr'>et</span> <span class='ocrx_word' id='word_1_140' title='bbox 1310 2226 1395 2260; x_wconf 89' lang='lat' dir='ltr'>su·</span> 
     </span>
     <span class='ocr_line' id='line_1_26' title="bbox 325 2286 1396 2350; baseline -0.004 -11"><span class='ocrx_word' id='word_1_141' title='bbox 325 2289 524 2350; x_wconf 75' lang='lat' dir='ltr'>petbus</span> <span class='ocrx_word' id='word_1_142' title='bbox 579 2286 802 2345; x_wconf 80' lang='lat' dir='ltr'>fecerat.</span> <span class='ocrx_word' id='word_1_143' title='bbox 856 2301 1009 2349; x_wconf 87' lang='lat' dir='ltr'>quem</span> <span class='ocrx_word' id='word_1_144' title='bbox 1066 2287 1204 2335; x_wconf 90' lang='lat' dir='ltr'>idem</span> <span class='ocrx_word' id='word_1_145' title='bbox 1259 2287 1396 2336; x_wconf 78' lang='lat' dir='ltr'>Plin-</span> 
     </span>
     <span class='ocr_line' id='line_1_27' title="bbox 326 2363 1396 2429; baseline -0.001 -15"><span class='ocrx_word' id='word_1_146' title='bbox 326 2365 500 2429; x_wconf 80' lang='lat' dir='ltr'>Epist.</span> <span class='ocrx_word' id='word_1_147' title='bbox 548 2378 614 2415; x_wconf 84' lang='lat' dir='ltr'>n.</span> <span class='ocrx_word' id='word_1_148' title='bbox 653 2369 706 2414; x_wconf 80' lang='lat'>6.</span> <span class='ocrx_word' id='word_1_149' title='bbox 760 2363 1116 2428; x_wconf 78' lang='lat' dir='ltr'>reprehendit,</span> <span class='ocrx_word' id='word_1_150' title='bbox 1157 2364 1296 2428; x_wconf 88' lang='lat' dir='ltr'>quod</span> <span class='ocrx_word' id='word_1_151' title='bbox 1344 2366 1396 2413; x_wconf 86' lang='lat' dir='ltr'>in</span> 
     </span>
     <span class='ocr_line' id='line_1_28' title="bbox 325 2438 1397 2506; baseline -0.002 -14"><span class='ocrx_word' id='word_1_152' title='bbox 325 2457 477 2493; x_wconf 81' lang='lat' dir='ltr'>coena</span> <span class='ocrx_word' id='word_1_153' title='bbox 505 2441 605 2493; x_wconf 78' lang='lat' dir='ltr'>sibi</span> <span class='ocrx_word' id='word_1_154' title='bbox 634 2447 689 2492; x_wconf 87' lang='lat' dir='ltr'>et</span> <span class='ocrx_word' id='word_1_155' title='bbox 714 2442 893 2506; x_wconf 87' lang='lat' dir='ltr'>paucis</span> <span class='ocrx_word' id='word_1_156' title='bbox 917 2441 1115 2505; x_wconf 87' lang='lat' dir='ltr'>optima</span> <span class='ocrx_word' id='word_1_157' title='bbox 1139 2438 1397 2505; x_wconf 65' lang='lat' dir='ltr'>quedam,</span> 
     </span>
     <span class='ocr_line' id='line_1_29' title="bbox 324 2519 1397 2581; baseline -0.003 -13"><span class='ocrx_word' id='word_1_158' title='bbox 324 2519 524 2569; x_wconf 88' lang='lat' dir='ltr'>ceteris</span> <span class='ocrx_word' id='word_1_159' title='bbox 548 2519 667 2568; x_wconf 80' lang='lat' dir='ltr'>vilia</span> <span class='ocrx_word' id='word_1_160' title='bbox 689 2526 744 2567; x_wconf 87' lang='lat' dir='ltr'>et</span> <span class='ocrx_word' id='word_1_161' title='bbox 769 2520 984 2574; x_wconf 89' lang='lat' dir='ltr'>minuta,</span> <span class='ocrx_word' id='word_1_162' title='bbox 1018 2520 1285 2581; x_wconf 81' lang='lat' dir='ltr'>posuerit;</span> <span class='ocrx_word' id='word_1_163' title='bbox 1321 2519 1397 2566; x_wconf 85' lang='lat' dir='ltr'>vi·</span> 
     </span>
     <span class='ocr_line' id='line_1_30' title="bbox 325 2593 1396 2657; baseline -0.001 -13"><span class='ocrx_word' id='word_1_164' title='bbox 325 2608 452 2644; x_wconf 85' lang='lat' dir='ltr'>num</span> <span class='ocrx_word' id='word_1_165' title='bbox 487 2595 647 2644; x_wconf 85' lang='lat' dir='ltr'>etiam</span> <span class='ocrx_word' id='word_1_166' title='bbox 687 2594 739 2643; x_wconf 85' lang='lat' dir='ltr'>in</span> <span class='ocrx_word' id='word_1_167' title='bbox 785 2595 886 2644; x_wconf 88' lang='lat' dir='ltr'>tria</span> <span class='ocrx_word' id='word_1_168' title='bbox 924 2593 1265 2657; x_wconf 77' lang='lat' dir='ltr'>descripserit</span> <span class='ocrx_word' id='word_1_169' title='bbox 1309 2608 1396 2656; x_wconf 82' lang='lat' dir='ltr'>ge-</span> 
     </span>
     <span class='ocr_line' id='line_1_31' title="bbox 325 2667 1398 2733; baseline -0.003 -13"><span class='ocrx_word' id='word_1_170' title='bbox 325 2683 481 2733; x_wconf 55' lang='lat' dir='ltr'>netu</span> <span class='ocrx_word' id='word_1_171' title='bbox 539 2667 679 2720; x_wconf 79' lang='lat' dir='ltr'>aliud</span> <span class='ocrx_word' id='word_1_172' title='bbox 730 2669 829 2719; x_wconf 87' lang='lat' dir='ltr'>sibi</span> <span class='ocrx_word' id='word_1_173' title='bbox 867 2676 923 2719; x_wconf 84' lang='lat' dir='ltr'>et</span> <span class='ocrx_word' id='word_1_174' title='bbox 963 2669 1398 2725; x_wconf 74' lang='lat' dir='ltr'>honoratioribus,</span> 
     </span>
     <span class='ocr_line' id='line_1_32' title="bbox 323 2744 1398 2808; baseline 0.001 -13"><span class='ocrx_word' id='word_1_175' title='bbox 323 2746 465 2796; x_wconf 85' lang='lat' dir='ltr'>aliud</span> <span class='ocrx_word' id='word_1_176' title='bbox 490 2745 774 2797; x_wconf 87' lang='lat' dir='ltr'>minoribus</span> <span class='ocrx_word' id='word_1_177' title='bbox 797 2746 993 2808; x_wconf 87' lang='lat' dir='ltr'>amicis,</span> <span class='ocrx_word' id='word_1_178' title='bbox 1019 2744 1159 2795; x_wconf 88' lang='lat' dir='ltr'>aliud</span> <span class='ocrx_word' id='word_1_179' title='bbox 1183 2746 1289 2794; x_wconf 87' lang='lat' dir='ltr'>suis</span> <span class='ocrx_word' id='word_1_180' title='bbox 1312 2760 1398 2796; x_wconf 88' lang='lat' dir='ltr'>ce·</span> 
     </span>
     <span class='ocr_line' id='line_1_33' title="bbox 325 2821 1392 2887; baseline -0.002 -15"><span class='ocrx_word' id='word_1_181' title='bbox 325 2830 663 2887; x_wconf 87' lang='lat' dir='ltr'>terornmque</span> <span class='ocrx_word' id='word_1_182' title='bbox 686 2822 910 2872; x_wconf 81' lang='lat' dir='ltr'>libertis.</span> <span class='ocrx_word' id='word_1_183' title='bbox 981 2822 1104 2871; x_wconf 87' lang='lat' dir='ltr'>Pari</span> <span class='ocrx_word' id='word_1_184' title='bbox 1139 2821 1392 2885; x_wconf 81' lang='lat' dir='ltr'>significa·</span> 
     </span>
     <span class='ocr_line' id='line_1_34' title="bbox 327 2898 1396 2961; baseline -0.002 -14"><span class='ocrx_word' id='word_1_185' title='bbox 327 2900 470 2948; x_wconf 88' lang='lat' dir='ltr'>tione</span> <span class='ocrx_word' id='word_1_186' title='bbox 507 2899 709 2948; x_wconf 77' lang='lat' dir='ltr'>Plinius</span> <span class='ocrx_word' id='word_1_187' title='bbox 744 2913 863 2947; x_wconf 79' lang='lat' dir='ltr'>mox</span> <span class='ocrx_word' id='word_1_188' title='bbox 900 2898 1027 2947; x_wconf 90' lang='lat' dir='ltr'>dicit</span> <span class='ocrx_word' id='word_1_189' title='bbox 1058 2904 1396 2961; x_wconf 83' lang='lat' dir='ltr'>‘semperque</span> 
     </span>
     <span class='ocr_line' id='line_1_35' title="bbox 321 2973 1396 3037; baseline -0.003 -13"><span class='ocrx_word' id='word_1_190' title='bbox 321 2989 507 3024; x_wconf 82' lang='lat' dir='ltr'>mensa</span> <span class='ocrx_word' id='word_1_191' title='bbox 549 2973 887 3034; x_wconf 82' lang='lat' dir='ltr'>communis3&#39;</span> <span class='ocrx_word' id='word_1_192' title='bbox 937 2973 1020 3023; x_wconf 87' lang='lat' dir='ltr'>cui</span> <span class='ocrx_word' id='word_1_193' title='bbox 1061 2982 1396 3037; x_wconf 90' lang='lat' dir='ltr'>opponuntur</span> 
     </span>
     <span class='ocr_line' id='line_1_36' title="bbox 304 3049 1392 3116; baseline -0.003 -13"><span class='ocrx_word' id='word_1_194' title='bbox 304 3054 338 3089; x_wconf 86' lang='lat'>-‘</span> <span class='ocrx_word' id='word_1_195' title='bbox 357 3066 554 3103; x_wconf 65' lang='lat' dir='ltr'>mensa</span> <span class='ocrx_word' id='word_1_196' title='bbox 578 3051 769 3116; x_wconf 80' lang='lat' dir='ltr'>iniquae</span> <span class='ocrx_word' id='word_1_197' title='bbox 788 3050 803 3071; x_wconf 91' lang='lat'><em>&#39;</em></span> <span class='ocrx_word' id='word_1_198' title='bbox 839 3049 974 3113; x_wconf 89' lang='lat' dir='ltr'>apud</span> <span class='ocrx_word' id='word_1_199' title='bbox 997 3050 1240 3101; x_wconf 81' lang='lat' dir='ltr'>Juvenal.</span> <span class='ocrx_word' id='word_1_200' title='bbox 1266 3063 1320 3099; x_wconf 87' lang='lat' dir='ltr'>v.</span> <span class='ocrx_word' id='word_1_201' title='bbox 1343 3054 1392 3100; x_wconf 79' lang='lat'>8.</span> 
     </span>
     <span class='ocr_line' id='line_1_37' title="bbox 324 3123 1394 3193; baseline -0.001 -18"><span class='ocrx_word' id='word_1_202' title='bbox 324 3127 376 3176; x_wconf 87' lang='lat' dir='ltr'>in</span> <span class='ocrx_word' id='word_1_203' title='bbox 397 3128 588 3193; x_wconf 86' lang='lat' dir='ltr'>quibus</span> <span class='ocrx_word' id='word_1_204' title='bbox 613 3142 717 3177; x_wconf 93' lang='lat' dir='ltr'>non</span> <span class='ocrx_word' id='word_1_205' title='bbox 756 3126 953 3175; x_wconf 73' lang='lat' dir='ltr'>eaedem</span> <span class='ocrx_word' id='word_1_206' title='bbox 990 3127 1154 3188; x_wconf 80' lang='lat' dir='ltr'>epulae</span> <span class='ocrx_word' id='word_1_207' title='bbox 1186 3123 1394 3174; x_wconf 87' lang='lat' dir='ltr'>domino</span> 
     </span>
     <span class='ocr_line' id='line_1_38' title="bbox 321 3200 1391 3266; baseline -0.004 -13"><span class='ocrx_word' id='word_1_208' title='bbox 321 3210 380 3253; x_wconf 88' lang='lat' dir='ltr'>et</span> <span class='ocrx_word' id='word_1_209' title='bbox 412 3204 645 3253; x_wconf 78' lang='lat' dir='ltr'>convivis</span> <span class='ocrx_word' id='word_1_210' title='bbox 685 3208 1035 3266; x_wconf 85' lang='lat' dir='ltr'>apponuntur,</span> <span class='ocrx_word' id='word_1_211' title='bbox 1056 3214 1224 3263; x_wconf 87' lang='lat' dir='ltr'>neque</span> <span class='ocrx_word' id='word_1_212' title='bbox 1257 3200 1391 3249; x_wconf 81' lang='lat' dir='ltr'>idern</span> 
     </span>
     <span class='ocr_line' id='line_1_39' title="bbox 321 3279 1393 3343; baseline -0.002 -15"><span class='ocrx_word' id='word_1_213' title='bbox 321 3280 595 3343; x_wconf 76' lang='lat' dir='ltr'>praebetur</span> <span class='ocrx_word' id='word_1_214' title='bbox 618 3279 792 3330; x_wconf 80' lang='lat' dir='ltr'>vinum</span> <span class='ocrx_word' id='word_1_215' title='bbox 813 3293 829 3338; x_wconf 76' lang='grc' dir='ltr'>ς</span> <span class='ocrx_word' id='word_1_216' title='bbox 863 3291 1016 3342; x_wconf 88' lang='lat' dir='ltr'>quern</span> <span class='ocrx_word' id='word_1_217' title='bbox 1039 3290 1233 3326; x_wconf 88' lang='lat' dir='ltr'>morem</span> <span class='ocrx_word' id='word_1_218' title='bbox 1256 3279 1393 3327; x_wconf 86' lang='lat' dir='ltr'>salse</span> 
     </span>
     <span class='ocr_line' id='line_1_40' title="bbox 322 3353 1391 3419; baseline -0.001 -14"><span class='ocrx_word' id='word_1_219' title='bbox 322 3356 394 3405; x_wconf 89' lang='lat' dir='ltr'>ibi</span> <span class='ocrx_word' id='word_1_220' title='bbox 432 3356 700 3419; x_wconf 84' lang='lat' dir='ltr'>vituperat</span> <span class='ocrx_word' id='word_1_221' title='bbox 737 3355 1021 3418; x_wconf 81' lang='lat' dir='ltr'>Satyricus.</span> <span class='ocrx_word' id='word_1_222' title='bbox 1088 3353 1278 3402; x_wconf 88' lang='lat' dir='ltr'>Paucis</span> <span class='ocrx_word' id='word_1_223' title='bbox 1316 3354 1391 3404; x_wconf 82' lang='lat' dir='ltr'>sic</span> 
     </span>
     <span class='ocr_line' id='line_1_41' title="bbox 320 3427 1392 3495; baseline -0.002 -14"><span class='ocrx_word' id='word_1_224' title='bbox 320 3432 493 3482; x_wconf 83' lang='lat' dir='ltr'>babe:</span> <span class='ocrx_word' id='word_1_225' title='bbox 527 3431 810 3495; x_wconf 84' lang='lat' dir='ltr'>Trajanum</span> <span class='ocrx_word' id='word_1_226' title='bbox 844 3430 1025 3480; x_wconf 86' lang='lat' dir='ltr'>eadem</span> <span class='ocrx_word' id='word_1_227' title='bbox 1058 3427 1257 3479; x_wconf 82' lang='lat' dir='ltr'>fercula</span> <span class='ocrx_word' id='word_1_228' title='bbox 1287 3445 1392 3480; x_wconf 88' lang='lat' dir='ltr'>om·</span> 
     </span>
     <span class='ocr_line' id='line_1_42' title="bbox 318 3505 1395 3571; baseline -0.002 -15"><span class='ocrx_word' id='word_1_229' title='bbox 318 3507 475 3557; x_wconf 77' lang='lat' dir='ltr'>nibus</span> <span class='ocrx_word' id='word_1_230' title='bbox 512 3508 769 3570; x_wconf 81' lang='lat' dir='ltr'>posuisse,</span> <span class='ocrx_word' id='word_1_231' title='bbox 797 3520 1012 3571; x_wconf 86' lang='lat' dir='ltr'>eosque,</span> <span class='ocrx_word' id='word_1_232' title='bbox 1044 3519 1170 3569; x_wconf 89' lang='lat' dir='ltr'>quos</span> <span class='ocrx_word' id='word_1_233' title='bbox 1207 3505 1395 3554; x_wconf 86' lang='lat' dir='ltr'>invita-</span> 
     </span>
     <span class='ocr_line' id='line_1_43' title="bbox 320 3581 1394 3646; baseline -0.001 -13"><span class='ocrx_word' id='word_1_234' title='bbox 320 3591 496 3645; x_wconf 76' lang='lat' dir='ltr'>verat,</span> <span class='ocrx_word' id='word_1_235' title='bbox 534 3591 592 3632; x_wconf 86' lang='lat' dir='ltr'>et</span> <span class='ocrx_word' id='word_1_236' title='bbox 633 3597 830 3643; x_wconf 84' lang='lat' dir='ltr'>mensa,</span> <span class='ocrx_word' id='word_1_237' title='bbox 872 3591 928 3632; x_wconf 90' lang='lat' dir='ltr'>et</span> <span class='ocrx_word' id='word_1_238' title='bbox 973 3581 1212 3646; x_wconf 85' lang='lat' dir='ltr'>dapibus,</span> <span class='ocrx_word' id='word_1_239' title='bbox 1255 3596 1394 3632; x_wconf 76' lang='lat' dir='ltr'>exae-</span> 
     </span>
     <span class='ocr_line' id='line_1_44' title="bbox 322 3660 815 3726; baseline -0.006 -16"><span class='ocrx_word' id='word_1_240' title='bbox 322 3674 536 3726; x_wconf 83' lang='lat' dir='ltr'>quasse.</span> <span class='ocrx_word' id='word_1_241' title='bbox 571 3660 815 3709; x_wconf 64' lang='lat' dir='ltr'>Selorum-z.</span> 
     </span>
    </p>

    <p class='ocr_par' dir='ltr' id='par_1_5' title="bbox 321 3734 1395 3939">
     <span class='ocr_line' id='line_1_45' title="bbox 388 3734 1395 3798; baseline -0.002 -12"><span class='ocrx_word' id='word_1_242' title='bbox 388 3738 509 3786; x_wconf 72' lang='lat' dir='ltr'>Non</span> <span class='ocrx_word' id='word_1_243' title='bbox 544 3751 608 3785; x_wconf 77' lang='lat' dir='ltr'>ex</span> <span class='ocrx_word' id='word_1_244' title='bbox 632 3734 872 3798; x_wconf 76' lang='lat' dir='ltr'>conuictu]</span> <span class='ocrx_word' id='word_1_245' title='bbox 911 3735 1043 3784; x_wconf 81' lang='lat' dir='ltr'>Num</span> <span class='ocrx_word' id='word_1_246' title='bbox 1080 3749 1144 3784; x_wconf 79' lang='lat' dir='ltr'>ex</span> <span class='ocrx_word' id='word_1_247' title='bbox 1177 3736 1395 3785; x_wconf 72' lang='lat' dir='ltr'>convictu</span> 
     </span>
     <span class='ocr_line' id='line_1_46' title="bbox 322 3812 1394 3863; baseline -0.002 0"><span class='ocrx_word' id='word_1_248' title='bbox 322 3813 452 3863; x_wconf 83' lang='lat' dir='ltr'>edit.</span> <span class='ocrx_word' id='word_1_249' title='bbox 478 3812 718 3863; x_wconf 84' lang='lat' dir='ltr'>Rhenan.</span> <span class='ocrx_word' id='word_1_250' title='bbox 788 3814 900 3862; x_wconf 78' lang='lat' dir='ltr'>Non</span> <span class='ocrx_word' id='word_1_251' title='bbox 927 3827 991 3862; x_wconf 75' lang='lat' dir='ltr'>ex</span> <span class='ocrx_word' id='word_1_252' title='bbox 1012 3813 1241 3861; x_wconf 78' lang='lat' dir='ltr'>convictu.</span> <span class='ocrx_word' id='word_1_253' title='bbox 1305 3813 1394 3861; x_wconf 89' lang='lat' dir='ltr'>Sic</span> 
     </span>
     <span class='ocr_line' id='line_1_47' title="bbox 321 3888 771 3939; baseline -0.004 0"><span class='ocrx_word' id='word_1_254' title='bbox 321 3902 473 3939; x_wconf 84' lang='lat' dir='ltr'>meus</span> <span class='ocrx_word' id='word_1_255' title='bbox 496 3889 561 3938; x_wconf 84' lang='lat' dir='ltr'>C.</span> <span class='ocrx_word' id='word_1_256' title='bbox 595 3888 771 3937; x_wconf 82' lang='lat' dir='ltr'>Faber.</span> 
     </span>
    </p>

    <p class='ocr_par' dir='ltr' id='par_1_6' title="bbox 324 3962 1396 4100">
     <span class='ocr_line' id='line_1_48' title="bbox 388 3962 1396 4027; baseline 0 -14"><span class='ocrx_word' id='word_1_257' title='bbox 388 3964 507 4013; x_wconf 71' lang='lat' dir='ltr'>Non</span> <span class='ocrx_word' id='word_1_258' title='bbox 541 3964 792 4027; x_wconf 73' lang='lat' dir='ltr'>provocas]</span> <span class='ocrx_word' id='word_1_259' title='bbox 848 3963 983 4011; x_wconf 78' lang='lat' dir='ltr'>Num</span> <span class='ocrx_word' id='word_1_260' title='bbox 1012 3977 1236 4025; x_wconf 77' lang='lat' dir='ltr'>provocas</span> <span class='ocrx_word' id='word_1_261' title='bbox 1268 3962 1396 4014; x_wconf 87' lang='lat' dir='ltr'>edit.</span> 
     </span>
     <span class='ocr_line' id='line_1_49' title="bbox 324 4038 1396 4100; baseline -0.002 -12"><span class='ocrx_word' id='word_1_262' title='bbox 324 4039 493 4089; x_wconf 86' lang='lat' dir='ltr'>Rben.</span> <span class='ocrx_word' id='word_1_263' title='bbox 555 4039 667 4087; x_wconf 77' lang='lat' dir='ltr'>Non</span> <span class='ocrx_word' id='word_1_264' title='bbox 688 4052 928 4100; x_wconf 75' lang='lat' dir='ltr'>provocas.</span> <span class='ocrx_word' id='word_1_265' title='bbox 976 4038 1062 4087; x_wconf 91' lang='lat' dir='ltr'>Sic</span> <span class='ocrx_word' id='word_1_266' title='bbox 1076 4038 1291 4087; x_wconf 88' lang='lat' dir='ltr'>meusC.</span> <span class='ocrx_word' id='word_1_267' title='bbox 1317 4038 1396 4086; x_wconf 87' lang='lat' dir='ltr'>Id.</span> 
     </span>
    </p>

    <p class='ocr_par' dir='ltr' id='par_1_7' title="bbox 325 4111 1397 4328">
     <span class='ocr_line' id='line_1_50' title="bbox 385 4111 1397 4176; baseline 0.001 -14"><span class='ocrx_word' id='word_1_268' title='bbox 385 4111 656 4176; x_wconf 74' lang='lat' dir='ltr'>Prosocas]</span> <span class='ocrx_word' id='word_1_269' title='bbox 692 4112 971 4162; x_wconf 79' lang='lat' dir='ltr'>Suetonius</span> <span class='ocrx_word' id='word_1_270' title='bbox 994 4113 1057 4161; x_wconf 88' lang='lat' dir='ltr'>de</span> <span class='ocrx_word' id='word_1_271' title='bbox 1084 4114 1315 4176; x_wconf 80' lang='lat' dir='ltr'>Augusto</span> <span class='ocrx_word' id='word_1_272' title='bbox 1347 4129 1397 4163; x_wconf 85' lang='lat' dir='ltr'>c.</span> 
     </span>
     <span class='ocr_line' id='line_1_51' title="bbox 325 4188 1397 4252; baseline 0.001 -14"><span class='ocrx_word' id='word_1_273' title='bbox 325 4194 371 4238; x_wconf 74' lang='lat'>4.</span> <span class='ocrx_word' id='word_1_274' title='bbox 405 4191 421 4217; x_wconf 81' lang='lat'>⁸</span> <span class='ocrx_word' id='word_1_275' title='bbox 443 4189 662 4239; x_wconf 86' lang='lat' dir='ltr'>Coenam</span> <span class='ocrx_word' id='word_1_276' title='bbox 698 4188 991 4252; x_wconf 70' lang='lat' dir='ltr'>praebebat.</span> <span class='ocrx_word' id='word_1_277' title='bbox 1012 4196 1071 4237; x_wconf 91' lang='lat' dir='ltr'>ut</span> <span class='ocrx_word' id='word_1_278' title='bbox 1106 4202 1204 4237; x_wconf 91' lang='lat' dir='ltr'>non</span> <span class='ocrx_word' id='word_1_279' title='bbox 1241 4189 1397 4238; x_wconf 89' lang='lat' dir='ltr'>nimio</span> 
     </span>
     <span class='ocr_line' id='line_1_52' title="bbox 326 4262 1397 4328; baseline 0 -15"><span class='ocrx_word' id='word_1_280' title='bbox 326 4271 519 4328; x_wconf 82' lang='lat' dir='ltr'>sumtu,</span> <span class='ocrx_word' id='word_1_281' title='bbox 537 4263 613 4314; x_wconf 89' lang='lat' dir='ltr'>ita</span> <span class='ocrx_word' id='word_1_282' title='bbox 629 4276 830 4314; x_wconf 81' lang='lat' dir='ltr'>samma</span> <span class='ocrx_word' id='word_1_283' title='bbox 846 4263 1115 4313; x_wconf 82' lang='lat' dir='ltr'>comitate.</span> <span class='ocrx_word' id='word_1_284' title='bbox 1182 4262 1319 4314; x_wconf 86' lang='lat' dir='ltr'>Nam</span> <span class='ocrx_word' id='word_1_285' title='bbox 1340 4271 1397 4315; x_wconf 83' lang='lat' dir='ltr'>et</span> 
     </span>
    </p>
   </div>
   <div class='ocr_carea' id='block_1_5' title="bbox 1466 615 2538 4325">
    <p class='ocr_par' dir='ltr' id='par_1_8' title="bbox 1472 615 2536 755">
     <span class='ocr_line' id='line_1_53' title="bbox 1472 615 2536 682; baseline 0.005 -19"><span class='ocrx_word' id='word_1_286' title='bbox 1472 615 1559 663; x_wconf 80' lang='lat' dir='ltr'>vel</span> <span class='ocrx_word' id='word_1_287' title='bbox 1596 615 1887 667; x_wconf 70' lang='lat' dir='ltr'>submissim</span> <span class='ocrx_word' id='word_1_288' title='bbox 1934 616 2247 674; x_wconf 75' lang='lat' dir='ltr'>fabulantes,</span> <span class='ocrx_word' id='word_1_289' title='bbox 2287 632 2536 682; x_wconf 82' lang='lat' dir='ltr'>provoca·</span> 
     </span>
     <span class='ocr_line' id='line_1_54' title="bbox 1475 688 1761 755; baseline 0.007 -17"><span class='ocrx_word' id='word_1_290' title='bbox 1475 688 1601 740; x_wconf 62' lang='lat' dir='ltr'>bat!</span> <span class='ocrx_word' id='word_1_291' title='bbox 1624 689 1761 755; x_wconf 73' lang='lat' dir='ltr'>Lips.</span> 
     </span>
    </p>

    <p class='ocr_par' dir='ltr' id='par_1_9' title="bbox 1468 767 2538 968">
     <span class='ocr_line' id='line_1_55' title="bbox 1538 767 2537 834; baseline 0.005 -19"><span class='ocrx_word' id='word_1_292' title='bbox 1538 767 1654 825; x_wconf 77' lang='lat' dir='ltr'>Non</span> <span class='ocrx_word' id='word_1_293' title='bbox 1676 767 1829 830; x_wconf 73' lang='lat' dir='ltr'>ipsum</span> <span class='ocrx_word' id='word_1_294' title='bbox 1845 771 2051 833; x_wconf 76' lang='lat' dir='ltr'>tempus]</span> <span class='ocrx_word' id='word_1_295' title='bbox 2090 768 2221 819; x_wconf 78' lang='lat' dir='ltr'>Nam</span> <span class='ocrx_word' id='word_1_296' title='bbox 2241 770 2395 834; x_wconf 78' lang='lat' dir='ltr'>ipsum</span> <span class='ocrx_word' id='word_1_297' title='bbox 2417 776 2537 820; x_wconf 75' lang='lat' dir='ltr'>tem·</span> 
     </span>
     <span class='ocr_line' id='line_1_56' title="bbox 1468 842 2538 911; baseline 0.008 -21"><span class='ocrx_word' id='word_1_298' title='bbox 1468 855 1562 904; x_wconf 74' lang='lat' dir='ltr'>pus</span> <span class='ocrx_word' id='word_1_299' title='bbox 1583 842 1713 891; x_wconf 87' lang='lat' dir='ltr'>edit.</span> <span class='ocrx_word' id='word_1_300' title='bbox 1737 842 1967 892; x_wconf 75' lang='lat' dir='ltr'>Rlneuan.</span> <span class='ocrx_word' id='word_1_301' title='bbox 2036 846 2147 895; x_wconf 81' lang='lat' dir='ltr'>Non</span> <span class='ocrx_word' id='word_1_302' title='bbox 2170 846 2320 910; x_wconf 79' lang='lat' dir='ltr'>ipsum</span> <span class='ocrx_word' id='word_1_303' title='bbox 2339 853 2538 911; x_wconf 77' lang='lat' dir='ltr'>tempus.</span> 
     </span>
     <span class='ocr_line' id='line_1_57' title="bbox 1472 917 2020 968; baseline 0.002 -1"><span class='ocrx_word' id='word_1_304' title='bbox 1472 917 1565 967; x_wconf 89' lang='lat' dir='ltr'>Sic</span> <span class='ocrx_word' id='word_1_305' title='bbox 1589 932 1730 966; x_wconf 88' lang='lat' dir='ltr'>meus</span> <span class='ocrx_word' id='word_1_306' title='bbox 1753 919 1813 967; x_wconf 91' lang='lat' dir='ltr'>C.</span> <span class='ocrx_word' id='word_1_307' title='bbox 1852 919 2020 968; x_wconf 68' lang='lat' dir='ltr'>Faber.</span> 
     </span>
    </p>

    <p class='ocr_par' dir='ltr' id='par_1_10' title="bbox 1466 993 2538 2108">
     <span class='ocr_line' id='line_1_58' title="bbox 1543 993 2537 1058; baseline 0.006 -18"><span class='ocrx_word' id='word_1_308' title='bbox 1543 993 1665 1041; x_wconf 79' lang='lat' dir='ltr'>Cum</span> <span class='ocrx_word' id='word_1_309' title='bbox 1683 993 1978 1058; x_wconf 76' lang='lat' dir='ltr'>frugalitas]</span> <span class='ocrx_word' id='word_1_310' title='bbox 2011 995 2084 1045; x_wconf 80' lang='lat' dir='ltr'>At</span> <span class='ocrx_word' id='word_1_311' title='bbox 2122 997 2258 1045; x_wconf 78' lang='lat' dir='ltr'>‘vini</span> <span class='ocrx_word' id='word_1_312' title='bbox 2298 996 2537 1054; x_wconf 82' lang='lat' dir='ltr'>affatim‚’</span> 
     </span>
     <span class='ocr_line' id='line_1_59' title="bbox 1470 1067 2533 1135; baseline 0.006 -18"><span class='ocrx_word' id='word_1_313' title='bbox 1470 1067 1511 1118; x_wconf 80' lang='lat' dir='ltr'>si</span> <span class='ocrx_word' id='word_1_314' title='bbox 1537 1069 1804 1132; x_wconf 82' lang='lat' dir='ltr'>xiphilino</span> <span class='ocrx_word' id='word_1_315' title='bbox 1825 1072 2103 1135; x_wconf 83' lang='lat' dir='ltr'>credimus,</span> <span class='ocrx_word' id='word_1_316' title='bbox 2126 1073 2143 1101; x_wconf 77' lang='lat'><em>⁴</em></span> <span class='ocrx_word' id='word_1_317' title='bbox 2162 1074 2402 1123; x_wconf 85' lang='lat' dir='ltr'>bibebat.&#39;</span> <span class='ocrx_word' id='word_1_318' title='bbox 2450 1077 2533 1123; x_wconf 83' lang='lat' dir='ltr'>AE-</span> 
     </span>
     <span class='ocr_line' id='line_1_60' title="bbox 1471 1143 2536 1209; baseline 0.007 -17"><span class='ocrx_word' id='word_1_319' title='bbox 1471 1143 1570 1193; x_wconf 84' lang='lat' dir='ltr'>lius</span> <span class='ocrx_word' id='word_1_320' title='bbox 1595 1145 1750 1194; x_wconf 86' lang='lat' dir='ltr'>etiam</span> <span class='ocrx_word' id='word_1_321' title='bbox 1774 1146 2101 1209; x_wconf 78' lang='lat' dir='ltr'>Lampridius</span> <span class='ocrx_word' id='word_1_322' title='bbox 2120 1148 2421 1200; x_wconf 84' lang='lat' dir='ltr'>Alexandro</span> <span class='ocrx_word' id='word_1_323' title='bbox 2444 1153 2536 1199; x_wconf 53' lang='lat' dir='ltr'>Se*-</span> 
     </span>
     <span class='ocr_line' id='line_1_61' title="bbox 1471 1221 2538 1288; baseline 0.007 -19"><span class='ocrx_word' id='word_1_324' title='bbox 1471 1234 1597 1269; x_wconf 83' lang='lat' dir='ltr'>vero</span> <span class='ocrx_word' id='word_1_325' title='bbox 1632 1221 1939 1285; x_wconf 80' lang='lat' dir='ltr'>‘largiorem</span> <span class='ocrx_word' id='word_1_326' title='bbox 1980 1225 2028 1273; x_wconf 91' lang='lat' dir='ltr'>ei</span> <span class='ocrx_word' id='word_1_327' title='bbox 2066 1227 2538 1288; x_wconf 79' lang='lat' dir='ltr'>compotationem&#39;</span> 
     </span>
     <span class='ocr_line' id='line_1_62' title="bbox 1473 1297 2531 1354; baseline 0.008 -8"><span class='ocrx_word' id='word_1_328' title='bbox 1473 1297 1704 1348; x_wconf 78' lang='lat' dir='ltr'>tribuere</span> <span class='ocrx_word' id='word_1_329' title='bbox 1752 1299 1955 1349; x_wconf 79' lang='lat' dir='ltr'>videtur</span> <span class='ocrx_word' id='word_1_330' title='bbox 1995 1301 2073 1350; x_wconf 84' lang='lat' dir='ltr'>bis</span> <span class='ocrx_word' id='word_1_331' title='bbox 2110 1303 2311 1352; x_wconf 82' lang='lat' dir='ltr'>verbis:</span> <span class='ocrx_word' id='word_1_332' title='bbox 2365 1305 2531 1354; x_wconf 77' lang='lat' dir='ltr'>‘Cum</span> 
     </span>
     <span class='ocr_line' id='line_1_63' title="bbox 1472 1372 2532 1441; baseline 0.01 -23"><span class='ocrx_word' id='word_1_333' title='bbox 1472 1372 1665 1421; x_wconf 88' lang='lat' dir='ltr'>amicos</span> <span class='ocrx_word' id='word_1_334' title='bbox 1705 1374 1954 1424; x_wconf 83' lang='lat' dir='ltr'>militares</span> <span class='ocrx_word' id='word_1_335' title='bbox 1991 1376 2271 1441; x_wconf 75' lang='lat' dir='ltr'>habuisset,</span> <span class='ocrx_word' id='word_1_336' title='bbox 2296 1387 2352 1427; x_wconf 88' lang='lat' dir='ltr'>ut</span> <span class='ocrx_word' id='word_1_337' title='bbox 2389 1395 2532 1429; x_wconf 86' lang='lat' dir='ltr'>usum</span> 
     </span>
     <span class='ocr_line' id='line_1_64' title="bbox 1469 1448 2532 1515; baseline 0.009 -20"><span class='ocrx_word' id='word_1_338' title='bbox 1469 1448 1692 1512; x_wconf 81' lang='lat' dir='ltr'>Trajani.</span> <span class='ocrx_word' id='word_1_339' title='bbox 1737 1463 1885 1513; x_wconf 89' lang='lat' dir='ltr'>quem</span> <span class='ocrx_word' id='word_1_340' title='bbox 1938 1452 2024 1500; x_wconf 89' lang='lat' dir='ltr'>ille</span> <span class='ocrx_word' id='word_1_341' title='bbox 2082 1460 2200 1515; x_wconf 85' lang='lat' dir='ltr'>post</span> <span class='ocrx_word' id='word_1_342' title='bbox 2254 1456 2532 1505; x_wconf 85' lang='lat' dir='ltr'>secundam</span> 
     </span>
     <span class='ocr_line' id='line_1_65' title="bbox 1470 1527 2536 1594; baseline 0.009 -22"><span class='ocrx_word' id='word_1_343' title='bbox 1470 1538 1699 1574; x_wconf 85' lang='lat' dir='ltr'>mensam</span> <span class='ocrx_word' id='word_1_344' title='bbox 1738 1527 1952 1589; x_wconf 88' lang='lat' dir='ltr'>potandi</span> <span class='ocrx_word' id='word_1_345' title='bbox 1987 1542 2147 1593; x_wconf 88' lang='lat' dir='ltr'>usque</span> <span class='ocrx_word' id='word_1_346' title='bbox 2185 1530 2248 1578; x_wconf 86' lang='lat' dir='ltr'>ad</span> <span class='ocrx_word' id='word_1_347' title='bbox 2284 1531 2312 1558; x_wconf 79' lang='lat'>&#39;¹&#39;</span> <span class='ocrx_word' id='word_1_348' title='bbox 2349 1535 2536 1594; x_wconf 85' lang='lat' dir='ltr'>pocula</span> 
     </span>
     <span class='ocr_line' id='line_1_66' title="bbox 1468 1601 2534 1668; baseline 0.008 -18"><span class='ocrx_word' id='word_1_349' title='bbox 1468 1601 1787 1664; x_wconf 75' lang='lat' dir='ltr'>instituerat,</span> <span class='ocrx_word' id='word_1_350' title='bbox 1811 1611 2121 1668; x_wconf 82' lang='lat' dir='ltr'>reservaret,</span> <span class='ocrx_word' id='word_1_351' title='bbox 2152 1619 2304 1655; x_wconf 91' lang='lat' dir='ltr'>unum</span> <span class='ocrx_word' id='word_1_352' title='bbox 2334 1613 2534 1659; x_wconf 84' lang='lat' dir='ltr'>tantum</span> 
     </span>
     <span class='ocr_line' id='line_1_67' title="bbox 1472 1679 2534 1740; baseline 0.009 -15"><span class='ocrx_word' id='word_1_353' title='bbox 1472 1679 1710 1740; x_wconf 88' lang='lat' dir='ltr'>poculum</span> <span class='ocrx_word' id='word_1_354' title='bbox 1736 1679 2013 1728; x_wconf 81' lang='lat' dir='ltr'>exhibebat</span> <span class='ocrx_word' id='word_1_355' title='bbox 2035 1682 2087 1729; x_wconf 87' lang='lat' dir='ltr'>in</span> <span class='ocrx_word' id='word_1_356' title='bbox 2111 1682 2354 1733; x_wconf 84' lang='lat' dir='ltr'>bonorem</span> <span class='ocrx_word' id='word_1_357' title='bbox 2378 1684 2534 1735; x_wconf 84' lang='lat' dir='ltr'>Alex·</span> 
     </span>
     <span class='ocr_line' id='line_1_68' title="bbox 1470 1753 2534 1825; baseline 0.008 -24"><span class='ocrx_word' id='word_1_358' title='bbox 1470 1753 1617 1801; x_wconf 86' lang='lat' dir='ltr'>andri</span> <span class='ocrx_word' id='word_1_359' title='bbox 1642 1755 1857 1817; x_wconf 83' lang='lat' dir='ltr'>Magni.&#39;</span> <span class='ocrx_word' id='word_1_360' title='bbox 1910 1754 2228 1807; x_wconf 85' lang='lat' dir='ltr'>Asteriscum</span> <span class='ocrx_word' id='word_1_361' title='bbox 2262 1759 2534 1825; x_wconf 85' lang='lat' dir='ltr'>adscripsi,</span> 
     </span>
     <span class='ocr_line' id='line_1_69' title="bbox 1469 1829 2533 1901; baseline 0.009 -25"><span class='ocrx_word' id='word_1_362' title='bbox 1469 1829 1605 1892; x_wconf 86' lang='lat' dir='ltr'>qnod</span> <span class='ocrx_word' id='word_1_363' title='bbox 1630 1830 1886 1880; x_wconf 81' lang='lat' dir='ltr'>excidisse</span> <span class='ocrx_word' id='word_1_364' title='bbox 1917 1845 2185 1881; x_wconf 89' lang='lat' dir='ltr'>numerum</span> <span class='ocrx_word' id='word_1_365' title='bbox 2220 1836 2422 1899; x_wconf 87' lang='lat' dir='ltr'>opiner,</span> <span class='ocrx_word' id='word_1_366' title='bbox 2449 1841 2533 1901; x_wconf 81' lang='lat' dir='ltr'>qui</span> 
     </span>
     <span class='ocr_line' id='line_1_70' title="bbox 1466 1905 2533 1969; baseline 0.007 -16"><span class='ocrx_word' id='word_1_367' title='bbox 1466 1906 1693 1969; x_wconf 83' lang='lat' dir='ltr'>Trajano</span> <span class='ocrx_word' id='word_1_368' title='bbox 1717 1905 1985 1958; x_wconf 84' lang='lat' dir='ltr'>familiaris</span> <span class='ocrx_word' id='word_1_369' title='bbox 2019 1910 2072 1956; x_wconf 90' lang='lat' dir='ltr'>in</span> <span class='ocrx_word' id='word_1_370' title='bbox 2110 1923 2175 1957; x_wconf 87' lang='lat' dir='ltr'>ea</span> <span class='ocrx_word' id='word_1_371' title='bbox 2210 1910 2533 1961; x_wconf 82' lang='lat' dir='ltr'>invitatione.</span> 
     </span>
     <span class='ocr_line' id='line_1_71' title="bbox 1469 1980 2533 2048; baseline 0.01 -20"><span class='ocrx_word' id='word_1_372' title='bbox 1469 1980 1620 2031; x_wconf 82' lang='lat' dir='ltr'>Adde</span> <span class='ocrx_word' id='word_1_373' title='bbox 1645 1983 1763 2047; x_wconf 86' lang='lat' dir='ltr'>buc,</span> <span class='ocrx_word' id='word_1_374' title='bbox 1787 1997 1900 2048; x_wconf 76' lang='lat' dir='ltr'>quae</span> <span class='ocrx_word' id='word_1_375' title='bbox 1937 1989 2173 2034; x_wconf 86' lang='lat' dir='ltr'>notamus</span> <span class='ocrx_word' id='word_1_376' title='bbox 2198 1986 2261 2035; x_wconf 88' lang='lat' dir='ltr'>ad</span> <span class='ocrx_word' id='word_1_377' title='bbox 2287 1999 2461 2037; x_wconf 71' lang='lat' dir='ltr'>nvn.</span> <span class='ocrx_word' id='word_1_378' title='bbox 2484 1994 2533 2039; x_wconf 82' lang='lat'>2.</span> 
     </span>
     <span class='ocr_line' id='line_1_72' title="bbox 1466 2057 1631 2108; baseline 0.012 -2"><span class='ocrx_word' id='word_1_379' title='bbox 1466 2057 1631 2108; x_wconf 77' lang='lat' dir='ltr'>Licin.</span> 
     </span>
    </p>

    <p class='ocr_par' dir='ltr' id='par_1_11' title="bbox 1467 2135 2536 2735">
     <span class='ocr_line' id='line_1_73' title="bbox 1538 2135 2535 2202; baseline 0.007 -19"><span class='ocrx_word' id='word_1_380' title='bbox 1538 2135 1843 2201; x_wconf 70' lang='lat' dir='ltr'>Frugalieao]</span> <span class='ocrx_word' id='word_1_381' title='bbox 1883 2136 2002 2188; x_wconf 85' lang='lat' dir='ltr'>Hoc</span> <span class='ocrx_word' id='word_1_382' title='bbox 2026 2145 2082 2188; x_wconf 89' lang='lat' dir='ltr'>et</span> <span class='ocrx_word' id='word_1_383' title='bbox 2105 2139 2157 2188; x_wconf 91' lang='lat' dir='ltr'>in</span> <span class='ocrx_word' id='word_1_384' title='bbox 2180 2139 2416 2202; x_wconf 86' lang='lat' dir='ltr'>epistolis</span> <span class='ocrx_word' id='word_1_385' title='bbox 2444 2141 2535 2190; x_wconf 86' lang='lat' dir='ltr'>ad-</span> 
     </span>
     <span class='ocr_line' id='line_1_74' title="bbox 1468 2211 2535 2279; baseline 0.007 -21"><span class='ocrx_word' id='word_1_386' title='bbox 1468 2211 1597 2259; x_wconf 85' lang='lat' dir='ltr'>serit</span> <span class='ocrx_word' id='word_1_387' title='bbox 1628 2225 1708 2261; x_wconf 79' lang='lat' dir='ltr'>vx.</span> <span class='ocrx_word' id='word_1_388' title='bbox 1744 2216 1825 2262; x_wconf 79' lang='lat'>31.</span> <span class='ocrx_word' id='word_1_389' title='bbox 1856 2213 2281 2264; x_wconf 74' lang='lat' dir='ltr'>‘Adhibebamur</span> <span class='ocrx_word' id='word_1_390' title='bbox 2301 2217 2535 2279; x_wconf 82' lang='lat' dir='ltr'>quotidie</span> 
     </span>
     <span class='ocr_line' id='line_1_75' title="bbox 1470 2288 2534 2353; baseline 0.007 -20"><span class='ocrx_word' id='word_1_391' title='bbox 1470 2299 1666 2348; x_wconf 76' lang='lat' dir='ltr'>coenoe3</span> <span class='ocrx_word' id='word_1_392' title='bbox 1700 2295 1815 2336; x_wconf 88' lang='lat' dir='ltr'>erat</span> <span class='ocrx_word' id='word_1_393' title='bbox 1835 2288 2056 2349; x_wconf 87' lang='lat' dir='ltr'>modica,</span> <span class='ocrx_word' id='word_1_394' title='bbox 2080 2290 2120 2337; x_wconf 92' lang='lat' dir='ltr'>si</span> <span class='ocrx_word' id='word_1_395' title='bbox 2141 2290 2428 2353; x_wconf 85' lang='lat' dir='ltr'>principem</span> <span class='ocrx_word' id='word_1_396' title='bbox 2450 2306 2534 2340; x_wconf 75' lang='lat' dir='ltr'>co-</span> 
     </span>
     <span class='ocr_line' id='line_1_76' title="bbox 1470 2360 2536 2424; baseline 0.007 -15"><span class='ocrx_word' id='word_1_397' title='bbox 1470 2361 1626 2424; x_wconf 78' lang='lat' dir='ltr'>gites.</span> <span class='ocrx_word' id='word_1_398' title='bbox 1694 2360 1963 2412; x_wconf 83' lang='lat' dir='ltr'>Interdum</span> <span class='ocrx_word' id='word_1_399' title='bbox 2012 2373 2312 2415; x_wconf 82' lang='lat' dir='ltr'>acroamata</span> <span class='ocrx_word' id='word_1_400' title='bbox 2359 2367 2536 2416; x_wconf 55' lang='lat' dir='ltr'>audie*</span> 
     </span>
     <span class='ocr_line' id='line_1_77' title="bbox 1471 2435 2533 2504; baseline 0.005 -20"><span class='ocrx_word' id='word_1_401' title='bbox 1471 2435 1674 2502; x_wconf 84' lang='lat' dir='ltr'>bamus,</span> <span class='ocrx_word' id='word_1_402' title='bbox 1704 2437 1960 2489; x_wconf 88' lang='lat' dir='ltr'>interdum</span> <span class='ocrx_word' id='word_1_403' title='bbox 1991 2439 2381 2504; x_wconf 82' lang='lat' dir='ltr'>jucundissimis</span> <span class='ocrx_word' id='word_1_404' title='bbox 2425 2458 2533 2491; x_wconf 90' lang='lat' dir='ltr'>ser·</span> 
     </span>
     <span class='ocr_line' id='line_1_78' title="bbox 1471 2514 2531 2568; baseline 0.005 -6"><span class='ocrx_word' id='word_1_405' title='bbox 1471 2514 1708 2565; x_wconf 87' lang='lat' dir='ltr'>monibus</span> <span class='ocrx_word' id='word_1_406' title='bbox 1760 2529 1863 2565; x_wconf 87' lang='lat' dir='ltr'>nox</span> <span class='ocrx_word' id='word_1_407' title='bbox 1905 2515 2227 2566; x_wconf 61' lang='lat' dir='ltr'>ducebatur!</span> <span class='ocrx_word' id='word_1_408' title='bbox 2292 2518 2435 2568; x_wconf 83' lang='lat' dir='ltr'>Nota</span> <span class='ocrx_word' id='word_1_409' title='bbox 2481 2521 2531 2567; x_wconf 88' lang='lat' dir='ltr'>in</span> 
     </span>
     <span class='ocr_line' id='line_1_79' title="bbox 1467 2590 2533 2659; baseline 0.005 -19"><span class='ocrx_word' id='word_1_410' title='bbox 1467 2590 1708 2641; x_wconf 85' lang='lat' dir='ltr'>‘noctem</span> <span class='ocrx_word' id='word_1_411' title='bbox 1743 2592 1939 2658; x_wconf 89' lang='lat' dir='ltr'>ducta,&#39;</span> <span class='ocrx_word' id='word_1_412' title='bbox 1986 2595 2124 2659; x_wconf 88' lang='lat' dir='ltr'>quod</span> <span class='ocrx_word' id='word_1_413' title='bbox 2160 2593 2244 2644; x_wconf 83' lang='lat' dir='ltr'>bic</span> <span class='ocrx_word' id='word_1_414' title='bbox 2280 2600 2363 2645; x_wconf 84' lang='lat' dir='ltr'>est</span> <span class='ocrx_word' id='word_1_415' title='bbox 2408 2596 2533 2644; x_wconf 83' lang='lat' dir='ltr'>‘ex-</span> 
     </span>
     <span class='ocr_line' id='line_1_80' title="bbox 1468 2667 2035 2735; baseline 0.011 -19"><span class='ocrx_word' id='word_1_416' title='bbox 1468 2667 1656 2730; x_wconf 86' lang='lat' dir='ltr'>tensa,&#39;</span> <span class='ocrx_word' id='word_1_417' title='bbox 1688 2667 1862 2721; x_wconf 82' lang='lat' dir='ltr'>fuisse.</span> <span class='ocrx_word' id='word_1_418' title='bbox 1896 2671 2035 2735; x_wconf 78' lang='lat' dir='ltr'>Lips.</span> 
     </span>
    </p>

    <p class='ocr_par' dir='ltr' id='par_1_12' title="bbox 1468 2745 2537 3324">
     <span class='ocr_line' id='line_1_81' title="bbox 1534 2745 2533 2811; baseline 0.006 -18"><span class='ocrx_word' id='word_1_419' title='bbox 1534 2745 1749 2795; x_wconf 79' lang='lat' dir='ltr'>Mediam</span> <span class='ocrx_word' id='word_1_420' title='bbox 1781 2748 1931 2811; x_wconf 77' lang='lat' dir='ltr'>diem]</span> <span class='ocrx_word' id='word_1_421' title='bbox 1961 2749 2048 2799; x_wconf 87' lang='lat' dir='ltr'>Sic</span> <span class='ocrx_word' id='word_1_422' title='bbox 2072 2748 2349 2800; x_wconf 87' lang='lat' dir='ltr'>dicebatur</span> <span class='ocrx_word' id='word_1_423' title='bbox 2383 2753 2533 2800; x_wconf 86' lang='lat' dir='ltr'>meri·</span> 
     </span>
     <span class='ocr_line' id='line_1_82' title="bbox 1468 2819 2533 2887; baseline 0.007 -19"><span class='ocrx_word' id='word_1_424' title='bbox 1468 2819 1596 2875; x_wconf 77' lang='lat' dir='ltr'>dies,</span> <span class='ocrx_word' id='word_1_425' title='bbox 1622 2823 1709 2885; x_wconf 83' lang='lat' dir='ltr'>qui</span> <span class='ocrx_word' id='word_1_426' title='bbox 1740 2837 1949 2887; x_wconf 86' lang='lat' dir='ltr'>semper</span> <span class='ocrx_word' id='word_1_427' title='bbox 1983 2825 2243 2873; x_wconf 80' lang='lat' dir='ltr'>incidebat</span> <span class='ocrx_word' id='word_1_428' title='bbox 2276 2826 2326 2874; x_wconf 93' lang='lat' dir='ltr'>in</span> <span class='ocrx_word' id='word_1_429' title='bbox 2357 2828 2533 2875; x_wconf 84' lang='lat' dir='ltr'>horam</span> 
     </span>
     <span class='ocr_line' id='line_1_83' title="bbox 1468 2900 2532 2963; baseline 0.004 -19"><span class='ocrx_word' id='word_1_430' title='bbox 1468 2905 1690 2953; x_wconf 85' lang='lat' dir='ltr'>sextam,</span> <span class='ocrx_word' id='word_1_431' title='bbox 1728 2913 1845 2948; x_wconf 89' lang='lat' dir='ltr'>cum</span> <span class='ocrx_word' id='word_1_432' title='bbox 1888 2900 2106 2949; x_wconf 82' lang='lat' dir='ltr'>Romani</span> <span class='ocrx_word' id='word_1_433' title='bbox 2145 2908 2271 2948; x_wconf 90' lang='lat' dir='ltr'>tunc</span> <span class='ocrx_word' id='word_1_434' title='bbox 2308 2901 2532 2963; x_wconf 81' lang='lat' dir='ltr'>singulos</span> 
     </span>
     <span class='ocr_line' id='line_1_84' title="bbox 1471 2971 2537 3037; baseline 0.005 -19"><span class='ocrx_word' id='word_1_435' title='bbox 1471 2971 1600 3028; x_wconf 88' lang='lat' dir='ltr'>dies,</span> <span class='ocrx_word' id='word_1_436' title='bbox 1625 2974 1689 3022; x_wconf 88' lang='lat' dir='ltr'>ab</span> <span class='ocrx_word' id='word_1_437' title='bbox 1713 2981 1831 3023; x_wconf 89' lang='lat' dir='ltr'>ortu</span> <span class='ocrx_word' id='word_1_438' title='bbox 1853 2975 1971 3023; x_wconf 85' lang='lat' dir='ltr'>solis</span> <span class='ocrx_word' id='word_1_439' title='bbox 1991 2989 2155 3037; x_wconf 84' lang='lat' dir='ltr'>usque</span> <span class='ocrx_word' id='word_1_440' title='bbox 2191 2977 2254 3022; x_wconf 85' lang='lat' dir='ltr'>ad</span> <span class='ocrx_word' id='word_1_441' title='bbox 2277 2989 2537 3037; x_wconf 87' lang='lat' dir='ltr'>occasum,</span> 
     </span>
     <span class='ocr_line' id='line_1_85' title="bbox 1471 3047 2533 3113; baseline 0.004 -18"><span class='ocrx_word' id='word_1_442' title='bbox 1471 3047 1525 3096; x_wconf 88' lang='lat' dir='ltr'>in</span> <span class='ocrx_word' id='word_1_443' title='bbox 1550 3049 1814 3099; x_wconf 82' lang='lat' dir='ltr'>duodenas</span> <span class='ocrx_word' id='word_1_444' title='bbox 1835 3051 2005 3111; x_wconf 88' lang='lat' dir='ltr'>horas,</span> <span class='ocrx_word' id='word_1_445' title='bbox 2024 3051 2133 3098; x_wconf 86' lang='lat' dir='ltr'>sive</span> <span class='ocrx_word' id='word_1_446' title='bbox 2161 3059 2336 3113; x_wconf 85' lang='lat' dir='ltr'>partes</span> <span class='ocrx_word' id='word_1_447' title='bbox 2361 3067 2533 3113; x_wconf 70' lang='lat' dir='ltr'>aequa·</span> 
     </span>
     <span class='ocr_line' id='line_1_86' title="bbox 1474 3124 2534 3187; baseline 0.001 -15"><span class='ocrx_word' id='word_1_448' title='bbox 1474 3125 1568 3185; x_wconf 84' lang='lat' dir='ltr'>les,</span> <span class='ocrx_word' id='word_1_449' title='bbox 1605 3124 1915 3175; x_wconf 82' lang='lat' dir='ltr'>dividerent.</span> <span class='ocrx_word' id='word_1_450' title='bbox 1978 3128 2205 3187; x_wconf 86' lang='lat' dir='ltr'>Tempus</span> <span class='ocrx_word' id='word_1_451' title='bbox 2242 3139 2404 3175; x_wconf 77' lang='lat' dir='ltr'>cnenae</span> <span class='ocrx_word' id='word_1_452' title='bbox 2447 3142 2534 3173; x_wconf 70' lang='lat' dir='ltr'>aun·</span> 
     </span>
     <span class='ocr_line' id='line_1_87' title="bbox 1472 3200 2536 3253; baseline 0.004 -5"><span class='ocrx_word' id='word_1_453' title='bbox 1472 3205 1576 3248; x_wconf 86' lang='lat' dir='ltr'>tem</span> <span class='ocrx_word' id='word_1_454' title='bbox 1617 3200 1881 3250; x_wconf 87' lang='lat' dir='ltr'>ordinarie</span> <span class='ocrx_word' id='word_1_455' title='bbox 1919 3208 2032 3250; x_wconf 89' lang='lat' dir='ltr'>erat</span> <span class='ocrx_word' id='word_1_456' title='bbox 2071 3201 2193 3249; x_wconf 84' lang='lat' dir='ltr'>bora</span> <span class='ocrx_word' id='word_1_457' title='bbox 2234 3200 2338 3249; x_wconf 87' lang='lat' dir='ltr'>diei</span> <span class='ocrx_word' id='word_1_458' title='bbox 2380 3215 2536 3253; x_wconf 89' lang='lat' dir='ltr'>noua.</span> 
     </span>
     <span class='ocr_line' id='line_1_88' title="bbox 1470 3275 1711 3324; baseline -0.004 0"><span class='ocrx_word' id='word_1_459' title='bbox 1470 3275 1711 3324; x_wconf 74' lang='lat' dir='ltr'>Schwarz.</span> 
     </span>
    </p>

    <p class='ocr_par' dir='ltr' id='par_1_13' title="bbox 1470 3351 2537 4234">
     <span class='ocr_line' id='line_1_89' title="bbox 1540 3351 2534 3416; baseline 0.005 -18"><span class='ocrx_word' id='word_1_460' title='bbox 1540 3352 1654 3400; x_wconf 78' lang='lat' dir='ltr'>Non</span> <span class='ocrx_word' id='word_1_461' title='bbox 1689 3351 1816 3400; x_wconf 78' lang='lat' dir='ltr'>enim</span> <span class='ocrx_word' id='word_1_462' title='bbox 1843 3358 1956 3400; x_wconf 77' lang='lat' dir='ltr'>ante</span> <span class='ocrx_word' id='word_1_463' title='bbox 1986 3352 2189 3400; x_wconf 79' lang='lat' dir='ltr'>medium</span> <span class='ocrx_word' id='word_1_464' title='bbox 2214 3354 2363 3416; x_wconf 82' lang='lat' dir='ltr'>diem]</span> <span class='ocrx_word' id='word_1_465' title='bbox 2404 3355 2534 3403; x_wconf 82' lang='lat' dir='ltr'>Num</span> 
     </span>
     <span class='ocr_line' id='line_1_90' title="bbox 1470 3427 2533 3491; baseline 0 -14"><span class='ocrx_word' id='word_1_466' title='bbox 1470 3427 1598 3478; x_wconf 81' lang='lat' dir='ltr'>enim</span> <span class='ocrx_word' id='word_1_467' title='bbox 1629 3434 1740 3476; x_wconf 80' lang='lat' dir='ltr'>ante</span> <span class='ocrx_word' id='word_1_468' title='bbox 1770 3428 1972 3476; x_wconf 79' lang='lat' dir='ltr'>medium</span> <span class='ocrx_word' id='word_1_469' title='bbox 2004 3429 2145 3477; x_wconf 77' lang='lat' dir='ltr'>diem.</span> <span class='ocrx_word' id='word_1_470' title='bbox 2215 3431 2343 3484; x_wconf 80' lang='lat' dir='ltr'>Non,</span> <span class='ocrx_word' id='word_1_471' title='bbox 2382 3433 2494 3491; x_wconf 78' lang='lat' dir='ltr'>lego</span> <span class='ocrx_word' id='word_1_472' title='bbox 2518 3446 2533 3477; x_wconf 78' lang='lat' dir='ltr'>t</span> 
     </span>
     <span class='ocr_line' id='line_1_91' title="bbox 1471 3503 2534 3566; baseline 0 -15"><span class='ocrx_word' id='word_1_473' title='bbox 1471 3503 1548 3552; x_wconf 87' lang='lat' dir='ltr'>sic</span> <span class='ocrx_word' id='word_1_474' title='bbox 1572 3517 1716 3552; x_wconf 73' lang='lat' dir='ltr'>metus</span> <span class='ocrx_word' id='word_1_475' title='bbox 1731 3504 1790 3550; x_wconf 89' lang='lat' dir='ltr'>C.</span> <span class='ocrx_word' id='word_1_476' title='bbox 1810 3510 1864 3552; x_wconf 89' lang='lat' dir='ltr'>et</span> <span class='ocrx_word' id='word_1_477' title='bbox 1888 3503 2350 3566; x_wconf 81' lang='lat' dir='ltr'>interrogationem</span> <span class='ocrx_word' id='word_1_478' title='bbox 2367 3505 2534 3566; x_wconf 82' lang='lat' dir='ltr'>deleo,</span> 
     </span>
     <span class='ocr_line' id='line_1_92' title="bbox 1470 3582 2536 3644; baseline 0.003 -17"><span class='ocrx_word' id='word_1_479' title='bbox 1470 3585 1529 3627; x_wconf 93' lang='lat' dir='ltr'>ut</span> <span class='ocrx_word' id='word_1_480' title='bbox 1549 3586 1674 3641; x_wconf 85' lang='lat' dir='ltr'>apte</span> <span class='ocrx_word' id='word_1_481' title='bbox 1693 3587 2032 3629; x_wconf 87' lang='lat' dir='ltr'>connectatur</span> <span class='ocrx_word' id='word_1_482' title='bbox 2050 3594 2165 3629; x_wconf 87' lang='lat' dir='ltr'>cum</span> <span class='ocrx_word' id='word_1_483' title='bbox 2187 3582 2536 3644; x_wconf 81' lang='lat' dir='ltr'>sequentibus.</span> 
     </span>
     <span class='ocr_line' id='line_1_93' title="bbox 1473 3653 2535 3718; baseline -0.001 -16"><span class='ocrx_word' id='word_1_484' title='bbox 1473 3653 1838 3703; x_wconf 79' lang='lat' dir='ltr'>Praecedentia</span> <span class='ocrx_word' id='word_1_485' title='bbox 1866 3655 2238 3718; x_wconf 81' lang='lat' dir='ltr'>interrogative</span> <span class='ocrx_word' id='word_1_486' title='bbox 2273 3658 2535 3717; x_wconf 83' lang='lat' dir='ltr'>pronunti-</span> 
     </span>
     <span class='ocr_line' id='line_1_94' title="bbox 1471 3730 2537 3795; baseline 0.002 -17"><span class='ocrx_word' id='word_1_487' title='bbox 1471 3730 1609 3779; x_wconf 86' lang='lat' dir='ltr'>anda</span> <span class='ocrx_word' id='word_1_488' title='bbox 1641 3738 1780 3787; x_wconf 85' lang='lat' dir='ltr'>sunt,</span> <span class='ocrx_word' id='word_1_489' title='bbox 1809 3739 1866 3781; x_wconf 88' lang='lat' dir='ltr'>et</span> <span class='ocrx_word' id='word_1_490' title='bbox 1896 3747 2009 3781; x_wconf 80' lang='lat' dir='ltr'>num</span> <span class='ocrx_word' id='word_1_491' title='bbox 2042 3747 2137 3795; x_wconf 90' lang='lat' dir='ltr'>pro</span> <span class='ocrx_word' id='word_1_492' title='bbox 2171 3747 2321 3781; x_wconf 76' lang='lat' dir='ltr'>nonne</span> <span class='ocrx_word' id='word_1_493' title='bbox 2347 3733 2537 3795; x_wconf 91' lang='lat' dir='ltr'>accipi·</span> 
     </span>
     <span class='ocr_line' id='line_1_95' title="bbox 1472 3806 2534 3873; baseline 0.003 -20"><span class='ocrx_word' id='word_1_494' title='bbox 1472 3806 1700 3867; x_wconf 82' lang='lat' dir='ltr'>endum;</span> <span class='ocrx_word' id='word_1_495' title='bbox 1754 3808 1852 3856; x_wconf 86' lang='lat' dir='ltr'>nisi</span> <span class='ocrx_word' id='word_1_496' title='bbox 1894 3807 2032 3857; x_wconf 86' lang='lat' dir='ltr'>forte</span> <span class='ocrx_word' id='word_1_497' title='bbox 2077 3809 2148 3857; x_wconf 91' lang='lat' dir='ltr'>ibi</span> <span class='ocrx_word' id='word_1_498' title='bbox 2191 3823 2394 3873; x_wconf 88' lang='lat' dir='ltr'>quoque</span> <span class='ocrx_word' id='word_1_499' title='bbox 2439 3823 2534 3871; x_wconf 90' lang='lat' dir='ltr'>pro</span> 
     </span>
     <span class='ocr_line' id='line_1_96' title="bbox 1470 3883 2536 3947; baseline 0.003 -18"><span class='ocrx_word' id='word_1_500' title='bbox 1470 3896 1601 3938; x_wconf 79' lang='lat' dir='ltr'>num,</span> <span class='ocrx_word' id='word_1_501' title='bbox 1638 3884 1741 3945; x_wconf 84' lang='lat' dir='ltr'>legi</span> <span class='ocrx_word' id='word_1_502' title='bbox 1778 3883 1938 3933; x_wconf 85' lang='lat' dir='ltr'>debet</span> <span class='ocrx_word' id='word_1_503' title='bbox 1970 3900 2082 3946; x_wconf 73' lang='lat' dir='ltr'>non,</span> <span class='ocrx_word' id='word_1_504' title='bbox 2122 3898 2215 3947; x_wconf 93' lang='lat' dir='ltr'>pro</span> <span class='ocrx_word' id='word_1_505' title='bbox 2253 3898 2405 3931; x_wconf 80' lang='lat' dir='ltr'>nonne</span> <span class='ocrx_word' id='word_1_506' title='bbox 2439 3885 2536 3932; x_wconf 76' lang='lat' dir='ltr'>nisi</span> 
     </span>
     <span class='ocr_line' id='line_1_97' title="bbox 1470 3958 2535 4023; baseline 0.001 -19"><span class='ocrx_word' id='word_1_507' title='bbox 1470 3959 1608 4019; x_wconf 77' lang='lat' dir='ltr'>quod.</span> <span class='ocrx_word' id='word_1_508' title='bbox 1671 3958 1761 4007; x_wconf 90' lang='lat' dir='ltr'>Sic</span> <span class='ocrx_word' id='word_1_509' title='bbox 1795 3959 2049 4020; x_wconf 86' lang='lat' dir='ltr'>accipitur</span> <span class='ocrx_word' id='word_1_510' title='bbox 2071 3972 2276 4023; x_wconf 87' lang='lat' dir='ltr'>quoque</span> <span class='ocrx_word' id='word_1_511' title='bbox 2308 3972 2420 4006; x_wconf 79' lang='lat' dir='ltr'>num</span> <span class='ocrx_word' id='word_1_512' title='bbox 2451 3973 2535 4005; x_wconf 79' lang='lat' dir='ltr'>su·</span> 
     </span>
     <span class='ocr_line' id='line_1_98' title="bbox 1473 4032 2535 4097; baseline 0.001 -17"><span class='ocrx_word' id='word_1_513' title='bbox 1473 4047 1597 4095; x_wconf 86' lang='lat' dir='ltr'>pra:</span> <span class='ocrx_word' id='word_1_514' title='bbox 1637 4033 1651 4061; x_wconf 90' lang='lat'>‘</span> <span class='ocrx_word' id='word_1_515' title='bbox 1671 4033 1807 4097; x_wconf 88' lang='lat' dir='ltr'>quod</span> <span class='ocrx_word' id='word_1_516' title='bbox 1833 4035 1968 4083; x_wconf 84' lang='lat' dir='ltr'>enirn</span> <span class='ocrx_word' id='word_1_517' title='bbox 1993 4032 2181 4092; x_wconf 84' lang='lat' dir='ltr'>forum,</span> <span class='ocrx_word' id='word_1_518' title='bbox 2200 4048 2312 4096; x_wconf 82' lang='lat' dir='ltr'>quae</span> <span class='ocrx_word' id='word_1_519' title='bbox 2339 4034 2535 4094; x_wconf 85' lang='lat' dir='ltr'>templa</span> 
     </span>
     <span class='ocr_line' id='line_1_99' title="bbox 1472 4106 2535 4171; baseline -0.001 -14"><span class='ocrx_word' id='word_1_520' title='bbox 1472 4118 1581 4157; x_wconf 88' lang='lat' dir='ltr'>tam</span> <span class='ocrx_word' id='word_1_521' title='bbox 1604 4111 1870 4158; x_wconf 81' lang='lat' dir='ltr'>reserata?</span> <span class='ocrx_word' id='word_1_522' title='bbox 1907 4123 2025 4158; x_wconf 88' lang='lat' dir='ltr'>num</span> <span class='ocrx_word' id='word_1_523' title='bbox 2055 4106 2404 4171; x_wconf 86' lang='lat' dir='ltr'>Capitolium.’</span> <span class='ocrx_word' id='word_1_524' title='bbox 2440 4109 2535 4156; x_wconf 71' lang='grc' dir='ltr'>Γα-</span> 
     </span>
     <span class='ocr_line' id='line_1_100' title="bbox 1471 4184 1572 4234; baseline 0 0"><span class='ocrx_word' id='word_1_525' title='bbox 1471 4184 1572 4234; x_wconf 83' lang='lat' dir='ltr'>ber.</span> 
     </span>
    </p>

    <p class='ocr_par' dir='ltr' id='par_1_14' title="bbox 1540 4259 2537 4325">
     <span class='ocr_line' id='line_1_101' title="bbox 1540 4259 2537 4325; baseline 0 -14"><span class='ocrx_word' id='word_1_526' title='bbox 1540 4262 1670 4312; x_wconf 78' lang='lat' dir='ltr'>Ante</span> <span class='ocrx_word' id='word_1_527' title='bbox 1704 4261 1932 4325; x_wconf 73' lang='lat' dir='ltr'>mediam]</span> <span class='ocrx_word' id='word_1_528' title='bbox 1969 4261 2044 4311; x_wconf 87' lang='lat' dir='ltr'>Ut</span> <span class='ocrx_word' id='word_1_529' title='bbox 2086 4259 2432 4316; x_wconf 83' lang='lat' dir='ltr'>Domitianus,</span> <span class='ocrx_word' id='word_1_530' title='bbox 2470 4262 2537 4311; x_wconf 76' lang='lat' dir='ltr'>(le</span> 
     </span>
    </p>
   </div>
  </div>
 </body>
</html>
