3060 4902
509 383 641 449 650

508 558 652 593 more
677 547 834 603 amat,
855 549 912 592 ut
932 549 1107 605 patres
1127 543 1337 606 liberos,
1355 551 1411 592 nt
1430 544 1576 593 Deus

508 621 668 670 bonos
697 623 847 669 viros.
914 621 1057 684 Lips.
1083 630 1259 671 annot.
1286 623 1472 670 Senec.
1508 622 1577 670 E-

508 700 628 760 pist.
649 702 756 746 104.
775 697 838 745 ad
864 697 1051 746 verba:
1086 698 1100 723 ⁴
1120 698 1374 749 Quoniam
1396 713 1493 761 ego
1513 698 1578 748 ab

508 775 595 822 illa
621 789 719 822 nou
744 776 984 836 impetro,
1012 783 1069 822 nt
1095 789 1174 823 me
1203 773 1391 823 fortius
1418 784 1576 839 amet,

507 851 755 911 impetrat
782 852 870 897 illa
896 866 924 898 a
952 867 1052 912 me,
1075 860 1131 900 ut
1158 865 1239 899 me
1271 851 1576 914 diligentius

508 926 710 975 amem.’
734 927 889 974 Ber-n.

597 1005 776 1053 Eodem
796 1003 934 1066 soro]
983 1002 1089 1052 ‘At
1132 1005 1310 1054 Caesar
1349 1004 1573 1053 Novium

506 1089 817 1140 quaestorem
831 1080 881 1127 in
898 1093 1160 1127 carcerem
1178 1080 1417 1142 conjecit,
1434 1079 1573 1143 quod

506 1157 806 1218 compellari
833 1155 966 1217 apud
994 1169 1046 1201 se
1069 1156 1314 1217 majorem
1343 1163 1572 1217 potesta·

509 1241 612 1280 tem
641 1247 818 1294 passus
840 1231 1012 1293 esset‚'
1033 1232 1245 1279 Suetou.
1262 1247 1308 1278 c.
1325 1236 1373 1278 7.
1415 1231 1573 1279 Hand

506 1323 623 1357 raro
650 1319 841 1367 tamen,
875 1323 970 1356 uec
1014 1307 1063 1357 id
1103 1309 1235 1357 malo
1276 1324 1437 1366 more,
1461 1309 1572 1356 fieri

506 1384 703 1440 videas,
723 1393 778 1432 ut
799 1385 1033 1447 superior
1054 1384 1572 1447 inferiorisJudieium

506 1463 681 1510 subire
720 1470 993 1510 teneatur:
1031 1472 1087 1512 ut
1122 1478 1211 1512 rex
1245 1464 1432 1512 Galliae
1461 1478 1574 1526 par·

504 1544 718 1592 lamenti
743 1544 1280 1606 parisiensisjudicio:
1308 1546 1574 1591 Electores

508 1620 750 1668 Saxonici
775 1635 948 1668 coram
975 1621 1116 1669 curia
1143 1621 1425 1669 Electorali
1455 1621 1572 1682 Lip-

504 1698 658 1745 sieusi
685 1698 1060 1745 conveniuntur
1087 1699 1249 1759 acjus
1278 1697 1575 1759 accipiunt:

503 1772 825 1822 Archidnces
852 1774 1076 1822 Austriae
1102 1789 1273 1821 coram
1301 1788 1381 1832 eo,
1421 1788 1571 1838 quem

506 1863 535 1898 e
578 1849 779 1896 vasallis
822 1850 926 1897 suis
954 1849 1182 1911 jndicem
1231 1851 1572 1898 constituunt.

503 1926 518 1951 ⁴
542 1926 645 1976 Qui
690 1934 862 1974 autem
905 1927 1071 1987 major
1119 1928 1197 1973 vel
1254 1928 1466 1989 aeqnaiis
1514 1940 1571 1974 se

506 2003 716 2066 suincit
743 2003 1093 2066 jurisdictioni
1134 2005 1365 2061 alterius,
1389 2003 1571 2050 adver-

503 2095 589 2128 sus
611 2094 725 2128 eum
765 2081 854 2142 jus
880 2081 979 2128 dici
1026 2081 1234 2142 potest.'
1291 2082 1349 2129 L.
1378 2096 1495 2129 xiv.
1520 2079 1573 2129 ff.

503 2157 567 2205 de
590 2157 861 2207 Jurisdict.
899 2158 1028 2205 Vide
1049 2159 1235 2206 Bodin.
1256 2158 1322 2206 dc
1352 2159 1571 2220 Republ.

503 2248 605 2281 vu.
643 2238 690 2282 6.
745 2233 1102 2283 Schoenborn.
1148 2236 1263 2283 Pol.
1303 2250 1354 2283 v.
1392 2240 1471 2284 34.
1515 2245 1570 2285 et

503 2318 676 2358 tamen
699 2309 762 2358 Α.
787 2312 926 2359 Gen.
952 2325 1080 2360 xnt.
1107 2315 1186 2360 14.
1225 2312 1486 2372 sigonium
1505 2312 1569 2361 de

504 2387 727 2436 Judiciis
754 2402 813 2436 ιι.
831 2395 878 2436 5.
912 2403 960 2451 p.
980 2393 1093 2436 451.
1108 2387 1171 2435 de
1192 2387 1422 2453 Antiquo
1440 2387 1569 2438 Jure

505 2465 822 2512 Provincial.
847 2479 892 2514 c.
919 2470 967 2513 5.
995 2466 1144 2514 Idem.

572 2542 693 2595 Quae
706 2539 970 2603 proecipua]
996 2540 1173 2588 Malim
1198 2555 1388 2603 quoeque
1401 2541 1570 2603 proeci-

498 2632 611 2679 pua.
643 2618 775 2678 Lips.

572 2694 758 2753 Soepius
792 2692 1001 2740 vincitur
1020 2692 1198 2756 fiscus]
1222 2694 1408 2742 Tenuit
1439 2694 1570 2742 hanc

503 2768 772 2818 civilitatis
816 2769 1018 2817 laudem
1059 2778 1113 2817 et
1154 2771 1229 2817 M.
1276 2771 1569 2819 Antoninus

501 2846 864 2908 Philosophus,
934 2846 997 2894 de
1066 2861 1165 2909 qno
1229 2847 1569 2909 Capitolinus,

501 2927 515 2949 4
535 2925 686 2971 Fisco
711 2924 759 2971 in
780 2924 974 2970 caussis
997 2925 1288 2985 compendii
1314 2939 1570 2987 nunquam

495 3002 743 3064 judicans
767 2999 934 3050 savit!
1005 3002 1355 3064 l’riucipalius
1375 3003 1568 3050 Hadri-

502 3093 651 3138 anus,
688 3079 773 3142 qni
802 3078 1108 3126 advocatum
1146 3079 1254 3141 ejus
1280 3080 1470 3140 primns
1494 3079 1570 3126 in-

502 3157 692 3204 stituit.
761 3156 1486 3216 AuctorSpartianus.Livin.

591 3232 779 3293 Sa’pius
821 3233 1033 3278 vincitur
1054 3231 1227 3293 fiscus]
1277 3232 1340 3279 Iu
1385 3232 1568 3281 codice

502 3307 672 3355 Vatic.
698 3311 842 3355 3401.
865 3316 919 3354 et
938 3322 1070 3365 meo,
1093 3321 1182 3368 pro
1202 3308 1389 3369 sa’pius,
1408 3309 1566 3371 scrip·

504 3394 612 3436 tum
646 3393 726 3434 est
756 3401 895 3447 soepe.
964 3386 1069 3435 Sed
1112 3400 1290 3448 parum
1329 3389 1567 3449 interest,

503 3472 674 3510 utrum
717 3477 962 3510 assumas.
1032 3463 1215 3517 Itnmo,
1252 3465 1291 3511 si
1339 3464 1566 3510 Priscia-

500 3554 618 3588 uum
647 3539 679 3586 l.
707 3552 790 3586 ιιι.
817 3554 866 3601 p.
906 3544 1023 3588 003.
1049 3547 1102 3588 et
1127 3541 1253 3588 alios
1279 3539 1565 3602 audiamus,

498 3614 777 3678 aliquando
814 3617 1196 3678 comparativus
1225 3630 1317 3678 pro
1343 3617 1565 3677 positivo

500 3692 722 3756 positus,
747 3691 910 3739 minus
935 3706 997 3739 eo
1036 3690 1332 3753 significat;
1372 3699 1425 3740 ut
1452 3693 1564 3739 Vir-

501 3769 589 3830 gil.
614 3768 723 3815 AEn.
750 3781 787 3815 1.
814 3772 927 3815 228.
947 3767 960 3792 4
981 3767 1229 3826 Tristior,
1254 3774 1409 3830 atque
1442 3782 1563 3816 ocu-

500 3844 577 3892 los
610 3842 832 3891 lacrimis
868 3841 1060 3891 suffusa
1097 3841 1360 3890 nitentes.’
1393 3842 1566 3891 ‘Tris-

499 3919 602 3966 tior
621 3918 632 3937 '
661 3920 795 3965 euim
821 3918 921 3979 hic,
941 3933 1004 3966 ex
1026 3926 1169 3981 parte
1189 3918 1374 3978 tristis,
1399 3928 1449 3967 et
1470 3921 1562 3967 mi-

498 4008 595 4043 nus
622 4008 676 4041 re
702 4008 825 4042 vera
849 3993 1128 4056 significat,
1155 4010 1305 4056 quam
1341 3997 1380 4043 si
1409 3996 1564 4058 poeta

498 4070 738 4120 absolute
763 4070 998 4126 dixisset,
1036 4071 1050 4096 ⁴
1073 4071 1233 4119 tristis
1258 4071 1407 4119 erat!
1474 4073 1561 4120 Sic

498 4146 849 4211 ‘pauperior,’
883 4146 1076 4196 dicitnr
1112 4149 1388 4209 aliquando
1425 4149 1564 4198 intra

498 4238 802 4288 pauperem.
869 4224 956 4273 Ita
1000 4232 1054 4273 et
1092 4226 1267 4287 sapius
1303 4227 1564 4275 interdum

1202 398 1418 447 NOTAE
1470 398 1875 450 vantoRtJM
1929 400 2010 451 IN

1654 545 1945 610 iterumque
1969 543 2118 593 fiunt.
2185 543 2369 608 Nepos
2394 546 2577 609 Epam.
2602 562 2647 598 c.
2669 554 2720 599 7.

1653 629 1668 651 ‘
1688 621 1871 684 Neque
1896 636 2018 670 vero
2040 623 2137 672 hoc
2160 623 2319 672 semel
2342 622 2490 687 fecit,
2511 624 2600 673 sed
2619 640 2717 674 sae-

1654 701 1808 765 pins!
1855 702 1969 751 Cic.
2013 717 2108 763 pro
2145 703 2295 751 Font.
2332 719 2380 753 c.
2415 708 2464 752 8.
2488 705 2718 768 ‘Semel,

1653 787 1810 841 atque
1835 779 1989 826 etiarn
2015 779 2219 834 iterum,
2241 795 2301 828 ac
2327 780 2537 841 saepins,
2562 796 2718 844 pecu·

1653 855 1788 903 niam
1813 854 1938 902 dare
1964 856 2131 903 coacti
2158 855 2312 903 sunt.’
2384 858 2525 918 Ergo
2547 858 2719 919 sapius

1649 931 1877 995 quidem,
1900 947 2048 995 qnam
2070 941 2243 988 autea,
2269 947 2368 980 nou
2390 941 2558 982 tamen
2584 947 2715 982 sern-

1652 1022 1780 1070 per;
1818 1023 1911 1056 nec
1939 1009 1985 1055 in
2007 1010 2235 1070 speciem
2257 1008 2528 1063 duntaxat,
2553 1010 2644 1057 sed
2661 1024 2716 1058 re

1653 1099 1792 1145 vera,
1830 1086 2120 1146 imperante
2143 1085 2385 1147 Trajano,
2418 1086 2717 1134 vincebatur

1649 1158 1822 1219 fiscus,
1862 1175 2145 1225 caussaque
2180 1161 2433 1209 cadebant
2470 1174 2718 1222 procura·

1652 1247 1809 1296 tores,
1826 1238 2052 1300 itemque
2070 1238 2341 1299 delatores,
2354 1238 2555 1300 quoties
2577 1253 2718 1286 nem·

1654 1327 1716 1373 pe
1734 1326 1917 1361 caussa
1940 1315 2114 1361 horum
2136 1315 2322 1375 injusta
2345 1312 2610 1375 injudicio
2630 1313 2721 1363 de·

1652 1390 2082 1451 prehenderetur.
2148 1391 2234 1439 Sic
2258 1390 2387 1439 adeo
2408 1390 2594 1438 mansit
2628 1390 2719 1438 ho-

1650 1481 1745 1514 nor
1768 1469 1959 1528 legnm,
1985 1481 2152 1530 neque
2177 1467 2452 1531 quidquam
2486 1482 2551 1516 ex
2577 1467 2716 1516 utili·

1653 1551 1758 1592 tate
1785 1546 1993 1606 publica
2012 1545 2311 1593 convulsum
2335 1555 2434 1605 est,
2459 1544 2580 1591 dum
2607 1559 2717 1606 ρα-

1652 1634 1717 1668 na
1743 1635 1840 1668 nou
1864 1621 2069 1683 quidem
2097 1622 2404 1683 simpliciter
2440 1621 2716 1681 accusatis,

1651 1697 1739 1745 sed
1768 1698 2019 1747 convictis
2042 1707 2096 1747 et
2113 1699 2366 1759 sontibus,
2388 1695 2486 1746 fuit
2506 1708 2716 1761 parata.

1651 1775 1892 1823 Schwarz.

1716 1851 1852 1898 Mala
1869 1866 2034 1898 caussa
2057 1848 2314 1911 nunquam]
2337 1848 2718 1912 Transscripsit

1649 1926 1990 1975 Cassiodorus
2027 1927 2199 1989 Epist.
2223 1940 2260 1973 ι.
2286 1929 2366 1973 22.
2392 1924 2457 1973 ad
2485 1922 2596 1973 fisci
2622 1925 2715 1973 ad·

1653 2012 1918 2052 vocatum:
1958 2004 2136 2051 ‘'l'unc
2174 2002 2308 2051 fama
2345 2011 2518 2050 nostra
2557 2002 2715 2063 profi-

1650 2080 1740 2137 cit,
1781 2078 1987 2142 quaudo
2033 2094 2085 2126 se
2135 2077 2474 2126 commoditas
2517 2077 2714 2140 injusta

1649 2155 1908 2203 subducit.
1975 2155 2092 2205 Qua
2124 2163 2336 2217 propter
2359 2154 2425 2201 sit
2450 2154 2713 2203 interdum

1648 2246 1827 2280 caussa
1852 2233 1980 2279 rnala
2005 2232 2135 2289 fisci,
2167 2240 2223 2279 ut
2263 2232 2425 2280 bouus
2466 2231 2713 2296 princeps

1648 2323 1759 2357 esse
1786 2308 2053 2357 videatur.’
2101 2309 2235 2370 Lips.

1717 2386 1849 2434 Mala
1884 2400 2047 2434 caussa
2082 2385 2343 2448 reunquam]
2378 2385 2602 2437 Quando
2637 2400 2714 2435 sc.

1649 2463 1810 2512 bonus
1837 2464 2079 2525 princeps
2108 2466 2239 2511 uitale
2265 2465 2312 2510 in
2337 2463 2515 2511 fiscum
2542 2465 2714 2526 petita

1645 2541 1883 2594 remittit,
1905 2555 2016 2603 quae
2043 2541 2203 2587 malus
2237 2541 2518 2588 retinebat.
2578 2539 2714 2588 Nam

1646 2631 1819 2663 eorum
1856 2616 2109 2664 duntaxat
2147 2615 2299 2678 bona,
2322 2617 2407 2676 qui
2432 2630 2528 2663 nec
2563 2615 2715 2664 here·

1646 2690 1785 2751 dem,
1807 2707 1900 2739 uec
1929 2701 2198 2753 patronum
2239 2693 2501 2741 habebant
2534 2708 2714 2755 super·

1646 2770 1839 2829 stitem,
1860 2770 2171 2829 petebantur
2196 2769 2246 2816 iu
2274 2769 2452 2817 fiscum
2477 2782 2567 2830 per
2594 2784 2714 2831 pro·

1647 2853 1930 2905 curatores,
1953 2845 2036 2906 qui
2061 2852 2113 2892 et
2141 2844 2320 2893 Romae
2348 2854 2400 2893 ct
2430 2846 2475 2892 iu
2504 2845 2715 2907 provin-

1647 2920 1740 2968 ciis
1767 2922 1898 2969 bona
1931 2922 2182 2985 ejusmodi
2223 2922 2422 2971 caduca
2458 2924 2716 2985 legerent,

1649 3000 2008 3059 tollerentque.
2061 3000 2195 3047 Vide
2223 2999 2402 3049 Strab.
2426 3000 2492 3048 de
2520 3001 2711 3063 AEgyp-

1648 3082 1718 3123 to.
1785 3076 1872 3123 Sic
1908 3076 2144 3123 Tiberius
2184 3076 2280 3123 hoc
2322 3074 2463 3123 facto
2503 3077 2711 3125 landem

1645 3153 1897 3213 captavit,
1935 3151 2030 3199 sub
2068 3167 2168 3215 quo
2211 3152 2346 3200 mala
2382 3153 2492 3201 fisci
2529 3168 2713 3202 caussa

1644 3237 1787 3277 erat:
1826 3228 1946 3275 dum
1982 3229 1996 3254 ⁴
2021 3228 2153 3277 bona
2180 3229 2396 3277 AEmiliae
2433 3229 2623 3290 Musa»,
2659 3230 2711 3277 iu

1643 3306 1822 3354 fiscum
1849 3306 2028 3367 petita,
2048 3306 2244 3353 remisit
2265 3306 2472 3354 AEmilio
2495 3305 2711 3369 Lepido,

1643 3384 1789 3445 cujus
1815 3397 1844 3430 e
1870 3381 2021 3430 domo
2046 3380 2354 3430 videbatur.’
2405 3381 2557 3429 Beni.

1714 3460 1809 3507 Eos
1850 3464 2176 3520 procuratores
2218 3455 2383 3518 habes]
2438 3456 2543 3507 Aut
2583 3473 2711 3522 ergo

1643 3534 1775 3583 falsa
1810 3541 1946 3589 sunt,
1982 3549 2095 3595 quae
2130 3533 2259 3582 Aur.
2285 3534 2486 3582 Victor.
2509 3534 2558 3582 in
2586 3535 2710 3598 Epi·

1642 3618 1764 3659 tom.
1801 3626 1918 3673 cap.
1948 3614 2030 3658 42.
2053 3610 2101 3658 iu
2129 3610 2251 3658 Vita
2291 3610 2606 3671 Constantii,
2640 3611 2709 3661 de

1642 3688 2067 3751 procuratoribus
2113 3688 2329 3750 Trajani
2388 3696 2587 3751 narrat,
2641 3690 2709 3739 de

1642 3765 1824 3829 quibus
1869 3779 2025 3826 supra
2067 3764 2130 3812 ad
2170 3766 2197 3827 ς
2238 3769 2284 3813 3.
2326 3763 2578 3824 diximus,
2621 3774 2713 3816 ant

1641 3851 1875 3905 tempora
1899 3850 2016 3890 sunt
2050 3840 2450 3905 distinguenda3
2483 3849 2575 3891 aut
2604 3842 2712 3891 Pli-

1641 3921 1754 3966 nius
1793 3919 1876 3967 hic
1918 3918 2067 3967 nimis
2108 3918 2335 3967 oratorie
2369 3918 2708 3980 exaggeravit

1639 3996 1845 4044 laudem
1865 3995 2079 4042 istorum
2104 4001 2520 4055 procuratorum.
2556 3993 2706 4043 Idem

1643 4082 1812 4123 tamen
1855 4074 1991 4121 Plin.
2031 4071 2197 4133 Epist.
2232 4084 2310 4118 vr.
2346 4073 2428 4117 ⁸1.
2473 4070 2706 4119 luculen-

1641 4160 1748 4200 tum
1778 4149 1929 4200 affert
1952 4150 2242 4212 exemplum
2273 4148 2564 4210 Eurythmi,
2590 4150 2705 4199 Cae-

1641 4229 1770 4277 saris
1806 4227 1979 4276 liberti
2015 4234 2067 4275 et
2105 4226 2490 4288 procuratoris3
2526 4239 2589 4273 ex
2615 4242 2705 4276 cu-

497 4299 782 4369 appouitur
826 4300 905 4358 iis,
947 4316 1061 4365 quie
1108 4302 1266 4352 semel
1301 4301 1565 4355 duntaxat
1632 4304 1718 4369 jtts
1740 4304 1885 4370 quasi
1909 4302 2220 4365 reverentia,
2250 4314 2364 4351 cum
2400 4302 2535 4352 certi
2557 4302 2707 4357 bete·
