3060 4902
505 367 639 434 812

508 526 856 592 pherbytano,
878 530 935 576 et
957 540 1093 586 meo,
1115 525 1242 576 item
1264 526 1315 575 in
1340 526 1572 589 margine

511 605 636 652 edit.
676 603 741 651 H.
777 602 1050 665 Stephani,
1084 602 1303 665 legimus
1339 600 1438 658 iis,·
1479 600 1571 649 sed

508 680 621 728 baec
649 677 760 728 fere
797 678 1023 742 vulgaris
1059 685 1137 727 est
1167 678 1346 727 horum
1385 691 1572 741 prono·

507 756 699 804 minum
726 755 922 802 mixtio.
956 754 1106 803 Idem.

576 832 680 880 His
711 837 759 880 te
783 829 991 892 consero]
1028 831 1100 879 Iis
1125 835 1172 880 te
1191 828 1380 890 confero
1401 830 1572 879 Livin.

509 909 564 958 in
591 916 721 959 text.
742 908 834 958 sed
868 910 918 957 in
942 923 1104 974 marg.
1133 910 1210 958 his
1228 914 1276 958 te
1296 910 1481 969 consero
1506 909 1575 956 V.

574 1064 677 1114 His
699 1064 772 1129 le]
806 1065 1065 1129 Antiquis.
1099 1065 1234 1128 Lips.

579 1142 804 1191 Consules
814 1141 1038 1204 suerunt]
1070 1143 1288 1191 Codices
1309 1141 1574 1205 Vaticani,

510 1219 1029 1282 Guelpherbytanus,
1064 1225 1117 1266 et
1150 1231 1309 1274 meus,
1345 1232 1438 1280 pro
1463 1217 1575 1278 sue·

509 1294 1081 1352 runl,l1abentsuerint.
1150 1294 1213 1342 In
1247 1308 1361 1342 meo
1391 1294 1575 1344 codice

513 1376 764 1431 praeterea
783 1382 878 1416 vox
897 1369 1147 1431 proxima,
1161 1367 1360 1430 quoties,
1374 1369 1577 1432 omissa,

510 1445 723 1509 ejusque
761 1445 871 1493 loco
902 1445 1072 1494 brevis
1098 1446 1286 1494 lacuna
1311 1462 1338 1494 a
1364 1446 1576 1495 librario

511 1523 695 1571 relicta
718 1530 830 1583 est;
865 1522 1002 1570 unde
1025 1522 1258 1584 colligas.
1276 1536 1413 1584 eun),
1432 1524 1481 1569 in
1502 1523 1575 1570 Ιο-

512 1612 630 1646 cum
668 1598 922 1657 vocabuli,
946 1598 1081 1661 quod
1114 1598 1162 1645 in
1190 1597 1465 1646 vetustiore
1489 1612 1574 1647 co-

511 1672 632 1722 dice
657 1672 793 1723 sorte
818 1681 1116 1729 evanuerat.
1136 1687 1233 1722 non
1259 1689 1435 1723 anisum
1460 1690 1577 1723 esse

510 1764 578 1800 ex
636 1765 727 1798 suo
782 1751 991 1813 ingenio
1045 1751 1185 1800 aliud
1241 1751 1574 1803 substituere.

512 1827 755 1876 Schmun.
1019 1877 1022 1880 ,

576 1904 691 1951 Non
726 1903 821 1951 sibi
849 1902 1156 1966 prestitisse]
1200 1903 1248 1954 1.
1287 1918 1334 1953 e.
1370 1905 1575 1969 quoties

512 1980 833 2029 consulatum
858 1985 1216 2044 susceperunt,
1241 1995 1302 2031 eo
1329 1982 1438 2044 ipso
1470 1997 1576 2031 non

511 2069 603 2103 suo
626 2054 809 2104 honori
832 2057 1220 2121 commodoque,
1240 2058 1329 2108 sed
1355 2057 1577 2122 publicae

511 2130 746 2187 utilitati,
770 2132 1078 2182 inserviisse.
1144 2133 1207 2183 Id
1245 2136 1379 2183 enim
1406 2135 1576 2184 innuit

512 2204 755 2270 formula,
789 2209 806 2235 ‘
830 2209 928 2257 sibi
965 2209 1253 2272 praestare.'
1322 2209 1576 2260 Confera-

511 2288 598 2330 tur
632 2283 831 2333 Plinius
867 2295 1044 2335 noster
1074 2301 1231 2350 supra
1260 2300 1503 2338 xxxvnt.
1526 2292 1576 2336 2.

512 2358 530 2385 ‘
554 2360 668 2409 Scis
699 2362 854 2423 enim,
881 2364 976 2411 sibi
1013 2379 1268 2429 quemque
1305 2372 1574 2427 praestare,

512 2437 648 2501 quod
696 2446 749 2488 te
797 2439 1007 2490 videat)
1087 2439 1234 2489 Infra
1279 2456 1480 2491 vatn.
1525 2449 1575 2492 5.

511 2515 527 2540 ⁴
552 2515 720 2563 Nemo
744 2516 839 2563 ltoc
864 2517 962 2565 sibi
986 2532 1083 2565 non
1110 2518 1366 2580 praestat.'
1409 2520 1578 2582 Epist.

514 2604 577 2639 ιι.
603 2594 680 2639 10.
714 2590 729 2617 ‘
759 2591 986 2654 Dispice,
1012 2607 1073 2640 ne
1106 2594 1172 2641 sit
1198 2608 1376 2655 parum
1406 2596 1575 2658 provi·

512 2665 655 2724 dum,
679 2681 886 2728 sperare
918 2683 983 2716 ex
1016 2669 1147 2729 aliis,
1171 2669 1307 2732 quod
1336 2671 1427 2720 tibi
1465 2671 1576 2736 ipse

514 2756 613 2790 non
640 2742 889 2802 praestes!
926 2746 1072 2793 Idem.

579 2818 693 2866 Non
729 2818 844 2882 sibi]
889 2820 993 2868 Sed
1043 2820 1364 2884 reipublicae.
1445 2823 1574 2885 Ejus

512 2906 712 2955 caussa,
751 2907 852 2943 non
897 2895 1101 2944 honoris
1150 2898 1226 2946 sui
1269 2898 1575 2962 suscepisse.

513 2968 650 3031 Lips-

577 3046 704 3094 Erat
737 3047 789 3095 s'n
821 3054 988 3096 senatu
1027 3054 1102 3097 ter
1130 3050 1311 3113 consul]
1352 3051 1574 3099 Baianus

508 3120 567 3169 T.
583 3120 888 3186 Verginium
917 3125 1102 3173 Rufum
1124 3127 1371 3185 nominat,
1397 3141 1575 3189 parum

511 3198 925 3261 circumspecte3
970 3214 1087 3248 nam
1126 3202 1167 3249 is
1207 3202 1415 3250 tertium
1452 3216 1575 3250 con-

511 3274 611 3336 sul,
628 3275 926 3339 imperatori
948 3278 1141 3326 Nerva·
1166 3279 1385 3342 collega,
1402 3279 1453 3326 in
1474 3293 1576 3326 ma·

511 3351 734 3412 gistratu
777 3351 1024 3416 decessit,
1061 3354 1283 3418 Trajauo
1321 3371 1418 3406 nec
1454 3357 1574 3405 dum

513 3428 725 3475 consule
747 3432 1046 3479 secundum.
1103 3431 1289 3494 Itaque
1313 3433 1484 3495 potius
1507 3432 1577 3482 sit

509 3502 741 3567 (opinor)
766 3512 820 3552 ut
847 3505 905 3553 C.
930 3506 1111 3553 Silium
1136 3506 1376 3555 Italicum
1402 3508 1575 3571 capia·

511 3592 643 3635 snus,
666 3581 752 3643 qui
788 3583 1001 3630 ternum
1037 3583 1218 3631 consul
1251 3599 1315 3632 ex
1346 3585 1457 3633 Cal.
1479 3586 1576 3636 Jn·

507 3654 593 3703 liis
627 3651 877 3703 suffectus
908 3670 1022 3703 cum
1055 3658 1263 3706 Statilio
1298 3659 1575 3709 Laterano.

512 3728 617 3779 Adi
641 3731 842 3779 Festos.
876 3731 1039 3780 Licin.

580 3806 704 3854 Erut
727 3806 778 3853 ἐκ
798 3807 987 3870 senatu]
1019 3807 1146 3859 Quis
1170 3814 1297 3858 tunc
1319 3810 1368 3859 in
1392 3818 1577 3864 senatu

513 3881 749 3932 Romano
790 3885 999 3932 tertium
1036 3886 1217 3934 consul
1256 3885 1436 3945 fuerit,
1470 3889 1576 3938 dis·

514 3958 725 4023 quirunt
749 3959 843 4008 viri
869 3959 1031 4009 docti.
1101 3960 1345 4023 Rayanus
1363 3964 1426 4013 T.
1443 3965 1576 4013 Ver-

513 4035 709 4098 ginium
734 4033 920 4084 Rufum
939 4035 1196 4097 nominat;
1227 4038 1577 4092 sed.docente

513 4110 771 4173 Livineio‚
794 4125 974 4175 perum
1005 4112 1401 4176 circumspecte.
1468 4115 1578 4164 Ru-

513 4181 595 4232 fus
621 4187 755 4252 enim
779 4186 882 4246 ille,
901 4186 1115 4235 testibus
1137 4187 1443 4252 Fastis,jsm
1462 4189 1579 4253 qni-

513 4258 631 4309 dem
656 4260 720 4311 A.
747 4261 814 4313 U.
836 4262 897 4313 C.
920 4265 1035 4313 850.
1057 4263 1165 4313 sive
1190 4263 1257 4314 A.
1282 4264 1342 4315 C.
1363 4269 1446 4315 97.
1474 4272 1578 4316 ter·

1201 378 1420 429 No‘rAE
1473 376 1877 455 {ARIORUM
1931 377 2012 426 m

1647 525 1774 575 tium
1814 525 1991 575 consul
2032 523 2205 574 fuerat
2238 536 2356 574 cum
2387 523 2569 574 Nerva
2603 524 2709 574 An·

1647 610 1819 665 gusto,
1866 601 2063 665 pariter
2118 602 2327 651 consule
2372 614 2462 651 111.
2508 615 2709 658 verum,

1646 677 1779 741 quod
1826 678 2117 726 luculenter
2153 677 2533 726 demonstravit
2569 677 2711 726 Mas-

1648 769 1738 802 son
1772 754 1822 802 in
1859 754 1982 802 Vita
2018 753 2194 809 Plinii,
2228 752 2291 801 ad
2328 753 2465 801 bunc
2502 767 2713 815 annum,

1648 846 1710 880 eo
1745 830 1911 880 adhuc
1945 832 2059 894 ipso
2095 845 2229 879 anno
2265 829 2456 880 Christi
2478 833 2563 878 97.
2587 845 2710 880 mox

1649 917 1765 972 post
1792 910 2088 959 bimestrem
2123 909 2466 970 consulatum,
2489 909 2598 958 vita
2619 909 2714 958 de·

1647 985 1856 1036 functus
1893 996 1971 1036 est
2009 985 2193 1044 Rufus,
2226 987 2452 1053 Trajano
2487 986 2711 1037 necdum

1648 1065 1860 1114 consule
1885 1065 2202 1125 secundum3
2238 1072 2441 1113 tantum
2466 1061 2713 1120 abest‚nt

1648 1141 1732 1191 hic
1768 1141 1980 1190 tertium
2014 1141 2335 1189 consulatum
2360 1139 2473 1202 jam
2498 1148 2604 1188 tum
2632 1153 2717 1189 re·

1649 1232 1831 1267 cusare
1857 1217 2102 1279 potuerit.
2161 1216 2411 1264 Nominat
2430 1229 2555 1278 ergo
2576 1214 2714 1263 Livi-

1647 1293 1793 1342 neius
1814 1293 1986 1355 potius
2008 1293 2065 1340 C.
2082 1291 2262 1340 Silium
2282 1291 2545 1351 Italicum,
2559 1303 2712 1354 quem

1649 1366 1810 1417 tradit
1834 1366 1995 1416 fuisse
2018 1367 2229 1416 tertium
2247 1366 2509 1416 consulem
2530 1380 2595 1414 ex
2617 1365 2716 1414 Cs-

1649 1444 1816 1493 lendis
1848 1443 2003 1495 Juliis
2036 1440 2311 1493 suffectum
2347 1458 2460 1492 cum
2502 1443 2712 1493 Statilio

1650 1521 1925 1569 Laterano.
1982 1520 2086 1569 Sed
2112 1528 2164 1568 et
2188 1519 2298 1583 ipse
2320 1518 2584 1568 Livineius
2610 1533 2713 1569 non

1650 1611 1715 1645 ex
1758 1596 1992 1655 vetustis,
2030 1593 2120 1644 sed
2156 1594 2530 1643 recentioribus
2568 1593 2713 1644 Onn-

1650 1672 1782 1735 plirii
1808 1671 1998 1729 FastiS,
2022 1686 2199 1734 parum
2224 1671 2603 1734 circumspecte
2623 1686 2716 1721 no·

1650 1749 1811 1797 minat
1852 1748 2050 1797 Silium.
2131 1747 2324 1796 Verum
2371 1749 2576 1812 quidem
2614 1756 2713 1812 est,

1653 1825 1977 1889 Onuplirium
2011 1822 2339 1877 panvinium.
2367 1824 2512 1872 Fast.
2534 1823 2625 1874 lib.
2650 1838 2713 1874 11.

1648 1902 1712 1950 ad
1742 1901 1805 1951 A.
1823 1903 1889 1951 U.
1906 1900 1965 1949 C.
1982 1903 2095 1949 847.
2119 1900 2458 1963 adscripsisse
2478 1900 2713 1951 consules

1648 1976 1893 2026 suffectos
1927 1992 1991 2026 ex
2028 1976 2271 2026 Calendis
2301 1977 2476 2032 Juliis,
2502 1977 2715 2027 Sextili·

1651 2068 1735 2102 um
1760 2055 2088 2114 Lateranum,
2106 2062 2157 2101 et
2184 2052 2245 2102 C.
2260 2052 2441 2102 Silium
2467 2052 2713 2102 Italicum

1649 2145 1736 2181 ιιι.
1754 2138 1825 2185 et.
1844 2132 1893 2180 in
1919 2129 2289 2180 commentario
2311 2129 2375 2177 ad
2400 2130 2491 2178 hos
2518 2130 2715 2190 Festos,

1649 2208 1713 2255 ad
1750 2208 1908 2255 Plinii
1947 2206 2212 2267 Epistulas
2245 2213 2614 2268 provocantem
2638 2204 2714 2255 af·

1649 2284 2087 2344 firmasse,Silium
2108 2283 2240 2330 lmnc
2261 2291 2340 2330 ter
2354 2283 2620 2331 consnlem
2638 2280 2717 2330 fu·

1650 2362 1745 2409 isse
1767 2360 2012 2410 extremis
2038 2359 2315 2408 Domitiani
2340 2360 2502 2408 annis.
2560 2359 2711 2411 Quod

1650 2439 1691 2487 si
1718 2443 1885 2487 autem
1911 2436 2186 2501 epistolam
2212 2435 2483 2499 septimam
2508 2435 2600 2486 lib.
2626 2449 2715 2488 111.

1650 2516 1805 2566 Plinii
1843 2516 2068 2577 evolvas,
2097 2513 2457 2577 deprehendes
2490 2511 2716 2576 quidem,

1647 2595 1825 2643 Silium
1850 2593 2088 2642 Italicum
2111 2591 2437 2640 novissimum
2454 2604 2486 2638 a
2505 2590 2716 2640 Nerone

1651 2669 1844 2719 factum
1879 2685 1992 2717 esse
2029 2667 2326 2728 consulem}
2369 2681 2471 2730 quo
2506 2667 2715 2716 consule

1652 2747 1791 2796 Nero
1833 2747 2016 2807 periit3
2052 2759 2329 2808 cognosces
2370 2744 2551 2800 etiam.
2592 2757 2716 2793 eun·

1649 2824 1767 2872 dem
1790 2824 1970 2872 Silium
1996 2837 2049 2871 se
2076 2822 2300 2871 tenuisse
2330 2821 2380 2869 in
2405 2820 2716 2882 Campanis,

1650 2914 1711 2947 ac
1737 2913 1798 2946 ne
1834 2899 2059 2947 adventu
2084 2898 2288 2961 quidem
2322 2896 2437 2944 novi
2467 2896 2717 2959 principis

1649 2975 1862 3038 (nempe
1901 2974 2131 3037 Trajsni‚
2162 2989 2190 3021 e
2227 2972 2543 3022 Germanico
2579 2972 2719 3021 bello

1651 3058 1770 3112 post
1807 3059 2024 3098 mortem
2066 3049 2257 3098 Nervae
2285 3049 2335 3097 in
2358 3047 2541 3097 urbem
2568 3048 2716 3098 rede-

1652 3123 1835 3187 untis‚)
1874 3131 2184 3172 commotum
2229 3138 2366 3184 esse,
2411 3131 2466 3172 et
2508 3122 2717 3178 demum

1651 3214 1784 3249 anno
1821 3201 1990 3248 aetatis
2019 3201 2232 3261 quincto
2256 3206 2310 3247 et
2333 3200 2718 3262 septuagesimo

1651 3278 1883 3326 ultimum
1923 3290 1987 3324 ex
2022 3275 2334 3325 Neronianis
2364 3277 2718 3339 consularibus

1650 3352 1869 3412 obiisse3
1893 3353 2026 3415 quod
2044 3351 2176 3400 baud
2194 3359 2314 3401 ante
2333 3368 2521 3401 annum
2540 3353 2720 3403 Chris·

1655 3430 1692 3478 ti
1717 3434 1798 3477 99.
1823 3429 2091 3489 accidisse,
2118 3428 2359 3492 probavit
2389 3429 2715 3483 Massoniusx

1650 3505 1775 3553 nihil
1812 3515 1981 3554 tamen
2019 3504 2086 3553 de
2112 3505 2267 3554 tertio
2290 3506 2514 3570 quodam
2536 3520 2721 3557 consu·

1651 3582 1760 3630 latu
1791 3581 1904 3630 Silii
1936 3581 2005 3630 ibi
2033 3581 2284 3652 invenies.
2348 3582 2585 3632 videbor
2606 3585 2720 3648 qni·

1652 3658 1770 3707 dem
1817 3657 1935 3707 mihi
1980 3658 2260 3722 aliquando
2305 3659 2525 3721 vestigia
2578 3661 2723 3712 tertii

1651 3735 1949 3784 consulatus
1986 3734 2099 3783 Silii
2137 3734 2543 3798 deprehendisse
2579 3737 2718 3800 apud

1651 3811 1883 3860 Martini.
1907 3824 2030 3859 vm.
2052 3813 2136 3859 66.
2167 3810 2253 3859 ubi
2289 3812 2463 3874 egitur
2494 3810 2565 3862 de
2599 3827 2717 3862 con-

1650 3887 1822 3936 sulatu
1853 3886 1984 3946 Silii,
2007 3887 2223 3950 ltaecquc
2257 3886 2414 3935 verbs
2442 3889 2587 3937 inter
2618 3889 2721 3938 slis

1650 3962 1925 4024 leguntur:
1962 3967 1976 3990 ‘
1995 3959 2258 4011 Gaudenti
2278 3960 2461 4025 (Silio)
2475 3970 2723 4027 superest

1654 4038 1838 4092 adbuc,
1876 4035 2016 4101 quod
2059 4046 2233 4100 optet,
2272 4037 2420 4086 Felix
2467 4052 2721 4104 purpure,

1653 4112 1942 4175 tertiusque
1976 4112 2197 4162 consul.’
2258 4114 2386 4174 Sed,
2411 4128 2467 4163 re
2501 4114 2723 4180 diligen·

1652 4189 1754 4238 tius
1770 4188 2119 4248 considerata,
2132 4188 2513 4248 animadverto.
2527 4192 2605 4242 ibi
2618 4208 2723 4244 non

1652 4266 1718 4315 de
1744 4265 1927 4330 patris,
1946 4264 2037 4315 sed
2056 4264 2147 4316 filii
2164 4266 2297 4324 Silii.
2310 4270 2595 4320 consulatu
2613 4270 2724 4335 stig
