3060 4902
796 345 859 388 C.
907 340 1145 388 PMNH
1196 337 1532 409 smmum
1585 340 1856 388 PANEG.

360 485 614 546 homines,
631 483 828 548 absque
848 482 1068 546 legibus,
1098 488 1113 508 ⁴
1131 479 1286 531 fidem
1309 493 1419 530 rec·

361 573 571 627 tumque
596 560 878 621 colebant:
911 575 1027 623 quae
1046 566 1124 607 est
1140 556 1297 619 θέμικ
1324 574 1423 622 qua

361 638 565 690 sublata
606 639 808 700 legibus
843 652 970 700 opus
1005 635 1118 685 fuit.
1162 636 1420 699 ‘Corrup-

362 717 561 765 tissime
586 716 725 765 enim
759 713 1024 778 republica
1047 713 1278 776 plurimae
1302 719 1422 765 snut

359 791 540 854 leges)
574 792 806 844 Tacitus.
861 790 935 840 At
981 805 1128 839 nemo
1170 804 1296 852 ergo
1340 790 1422 838 vel

364 869 501 918 bono
527 867 753 932 principi
787 867 1096 929 imperabit?
1131 866 1281 915 immo
1315 866 1422 914 De·

364 961 444 1007 us,
477 947 494 971 ⁸
513 945 662 1008 cujus
689 945 786 1007 ipsi
822 944 872 993 iu
911 951 1173 1006 potestate
1197 950 1318 992 sunt
1343 956 1422 991 re·

365 1020 489 1086 ges-⁹
556 1023 704 1071 Suet.
742 1022 875 1070 Coes.
913 1035 1031 1081 cap.
1057 1025 1103 1068 6.
1137 1018 1301 1082 Κύριος
1337 1018 1425 1078 μὲν

365 1098 553 1149 τόπων
575 1097 709 1147 ἐστὶν
729 1098 755 1146 ὁ
786 1097 1029 1158 βασιλεὺς,
1052 1097 1214 1147 δούλας
1234 1096 1284 1146 δὲ
1301 1097 1426 1158 μετὰ

365 1173 553 1225 πάντων
598 1173 795 1238 ὑπάρχει
829 1175 917 1224 τοῦ
952 1174 1089 1223 θεοῦ.
1155 1175 1423 1239 Agapetuo

367 1253 591 1304 Diacon.
628 1253 681 1301 in
727 1252 963 1301 Basilicis
1001 1267 1117 1315 cap.
1156 1257 1238 1301 68.
1304 1253 1424 1301 Plu-

371 1328 579 1384 tnrcbus
620 1330 669 1376 in
712 1329 800 1377 lib.
843 1328 906 1378 ad
946 1330 1180 1392 Princip.
1217 1329 1423 1379 Indoct.

367 1404 564 1468 ‘Qnis,’
598 1406 787 1470 inquit,
817 1407 1125 1468 ‘imperabit
1163 1407 1428 1471 principi?

367 1483 381 1510 ‘
402 1485 533 1544 Lex,
555 1484 778 1532 omnium
816 1483 991 1546 regina
1024 1483 1315 1531 mortalium
1349 1491 1426 1532 at·

369 1574 468 1623 que
501 1558 904 1619 immortalium,’
938 1568 998 1609 ut
1032 1561 1101 1608 ait
1138 1560 1424 1610 Pindarus:

369 1649 471 1685 non
494 1650 554 1683 ea
577 1633 702 1685 forie
734 1636 929 1699 scripta
954 1637 1005 1685 in
1029 1637 1190 1696 libris,
1213 1646 1301 1685 aut
1335 1638 1427 1698 lig·

372 1712 449 1764 nis
481 1712 794 1775 ‘insculpta,
831 1713 921 1762 sed
960 1714 1133 1763 vivida
1179 1714 1229 1761 in
1271 1714 1427 1775 ipsine

371 1791 528 1840 corde
553 1791 703 1851 ratio,
725 1806 930 1854 semper
959 1807 1058 1842 nna
1088 1792 1326 1841 babitans
1352 1801 1428 1839 at-

371 1882 473 1930 qne
513 1869 795 1929 excubans,
821 1877 876 1917 et
911 1869 1134 1918 animum
1170 1883 1428 1932 nunquam

371 1944 544 1994 sinens
565 1957 681 1993 esse
711 1944 999 2007 principatu
1025 1959 1258 1993 vacuum.
1324 1944 1430 1993 Ne·

371 2034 471 2084 que
512 2034 633 2069 vero
672 2027 763 2070 aut
803 2034 893 2083 per
926 2030 1179 2080 senatum,
1215 2029 1302 2069 aut
1339 2034 1431 2085 per

374 2095 641 2159 populum,
657 2096 786 2145 solvi
803 2096 897 2145 bac
918 2098 1032 2158 lege
1055 2098 1318 2163 qnisquam
1341 2112 1430 2161 po·

372 2171 513 2224 test)
582 2173 796 2223 Interim
840 2181 896 2223 et
950 2174 1032 2222 lex
1089 2175 1279 2235 scripta
1335 2174 1428 2223 nisi

373 2257 547 2311 cogat,
563 2256 732 2299 tomen
757 2249 948 2312 dirigat
972 2250 1273 2312 principem.
1321 2252 1430 2301 Cic.

374 2325 440 2378 de
472 2327 694 2389 Republ.
735 2326 824 2375 lib.
862 2340 952 2376 ιιι.
1002 2329 1235 2377 Lactant.
1279 2342 1350 2377 vr.
1384 2332 1432 2377 8.

376 2403 530 2457 Addo
552 2404 676 2455 Tac.
717 2404 896 2456 Germ.
931 2420 977 2454 c.
1001 2409 1049 2454 7.
1086 2407 1261 2454 Caesar
1304 2406 1433 2454 nen.

375 2482 517 2533 Gall.
541 2496 591 2530 v.
622 2497 739 2547 cap.
761 2486 843 2532 27.
865 2482 968 2535 Jul.
998 2483 1128 2532 Caes.
1161 2482 1433 2545 Bulenger.

446 2634 556 2686 Tibi
584 2636 694 2699 plus
727 2635 945 2698 velimus]
982 2635 1154 2697 Forte,
1189 2634 1295 2684 Tibi
1328 2636 1434 2697 plus

375 2712 517 2766 lica-e
537 2714 747 2765 velimus.
788 2714 952 2765 Livin.

444 2791 556 2841 Tibi
586 2792 690 2854 plus
719 2791 934 2854 velimus]
972 2789 1255 2851 Perpetem
1287 2790 1434 2840 omis·

378 2883 492 2923 snm
517 2877 599 2916 est
626 2882 901 2931 pronomen
931 2867 1019 2916 tibi
1054 2867 1103 2915 in
1138 2866 1255 2916 cod.
1292 2868 1435 2917 Pari·

377 2946 535 2999 aiensi
565 2952 619 2994 et
643 2944 1124 3011 Guelpherbytano.
1172 2944 1434 3007 Ceterum,

341 3039 346 3043 ·
376 3023 491 3073 hee
526 3021 761 3084 ambigue
798 3020 940 3069 dicta
976 3020 1174 3082 put-vit
1214 3020 1436 3082 Lipsius.

376 3100 540 3151 ‘Plus
587 3096 784 3153 licere‚’
837 3097 1024 3161 inquit,
1065 3097 1185 3158 ιιιι,
1229 3098 1342 3161 plus
1384 3107 1436 3147 te

380 3190 626 3226 amemus.
695 3175 851 3228 Nam.
897 3176 1012 3222 velle
1062 3174 1205 3227 alicui
1258 3172 1438 3237 ἁπλῶς,

380 3253 517 3303 bene
541 3252 673 3302 velle
709 3265 768 3301 ac
803 3249 997 3306 favere,
1019 3250 1275 3314 significat
1301 3253 1437 3301 Lati-

379 3329 497 3380 nis.'
579 3331 710 3382 Qum
766 3327 1022 3391 posterior
1078 3328 1438 3392 interpretatio

379 3406 539 3457 etiam
563 3405 756 3468 placuit
780 3403 995 3452 Baunio.
1032 3404 1227 3454 Verum
1251 3407 1439 3455 rectius

380 3490 437 3535 et
456 3482 655 3531 acutius
671 3478 764 3531 ἀπὸ
781 3481 867 3529 τοῦ
887 3481 1042 3530 κοινοῦ
1062 3481 1314 3544 repetitur
1336 3484 1440 3532 aui·

382 3574 468 3608 mo
492 3556 772 3607 infinitivus
806 3556 964 3611 licere,
1000 3558 1033 3604 i.
1055 3572 1103 3605 e.
1141 3559 1439 3620 permissum

381 3648 513 3685 esse.
583 3634 766 3697 Neque
789 3634 925 3682 enim
959 3632 1128 3683 Plinio
1155 3635 1440 3698 hujusmodi

381 3713 621 3777 ωείψω
642 3720 764 3763 sunt
799 3709 1172 3776 infrequentes.
1243 3712 1301 3761 In
1325 3728 1441 3764 mco

381 3791 567 3843 codice
587 3790 665 3839 hae
684 3802 837 3838 voces
854 3788 929 3836 ita
948 3788 1273 3850 transpositu
1292 3798 1440 3838 sunt:

383 3867 486 3919 Sed
537 3874 591 3917 tu
637 3865 761 3917 nisit
805 3865 1007 3926 amplius
1051 3864 1123 3915 eia
1166 3864 1271 3921 tibi,
1305 3881 1443 3929 quam

380 3946 531 4001 nobis.
554 3944 712 3997 licere.
780 3942 898 3991 Lat.
931 3941 1113 3991 Pacat.
1150 3941 1343 4003 Paneg.
1377 3944 1442 3997 ad

379 4021 637 4072 Theodos.
670 4035 717 4069 c.
753 4023 833 4068 12.
869 4026 882 4047 ⁸
901 4018 1045 4068 Idem
1071 4035 1147 4080 es,
1169 4021 1255 4084 qui
1279 4019 1443 4084 fuisti,

381 4108 438 4155 et
461 4106 666 4148 tantum
695 4095 789 4149 tibi
814 4108 907 4158 per
945 4104 996 4145 te
1028 4096 1170 4153 licet,
1197 4108 1442 4160 quantum

382 4190 478 4239 per
509 4177 650 4238 leges
686 4171 892 4223 licebat.
957 4172 1052 4223 Jus
1086 4189 1332 4225 summum
1369 4173 1443 4224 fa-

382 4253 582 4305 cultate
603 4257 658 4302 et
678 4248 832 4317 copia
853 4248 1228 4314 commodandi,
1242 4264 1344 4309 non
1364 4266 1444 4304 se-

1937 341 1981 385 ι.
2010 324 2121 388 65.
2416 321 2542 387 871

1493 480 1713 532 curitate
1735 480 2004 543 peccandi,
2021 477 2302 543 experiris:
2333 476 2551 530 Schwar-

1492 573 1609 606 zeus.

1564 633 1695 688 Quid
1707 648 1819 694 ergo
1833 648 1955 684 nunc
1975 635 2178 698 primum
2193 632 2354 696 audio]
2378 631 2550 696 Vulgo

1492 710 1702 774 legitur,
1751 711 1887 766 Quod
1923 727 2007 773 ego
2043 726 2165 759 nunc
2210 711 2428 774 primum,
2468 714 2551 774 ξι.

1495 789 1510 816 ⁴
1532 789 1736 849 Vegeta
1771 788 1929 851 magis
1959 787 2158 844 oratio,’
2193 789 2361 853 inquit
2388 789 2553 852 Lipsi-

1495 878 1573 919 us.
1621 865 1637 891 ‘
1662 864 1701 913 si
1759 865 1889 919 Quid
1923 880 2009 926 ego
2048 866 2209 929 legas,
2244 872 2298 914 et
2333 865 2554 914 interro·

1496 941 1667 1004 gando
1691 956 1846 989 acuas
1872 950 1984 1002 post
2008 940 2170 989 disco!
2225 939 2258 990 J
2266 955 2344 989 am
2362 941 2551 990 veroin

1497 1019 1677 1068 codice
1718 1017 2096 1080 salisburgensi
2148 1017 2399 1079 scriptum
2454 1025 2554 1077 est,

1499 1099 1630 1154 Quid
1664 1114 1781 1160 ego:
1819 1105 1873 1147 et
1892 1100 1943 1148 in
1968 1113 2100 1155 meo,
2143 1098 2273 1153 Quid
2293 1111 2405 1157 ergo
2431 1111 2553 1146 nune

1492 1177 1697 1241 primum
1719 1178 1875 1237 audio,
1900 1179 2019 1239 qnod
2042 1191 2161 1224 nunc
2188 1177 2386 1238 primum
2409 1174 2554 1225 diem·

1499 1255 1791 1303 Pronomen
1834 1256 1953 1316 quod
1996 1257 2045 1302 in
2087 1254 2295 1302 alterins
2340 1252 2555 1300 membri

1498 1331 1644 1381 initio
1680 1331 1936 1380 inutiliter
1967 1331 2183 1393 positum
2221 1338 2316 1394 est,
2352 1336 2441 1379 ant
2471 1343 2553 1379 su-

1498 1408 1779 1471 spicionem
1795 1405 1977 1456 afferre
1996 1417 2183 1469 potest,
2201 1408 2250 1455 in
2266 1407 2555 1470 antiquiore

1498 1483 1677 1532 codice
1701 1483 1944 1533 iteratum
1977 1482 2137 1532 fuisse
2174 1498 2454 1545 pronomen
2479 1483 2558 1534 in·

1504 1562 1873 1624 terrogativum
1896 1559 2047 1625 quid?
2084 1570 2172 1610 aut
2196 1561 2349 1611 etiam
2374 1560 2438 1610 ab
2463 1560 2557 1611 ini-

1502 1639 1575 1687 tio
1621 1638 1769 1701 primi
1828 1639 2043 1687 membri
2093 1636 2253 1687 fuisse
2308 1638 2559 1701 scriptum

1504 1715 1660 1769 Quod.
1728 1715 1845 1763 Non
1871 1716 2075 1778 quidem
2104 1715 2444 1763 necessarium
2477 1713 2561 1766 hie

1501 1791 1713 1840 videtur
1750 1791 1871 1839 illud
1908 1806 2186 1855 pronomen
2227 1792 2561 1854 interrogati-

1503 1884 1620 1918 vum
1644 1866 1797 1932 quid?
1833 1869 2010 1934 utique
2047 1878 2218 1919 tamen
2246 1870 2559 1932 vegetiorem

1503 1946 1673 1996 reddit
1697 1946 1998 2004 orationem,
2021 1962 2133 1996 cum
2176 1948 2405 2009 inprimis
2440 1961 2563 1996 con·

1494 2024 1753 2087 jungatur
1795 2038 1910 2072 cum
1956 2023 2119 2086 figura
2158 2026 2410 2089 παθηηκῆ,
2443 2038 2561 2088 qnoe

1505 2101 1638 2150 latet
1669 2102 1718 2148 in
1755 2099 1923 2148 verbis
1957 2102 2117 2156 audio,
2158 2102 2319 2158 disc03
2352 2110 2407 2150 et
2444 2115 2562 2154 cum

1504 2176 1668 2241 figura
1703 2173 1947 2239 ἁρμονικῇ,
1986 2191 2096 2240 quae
2137 2178 2443 2241 repetitione
2477 2177 2563 2227 bn·

1507 2269 1617 2303 rum
1643 2268 1841 2308 vocum,
1866 2268 1988 2302 nunc
2008 2254 2232 2317 primum,
2252 2255 2563 2306 continetur.

1507 2329 1828 2379 Pau-ticulum
1867 2342 1986 2377 vero
2028 2344 2161 2389 ergo,
2194 2343 2309 2392 quae
2344 2337 2398 2378 et
2439 2329 2564 2379 alibi

1507 2422 1609 2458 non
1635 2422 1748 2456 raro
1774 2421 1885 2456 cum
1913 2407 2210 2469 pronomine
2232 2421 2318 2467 ego
2341 2419 2566 2463 commn-

1507 2494 1668 2542 tatnr.
1691 2484 1929 2534 lubenter
1953 2484 2206 2544 admitto;
2241 2483 2475 2549 quoniam
2501 2499 2567 2537 eo

1506 2576 1608 2612 non
1631 2563 1787 2610 solum
1816 2561 1867 2610 in
1891 2576 2024 2620 meo,
2058 2561 2148 2610 sed
2186 2562 2342 2612 etiam
2377 2560 2567 2615 Parisi-

1508 2639 1619 2695 ensi
1660 2638 1841 2687 codice
1881 2638 1985 2687 Ms-
2020 2638 2246 2701 itemque
2284 2638 2335 2685 in
2360 2638 2567 2687 Veneto

1511 2720 1557 2763 l.
1582 2722 1751 2774 extat,
1784 2729 1845 2764 ac
1869 2714 1968 2762 vim
2004 2713 2329 2774 consectarii,
2353 2729 2453 2779 quo
2482 2715 2568 2767 hic

1508 2793 1670 2841 utitur
1725 2799 1915 2848 orator,
1962 2790 2347 2855 complectitur.
2414 2791 2568 2843 Post-

1509 2884 1659 2934 quam
1687 2867 1821 2917 enim
1860 2867 2058 2917 Plinius
2086 2868 2257 2930 paullo
2283 2876 2404 2918 ante
2429 2883 2568 2918 com-

1511 2954 1836 3000 memoraret,
1871 2943 2147 3006 Trajanum
2203 2945 2568 3007 imperatorem

1514 3023 1710 3086 legibus
1766 3028 2107 3083 congruenter
2153 3021 2372 3084 jurasse,
2413 3036 2473 3071 ac
2514 3037 2570 3077 se

1511 3101 1805 3152 submisisse
1846 3099 2087 3161 legibus3
2144 3107 2251 3150 tum
2307 3098 2569 3150 concludit

1513 3180 1643 3228 banc
1684 3177 2027 3226 narrationem
2054 3177 2195 3239 quasi
2236 3190 2328 3237 per
2367 3175 2570 3225 ratioci-

1512 3257 1792 3315 nationem,
1827 3252 2060 3316 subjecte
2092 3252 2271 3316 γνώμῃ.
2341 3252 2403 3301 In
2434 3252 2572 3302 codi-

1513 3333 1656 3381 cibus
1695 3331 1822 3380 Mss.
1847 3330 2115 3379 Vaticanis
2151 3334 2298 3380 3461.
2338 3335 2390 3380 et
2428 3334 2571 3380 1775.

1515 3417 1571 3459 et
1627 3409 1677 3459 in
1723 3406 2204 3470 Guelpnerbytano‚
2250 3407 2375 3457 item
2420 3416 2473 3457 et
2518 3408 2570 3458 in

1517 3484 1936 3547 Berneggeriana
1959 3491 2010 3532 et
2035 3483 2306 3533 Hackiana
2337 3483 2573 3533 editioni·

1517 3560 1632 3621 bns,
1668 3561 1775 3609 lia‘c
1801 3560 1957 3608 verba
1998 3560 2148 3623 primi
2187 3560 2419 3617 membri,
2450 3575 2573 3610 nuuc

1509 3637 1715 3700 primum
1729 3637 1886 3699 audio,
1904 3644 2085 3685 contra
2098 3634 2338 3701 suffragia
2357 3637 2573 3689 aliorum

1516 3711 1751 3763 codicum
1779 3712 1906 3761 Mss.
1934 3712 2281 3778 librorumque
2306 3715 2574 3777 impresso-

1518 3804 1650 3849 rum,
1674 3789 1803 3838 male
1828 3790 2009 3838 omissa
2032 3798 2168 3839 sunt.
2204 3790 2352 3839 Idem.

1583 3866 1697 3914 Non
1734 3871 1805 3914 est
1843 3866 2060 3930 princeps
2101 3882 2244 3929 supra
2286 3868 2432 3928 leges,
2471 3865 2576 3929 &cd

1517 3941 1651 3990 Haec
1672 3942 1830 3991 verba
1853 3952 2098 4006 corrupte
2118 3942 2355 4005 evulgata
2378 3951 2498 3991 sunt
2521 3941 2573 3991 in

1518 4019 1891 4084 antiquioribus
1927 4019 2238 4071 editionibus
2281 4019 2573 4075 Puteolani,

1516 4097 1779 4153 Beroaldi‚
1797 4097 2044 4154 Catauoei,
2064 4096 2362 4157 Philomusi,
2377 4096 2577 4146 Rhena-

1518 4174 1605 4222 ni:
1644 4174 1757 4223 Non
1790 4179 1861 4223 est
1898 4174 2149 4236 pn‘ueepu
2179 4177 2290 4223 aaut
2321 4174 2465 4235 leges,
2494 4174 2575 4224 sed

1518 4265 1661 4316 supra
1700 4250 1971 4316 principem.
2037 4249 2153 4299 Nec
2190 4250 2352 4303 multo
2394 4251 2575 4304 melius
