3060 4902
484 389 615 453 444

490 547 673 594 timare
717 544 846 594 hauc
884 543 1193 606 orationem,
1233 544 1443 609 (iterum
1477 544 1554 592 di-

490 622 651 683 cam‚)
679 623 1015 684 praecipuam,
1045 631 1102 671 ut
1136 623 1275 670 inter
1305 637 1463 677 meas,
1495 622 1557 669 ὥς

492 697 605 760 ὑπὲρ
631 700 988 760 Κτησιφῶντος,
1011 713 1125 747 esse
1143 697 1178 759 ς’
1214 704 1266 747 et
1297 700 1445 762 plura
1477 699 1554 746 in·

490 777 581 824 ibi.
650 777 753 825 Sed
779 790 840 824 ea
864 790 980 824 curn
1005 776 1122 823 aliis
1145 773 1262 831 fuit,
1299 775 1444 823 nobis
1473 790 1556 823 su·

491 860 670 917 perest
713 852 1045 901 desiderium.
1128 852 1208 898 De
1252 851 1350 900 hoc
1394 865 1557 913 opere

493 943 618 977 vero
644 928 779 991 quod
798 927 1053 990 judicium
1079 926 1326 988 parentis,
1346 933 1401 974 tu
1422 927 1559 973 aesti·

493 1019 597 1067 ma,
632 1004 697 1051 mi
738 1005 948 1059 Lector,
979 1017 1042 1050 ex
1076 1003 1244 1064 Epist.
1280 1016 1369 1050 ιιι.
1403 1007 1480 1050 13.
1504 1009 1558 1051 et

496 1084 576 1129 18.
614 1079 856 1128 Meminit
883 1092 960 1126 νι.
982 1081 1061 1126 27.
1097 1077 1363 1127 Livineius.

567 1156 718 1205 Hauc
741 1156 1022 1219 gratiarum
1047 1156 1303 1202 actionem
1324 1169 1422 1202 non
1448 1168 1559 1203 rec·

496 1239 548 1281 te
574 1232 951 1294 Panegyricam
975 1231 1098 1286 dici,
1123 1238 1174 1280 et
1197 1231 1394 1281 Tlieod.
1419 1232 1561 1280 Mar-

497 1308 642 1358 cilius
688 1307 753 1356 ad
800 1309 947 1357 Suet.
990 1308 1211 1369 Vespas.
1255 1322 1370 1369 cap.
1417 1311 1464 1354 2.
1508 1315 1562 1354 et

499 1386 754 1437 Gerhard.
788 1386 939 1437 Joau.
970 1385 1185 1433 Vossius
1209 1383 1385 1433 Instit.
1410 1384 1562 1432 Orat.

497 1477 537 1511 ι.
564 1469 612 1512 5.
641 1462 942 1510 ostendunt.
1011 1461 1113 1509 Sed
1140 1461 1286 1520 satis,
1317 1462 1368 1508 ni
1396 1460 1564 1523 fallor,

496 1542 627 1588 hanc
654 1547 896 1587 tueantur
918 1538 1338 1601 appellationem,
1370 1553 1486 1602 quae
1513 1539 1562 1586 in

498 1617 595 1665 lioc
619 1616 867 1664 orationis
893 1629 1082 1679 genere
1108 1616 1374 1664 excellunt
1408 1621 1563 1679 atque

501 1692 749 1747 eminent,
778 1692 1025 1754 principis
1053 1691 1306 1751 laudatio,
1330 1706 1427 1738 uon
1455 1691 1565 1753 qui-

502 1769 619 1817 dem
653 1769 728 1817 sic
766 1768 1009 1831 ampliter
1039 1768 1199 1828 dicta,
1232 1775 1289 1816 ut
1327 1778 1442 1830 post
1480 1767 1567 1814 illa

504 1847 733 1910 scripta;
766 1843 978 1893 floridus
1004 1844 1168 1898 stilus,
1197 1844 1282 1907 qui
1316 1843 1378 1891 ad
1403 1843 1569 1905 poeti·

504 1938 620 1972 cum
657 1922 862 1970 modum
904 1920 1017 1969 fere
1060 1921 1318 1981 luxuriat;
1354 1920 1569 1967 celebris

505 2006 810 2060 conventus,
834 1997 918 2060 qui
946 2006 1172 2058 senatus,
1209 2004 1261 2045 et
1296 1996 1458 2057 locus,
1482 1997 1567 2059 qui

505 2076 558 2123 in
603 2089 735 2122 nova
775 2074 977 2137 republ.
1012 2074 1173 2129 curia,
1214 2082 1269 2123 ut
1307 2076 1358 2123 iu
1402 2075 1569 2123 veteri

506 2152 708 2201 concio.
797 2153 963 2201 Immo
1025 2153 1230 2212 vellem,
1291 2152 1333 2200 si
1390 2153 1570 2212 velles,

510 2229 774 2277 nominare
814 2229 1053 2290 Satyram
1092 2228 1483 2292 Panegyricum,
1517 2237 1571 2276 et

510 2306 802 2369 Panegyrin
828 2307 1136 2370 satyricam.
1173 2307 1527 2367 Berneggerus.

576 2384 716 2431 CAP-
740 2396 778 2430 r.
848 2383 983 2432 Bene
1017 2398 1072 2431 ac
1105 2383 1366 2446 sapienter]
1404 2385 1574 2430 Καλῶς

509 2459 586 2508 καὶ
608 2462 783 2522 σοφῶς.
853 2461 1094 2510 Solennia
1125 2462 1281 2508 verba
1320 2461 1574 2524 probandi

514 2539 727 2585 aliorum
767 2537 903 2584 bona
934 2536 1094 2591 facta,
1129 2537 1288 2593 dicta,
1322 2538 1578 2584 instituta.

513 2615 610 2662 His
631 2620 801 2661 tamen
825 2612 1086 2674 impendio
1109 2620 1227 2659 sunt
1249 2612 1414 2675 abusi,
1433 2628 1576 2675 spor·

516 2691 634 2738 tulis
680 2688 944 2744 conducti,
996 2702 1092 2737 uec
1143 2689 1401 2738 immerito
1447 2689 1574 2737 dicti

514 2767 770 2827 σοφοκλεῖς
789 2772 840 2814 et
861 2763 1230 2812 Laudicicoeni.
1258 2765 1391 2812 Plin.
1412 2766 1581 2830 Epist.

515 2857 577 2891 ιι.
608 2847 683 2890 14.
721 2841 860 2904 Lips.
888 2840 1056 2903 Epist.
1080 2854 1140 2888 rr.
1160 2845 1244 2889 48.
1282 2842 1431 2891 Idem.

588 2918 653 2966 Ut
700 2915 884 2978 rerum]
934 2916 1297 2979 Xenophontis
1346 2931 1578 2981 praecep-

520 3003 651 3043 tum:
680 2995 935 3055 Πειρᾶσθαι
958 2991 1048 3041 σὺν
1068 2996 1191 3044 θεοῖς
1210 2993 1441 3058 ἄρχεσθαι
1465 3013 1579 3043 παν-

516 3071 600 3119 τὸς
636 3070 794 3133 ἔργου·
830 3069 892 3119 ὣς
943 3072 1038 3117 τῶν
1077 3073 1194 3118 θεῶν
1229 3072 1397 3133 κυρίων
1433 3072 1582 3121 ὄντων

518 3146 653 3196 οὐδὲν
686 3145 834 3206 ἧττον
863 3149 959 3195 τῶν
991 3146 1246 3210 εἰρηνικῶν,
1269 3149 1301 3207 ᾖ
1322 3152 1419 3197 τῶν
1438 3159 1582 3198 πολε·

516 3228 662 3285 μικῶν
705 3223 874 3288 ἔργων·
944 3225 1124 3273 Conari
1162 3242 1294 3275 omne
1328 3243 1441 3290 opus
1474 3243 1582 3277 cum

524 3304 644 3351 Diis
662 3304 865 3364 agg-redi
878 3316 897 3358 ‚⁰
932 3302 1046 3364 quia
1071 3302 1162 3350 Dii
1184 3317 1275 3351 non
1296 3305 1483 3366 sequius
1504 3320 1580 3353 re·

520 3383 606 3431 bus
629 3382 866 3436 civilibus,
888 3397 1025 3445 quom
1048 3386 1094 3431 et
1123 3381 1324 3446 bellicis,
1350 3390 1584 3448 presunt,

521 3475 577 3508 uc
596 3459 916 3506 dominantur.
951 3457 1172 3519 Lipsius.
1430 3457 1433 3462 ’

594 3535 662 3583 Ut
685 3533 865 3595 reram]
890 3533 1201 3582 Verissime:
1231 3549 1342 3582 nam
1370 3542 1422 3583 et
1447 3532 1582 3597 apud

526 3612 729 3660 Livium
773 3611 869 3660 Cn.
904 3611 1179 3672 Manlius„
1204 3625 1460 3662 xxxvru.
1502 3616 1585 3661 48.

523 3687 661 3735 ‘Sed
706 3702 803 3750 ego
847 3688 897 3734 in
945 3701 1007 3735 ea
1049 3687 1284 3749 civitate,
1317 3704 1429 3751 quae
1467 3687 1586 3737 ideo

525 3766 761 3815 omnibus
796 3764 948 3813 rebus
986 3763 1301 3827 incipiendis
1326 3766 1590 3829 gerendis·

526 3857 626 3906 que
653 3844 794 3890 Deos
823 3840 1053 3896 adhibet,
1086 3841 1206 3905 quia
1237 3842 1462 3903 nullius,’
1485 3844 1586 3892 διο.

528 3918 681 3968 Unde
715 3924 774 3966 et
812 3917 981 3965 eidem
1019 3918 1166 3967 Livio
1200 3933 1309 3968 mos
1347 3919 1433 3967 ille
1471 3933 1588 3982 pre·

530 3994 700 4056 candi,
731 4001 970 4042 ‘carmen
996 3994 1248 4049 solenne.'
1274 4008 1478 4044 xxxtx.
1507 3999 1587 4043 15.

528 4073 544 4101 ⁸
569 4072 639 4121 Et
659 4070 913 4120 concione
937 4068 1208 4126 advocata,
1229 4084 1344 4119 eum
1374 4072 1588 4120 solenne

529 4161 737 4198 carmen
782 4147 1113 4210 precationis,
1168 4147 1306 4210 quod
1363 4146 1590 4211 praefari,

531 4227 829 4292 prinsquam
855 4225 1099 4289 populum
1121 4227 1465 4291 adloquantur
1482 4243 1590 4277 ma·

531 4303 783 4367 gistratus
823 4304 1010 4368 solent,
1061 4304 1352 4368 peregisset
1389 4306 1590 4365 consul,

1180 403 1399 451 NOTAE
1453 402 1855 450 VARIORUM
1911 402 1992 449 IN

1631 544 1704 592 ita
1748 541 1947 607 eoepit‚’
1981 545 2078 591 διο.
2143 543 2275 594 Quae
2313 541 2415 590 duo
2451 542 2566 591 loca
2601 556 2692 604 op·

1633 631 1854 684 portune
1881 621 1944 667 ad
1969 620 2120 667 Plinii
2140 620 2215 667 sui
2235 622 2516 682 marginem
2539 621 2695 668 adno-

1636 707 1773 745 tarat
1813 698 1900 746 illa
1941 698 2162 759 antiquae
2204 697 2411 744 virtutis
2447 712 2697 758 expressa

1634 772 1829 836 effigies
1852 774 2079 823 ,lacobus
2100 774 2434 834 Bongarsius.
2468 775 2697 821 Prorsus

1634 852 1770 899 enim
1797 852 1960 899 adbuc
1998 851 2264 913 antiquum
2304 850 2526 911 obtinet,
2555 864 2614 897 ac
2640 849 2701 896 li-

1635 926 1852 974 brariam
1895 942 2038 974 suam
2071 941 2244 975 eorum
2285 927 2395 974 usui
2423 926 2702 988 impendit,

1636 1005 1721 1067 qui
1749 1005 1866 1051 inde
1894 1013 1983 1051 aut
2005 1001 2250 1059 fructum,
2267 1013 2352 1050 aiut
2373 1005 2696 1065 voluptatem

1636 1082 1875 1145 aliquam,
1894 1080 2205 1143 pollicentur
2231 1079 2461 1142 publico:
2482 1094 2700 1142 quorum

1637 1160 1687 1208 in
1747 1173 1960 1207 numero
2026 1172 2211 1206 nomen
2272 1172 2439 1205 meum
2496 1156 2700 1206 censeri

1637 1250 1789 1300 quam
1811 1234 1964 1282 facile
1995 1236 2182 1297 patior,
2208 1242 2312 1281 tam
2351 1234 2575 1282 libenter
2598 1233 2702 1282 loci

1639 1313 1752 1375 ejus
1791 1311 2096 1372 dignitatem
2137 1311 2349 1373 implere
2389 1312 2560 1357 velim.
2633 1312 2703 1359 Et

1641 1387 1861 1437 affectus
1885 1388 2090 1451 quidem
2114 1402 2174 1435 ac
2193 1388 2470 1435 voluntatis
2497 1388 2704 1436 abunde

1641 1473 1757 1523 est;
1792 1462 2013 1513 effeetus
2060 1479 2120 1512 ac
2167 1463 2453 1521 facultatis,
2501 1478 2703 1527 parum,

1640 1551 1726 1591 aut
1750 1542 1906 1591 nihil:
1945 1543 2014 1591 ita
2047 1543 2336 1590 molitiones
2371 1550 2564 1590 nostrae
2596 1557 2701 1592 om·

1642 1634 1734 1668 nes
1760 1619 2087 1681 millepedam
2114 1618 2411 1668 imitantur:
2454 1627 2615 1681 utque
2646 1620 2707 1667 il·

1642 1698 1710 1755 la,
1752 1704 1851 1757 tot,
1888 1703 1944 1743 ut
1980 1696 2049 1744 ita
2091 1697 2288 1758 loquar,
2331 1710 2590 1744 remorum
2631 1697 2710 1745 in·

1643 1781 1843 1823 structa
1867 1773 2153 1833 ordinibus,
2178 1774 2319 1821 audit
2346 1780 2517 1821 tamen
2545 1775 2709 1835 repti-

1643 1849 1765 1897 lium
1807 1849 1958 1897 fncile
1997 1848 2318 1897 tardissima:
2355 1850 2706 1911 sic,¹quamvis

1647 1930 1695 1975 in
1726 1928 1824 1975 lrac
1853 1927 2033 1989 grandi
2063 1927 2312 1974 bonorum
2341 1926 2593 1975 librorum
2631 1941 2711 1973 su-

1648 2003 1899 2066 pellectili
1947 2004 2107 2050 multa
2154 2016 2328 2063 coner,
2388 2002 2554 2050 multa
2599 2017 2708 2050 mo-

1650 2093 1813 2139 veam,
1859 2078 2116 2125 minimum
2167 2087 2340 2124 tamen
2388 2091 2706 2138 promoveo:

1648 2158 1745 2204 nisi
1768 2164 2017 2219 quatenus
2036 2156 2167 2202 forte
2188 2170 2299 2202 meo
2318 2155 2560 2216 exemplo
2578 2170 2708 2204 tinus

1650 2233 1882 2295 alterque
1911 2232 2028 2279 boni
2067 2231 2258 2292 ingenii
2286 2233 2580 2289 excitatum
2621 2229 2710 2293 qui

1649 2323 1763 2357 cum
1791 2307 1985 2362 videat,
2019 2307 2372 2369 dignationem
2402 2315 2596 2354 tantam
2621 2308 2712 2354 lra-

1654 2386 1760 2434 beri
1785 2383 2049 2432 industriae
2083 2392 2294 2442 uostrae,
2332 2382 2462 2431 infra
2503 2398 2710 2432 omnem

1651 2464 2062 2511 mediocritatem
2085 2461 2332 2509 mediocri
2355 2476 2368 2518 ;
2394 2461 2528 2508 hand
2551 2468 2712 2508 teme·

1653 2555 1707 2589 re
1745 2540 1967 2589 confisus
2010 2545 2063 2588 et
2095 2539 2279 2586 indolis
2316 2553 2421 2585 sua»
2461 2536 2714 2586 felicioris
2775 2535 2782 2546 ⁸

1653 2625 1872 2677 naturae,
1912 2624 1965 2663 et
2005 2615 2310 2662 eruditionis
2356 2614 2582 2661 uberiori
2625 2627 2711 2660 co·

1654 2693 1775 2755 pia»,
1802 2693 1929 2740 bene
1953 2691 2077 2738 item
2112 2691 2219 2738 vult
2255 2689 2555 2751 reipublicae
2596 2703 2713 2736 nos·

1655 2778 1748 2818 trae
1777 2768 2036 2830 literariae‚
2062 2781 2254 2830 proque
2275 2781 2335 2813 ea
2358 2775 2570 2814 strenue
2591 2780 2717 2829 pug-

1658 2854 1747 2895 nat
1771 2847 1819 2894 iu
1841 2846 2017 2894 hostes
2041 2845 2149 2907 ejus
2170 2844 2538 2903 internecinos,
2561 2843 2716 2891 insci·

1657 2924 1777 2971 tiam
1813 2930 1865 2970 et
1899 2922 2146 2969 livorem:
2186 2920 2370 2983 quibus
2404 2921 2529 2983 ipsis
2560 2920 2718 2968 bella·

1658 3001 1876 3061 toribus,
1913 2997 2143 3062 quamvis
2178 2999 2362 3059 impar,
2398 3005 2600 3045 tantum
2628 2997 2718 3044 ab·

1659 3086 1756 3140 est,
1779 3085 1837 3125 ut
1862 3076 2150 3133 invideam;
2187 3072 2339 3122 faveo
2366 3074 2548 3133 magis,
2575 3073 2716 3135 plau-

1657 3169 1818 3219 suque
1844 3151 2132 3215 frequentis
2153 3148 2396 3197 faventiae
2420 3162 2716 3197 sue-cessum

1658 3245 1836 3281 eorum
1872 3230 2169 3277 cohonesto.
2235 3227 2309 3275 Ut
2332 3226 2466 3272 enim
2500 3226 2550 3272 in
2577 3239 2717 3286 mag·

1657 3323 1723 3357 na
1751 3306 1962 3364 familia,
1997 3318 2094 3352 non
2130 3303 2296 3351 omnia
2322 3303 2448 3349 licet
2471 3316 2588 3350 esse
2612 3316 2719 3348 om·

1659 3385 1840 3445 nibus;
1874 3383 1965 3430 sed
1998 3387 2114 3429 sunt
2139 3380 2207 3428 ibi
2229 3379 2302 3427 sui
2329 3380 2553 3440 gra‹lus;
2588 3386 2719 3426 tam·

1661 3476 1760 3526 que
1785 3461 1991 3509 domino
2022 3465 2237 3521 prosunt
2271 3455 2573 3504 sordidioris
2595 3469 2717 3517 ope·

1662 3553 1732 3586 rae
1757 3537 2008 3596 homines,
2039 3548 2185 3598 quam
2214 3532 2400 3598 quibus
2433 3547 2527 3580 sua
2553 3532 2715 3579 virtus

1662 3616 1875 3663 honesta
1896 3612 2134 3674 adsignat
2160 3609 2474 3670 ministeria3
2498 3609 2572 3657 sic
2590 3619 2716 3653 nun-

1663 3704 1816 3756 quam
1849 3687 2046 3737 inutilis
2082 3695 2164 3736 est
2198 3685 2493 3749 philologiae
2531 3690 2715 3731 nostra·

1663 3766 2050 3831 qualiscumque
2074 3762 2201 3812 civis
2224 3775 2405 3824 opera.
2460 3758 2604 3808 Belle
2627 3757 2717 3803 Se·

1665 3857 1816 3905 neca,
1839 3842 1852 3867 ‘
1872 3841 1992 3889 Non
2020 3839 2106 3888 ille
2144 3838 2281 3886 solus
2313 3836 2519 3892 militat,
2555 3832 2639 3896 qui
2664 3831 2714 3879 in

1665 3919 1777 3967 acie
1800 3924 1924 3980 stat,
1945 3925 1999 3966 et
2034 3930 2195 3966 cornu
2229 3914 2471 3961 dextrum
2511 3913 2717 3957 loevum·

1662 4011 1764 4062 que
1788 3993 2056 4053 defendit3
2090 3991 2182 4041 sed
2206 3997 2260 4038 et
2291 3989 2377 4053 qui
2403 3994 2580 4050 portas
2607 3990 2718 4031 tue·

1666 4083 1771 4130 tur,
1792 4080 1844 4122 et
1865 4073 2087 4121 statione
2106 4069 2270 4118 miuus
2289 4065 2599 4129 periculosa,
2619 4070 2717 4106 nou

1662 4149 1832 4199 otiosa
1868 4155 2063 4199 tamen,
2113 4143 2364 4204 fungitur,
2416 4137 2716 4200 vigiliasque

1662 4231 1857 4286 servat,
1875 4231 1930 4273 et
1949 4218 2346 4272 armamentario
2362 4221 2547 4280 praeest
2565 4227 2579 4260 :
2602 4223 2715 4273 ηοω

1663 4301 1974 4365 ministeria,
2017 4296 2251 4365 quamvis
2288 4293 2553 4344 incruenta
2597 4286 2717 4345 sint,
