3060 4902
520 381 651 447 518

522 558 645 595 unm
689 540 1083 608 pecorumque.’
1152 540 1336 594 Amico
1381 541 1589 591 cuidam

520 619 574 669 in
605 626 829 670 mentem
855 620 1016 682 venit,
1040 634 1103 668 an
1139 617 1276 669 forte
1313 633 1406 682 pro
1431 618 1591 667 verbo

519 701 782 759 exerceret,
817 710 1000 746 nomen
1035 696 1273 745 exercitus
1305 696 1375 744 sit
1410 695 1591 744 rescri-

524 770 769 830 bendum,
806 779 863 821 ut
899 772 1183 834 generatim
1223 786 1317 836 pro
1352 772 1590 821 multitu·

522 848 646 897 dine
680 849 875 911 ingenti
915 849 1238 912 accipiatur;
1282 855 1437 913 prout
1473 849 1589 896 Vir·

521 925 651 990 gilio
675 925 872 989 Georg.
909 941 946 975 ι.
976 931 1092 976 882.
1131 925 1325 977 dicitur
1358 926 1592 976 ‘exerci-

523 1009 609 1051 tus
653 1001 993 1052 corvorumi'
1064 1001 1214 1052 Unde
1257 1017 1356 1051 vox
1396 1001 1592 1052 abactas

519 1077 775 1128 evaderet
826 1079 1182 1142 participium,
1225 1093 1341 1129 cnm
1390 1079 1589 1127 Plinius

522 1155 597 1203 sic
632 1155 901 1218 scripsisse
939 1155 1103 1204 videri
1149 1163 1341 1218 posset,
1371 1170 1476 1204 cum
1508 1155 1590 1205 ab·

519 1235 655 1280 octus
677 1231 915 1295 hospitum
938 1233 1195 1288 exercitus,
1217 1232 1483 1294 omniaque,
1506 1234 1589 1295 ξε.

521 1307 842 1370 Conjectura
873 1324 974 1358 non
1014 1310 1242 1372 indigna,
1265 1324 1381 1374 que
1405 1323 1592 1357 memo·

521 1391 684 1432 retur.
766 1386 953 1449 Neque
998 1386 1173 1436 Plinio
1232 1386 1455 1435 insolens
1510 1393 1590 1435 est

522 1457 737 1523 ἔλλειψις
761 1462 905 1510 verbi
929 1461 1267 1525 substantivi,
1288 1464 1445 1512 etiam
1474 1469 1591 1526 post

522 1536 828 1587 adverbium
873 1554 995 1587 011111.
1076 1539 1177 1597 Ita,
1226 1554 1269 1588 v.
1314 1553 1365 1603 g.
1409 1539 1592 1588 scribit

524 1613 695 1677 Epist.
723 1628 849 1664 vsu.
875 1619 951 1664 14.
982 1619 1031 1663 7.
1063 1615 1079 1642 ‘
1107 1615 1216 1664 Nos
1243 1616 1462 1677 juvenes
1495 1613 1594 1663 fui-

519 1704 634 1740 mus
657 1689 866 1755 quidem
895 1691 945 1739 iu
980 1693 1198 1751 castris;
1232 1692 1342 1752 sed,
1366 1706 1482 1740 cum
1508 1707 1593 1740 sn·

519 1773 697 1829 specta
729 1766 914 1827 virtus,
937 1766 1127 1817 inertia
1161 1767 1212 1816 in
1241 1769 1441 1830 pretio;
1475 1782 1591 1817 cum

520 1840 741 1890 ducibus
763 1842 1045 1891 auctoritas
1068 1844 1228 1903 nulla,
1252 1844 1393 1892 nulla
1417 1844 1594 1892 militi·

523 1915 618 1966 bus
644 1917 979 1982 verecundia,
1013 1934 1262 1984 nusquam
1301 1920 1594 1984 imperium,

521 2007 771 2055 nusquam
826 1993 1147 2059 obsequium,
1191 1996 1361 2045 omnia
1401 1998 1595 2060 soluta,

523 2068 751 2124 turbata,
789 2076 945 2134 atque
982 2072 1138 2120 etiam
1177 2072 1227 2121 in
1272 2075 1592 2123 contrarium

524 2144 709 2196 versa.'
777 2146 869 2208 At,
892 2161 1007 2197 cum
1036 2148 1233 2205 Cottio,
1273 2150 1321 2198 in
1359 2152 1493 2200 notis
1527 2151 1592 2200 ad

523 2221 693 2285 Epist.
720 2236 845 2272 vttr.
867 2227 948 2273 24.
1015 2222 1194 2280 Plinii,
1223 2235 1440 2289 propter
1473 2242 1594 2277 auc·

523 2300 787 2350 toritatem
827 2300 1021 2353 codicis
1055 2302 1380 2367 Guelplierb.
1417 2308 1592 2368 placu-

521 2379 645 2442 erit,
669 2379 764 2428 1100
798 2379 913 2430 loco
942 2382 1296 2445 reponendum
1320 2384 1595 2446 hospitium,

522 2467 675 2520 prout
701 2458 972 2524 aliquando
991 2461 1006 2487 ⁸
1024 2459 1318 2510 civitatium
1333 2460 1348 2482 ⁹
1371 2477 1464 2525 pro
1485 2465 1500 2492 ⁴
1522 2463 1595 2512 ci-

525 2533 746 2582 vitatum
765 2534 777 2556 ’
800 2534 1022 2596 dicitur;
1059 2542 1182 2585 tunc
1208 2552 1304 2599 ego
1329 2539 1454 2587 milii
1480 2537 1594 2588 fere

525 2608 759 2672 religioni
791 2609 1059 2671 ducerem,
1081 2611 1378 2673 hujusmodi
1413 2613 1593 2663 archa·

524 2685 729 2746 ismum,
763 2685 843 2734 vet
880 2686 1050 2748 potius
1083 2687 1324 2737 mendum
1358 2690 1594 2740 librario·

523 2774 658 2819 rum,
682 2758 963 2809 obtrudere
990 2761 1121 2809 velle
1145 2761 1339 2813 Plinio.
1377 2765 1529 2814 Idem.

588 2834 827 2898 Aeacius]
863 2837 1007 2884 Dura
1032 2851 1147 2900 vox,
1174 2836 1239 2887 ab
1268 2845 1283 2866 ‘
1302 2839 1564 2903 abigendo
1582 2841 1594 2862 ’

524 2911 784 2975 derivata,
826 2919 877 2961 et
921 2912 1102 2962 durior
1141 2914 1324 2964 modus
1368 2916 1596 2968 dicendi.

523 2989 720 3040 Sensus
764 2997 863 3051 cst,
898 2991 1028 3041 Cum
1070 2993 1325 3056 abigeret,
1360 2994 1456 3046 boc
1498 3005 1599 3062 est,

523 3069 835 3133 expelleret,
870 3084 898 3118 a
935 3071 1160 3135 propriis
1194 3071 1392 3122 laribus
1423 3072 1597 3139 hospi-

526 3152 625 3193 tes.
668 3145 885 3193 Putat-ol.

589 3220 803 3270 Abos-tus
836 3221 1099 3284 hospitum]
1134 3224 1443 3277 Quomodo?
1481 3227 1596 3278 bos·

525 3296 662 3360 pites
688 3297 883 3360 abegit,
903 3313 966 3346 an
998 3314 1080 3348 res
1115 3308 1271 3365 atque
1306 3305 1597 3357 animantes

524 3374 739 3423 eornm?
777 3373 1000 3425 fortasse
1036 3386 1088 3427 et
1130 3393 1308 3430 servos
1347 3390 1436 3432 aut
1471 3383 1595 3434 libe·

525 3465 630 3509 ros,
650 3451 884 3502 hostilem
906 3452 956 3503 in
982 3469 1197 3506 morem.
1235 3457 1374 3521 Lips.

599 3529 684 3580 Vis
717 3531 904 3595 aliquo]
945 3533 1187 3596 Hostilis,
1222 3550 1288 3584 an
1324 3542 1378 3587 et
1414 3537 1593 3587 coeles·

528 3604 633 3656 tis?
668 3606 816 3657 Idem.

600 3683 686 3733 Vis
706 3685 892 3749 aliquo]
929 3686 1133 3738 Quaerit
1160 3687 1383 3751 Lipsius,
1410 3689 1594 3740 ‘hosti-

524 3760 676 3818 lisue,
700 3776 764 3810 an
800 3762 1029 3811 coelestis
1055 3765 1131 3813 vis
1150 3763 1165 3786 '
1194 3765 1259 3814 sit
1297 3767 1592 3830 intelligen-

526 3837 639 3887 da?
701 3836 805 3886 Sed
860 3838 1201 3890 hostilitatem
1259 3842 1592 3894 barbarorum

526 3912 727 3963 Plinius
751 3912 1026 3975 distinguit
1048 3913 1113 3963 ab
1133 3916 1227 3965 liac
1246 3918 1293 3966 vi
1317 3917 1591 3968 devastan-

529 3997 603 4039 te.
670 3987 861 4044 Credo,
901 3989 1181 4053 significari
1228 3995 1447 4059 aliquam
1489 3997 1591 4047 vim

526 4064 1014 4128 divinam,‘qnalem
1052 4066 1295 4120 Annibali
1329 4072 1378 4120 in
1417 4073 1592 4136 quiete

530 4140 692 4190 visam
728 4147 904 4189 narrat
940 4141 1048 4191 Liv.
1071 4150 1297 4195 xxr.22.
1330 4147 1415 4197 ubi
1451 4149 1597 4211 dicit,

529 4231 649 4268 eum
669 4219 685 4246 ⁴
703 4216 909 4275 vidisse,
930 4226 1048 4281 post
1068 4233 1123 4270 se
1142 4231 1438 4286 serpentem
1461 4225 1594 4275 mira

530 4291 908 4357 magnitudine,
946 4307 1065 4345 cum
1109 4295 1309 4362 ingenti
1353 4298 1593 4353 arborum

1226 395 1441 446 No'rAE
1493 395 1902 446 vammum
1954 396 2033 446 ΙΝ

1666 555 1727 591 ac
1755 538 2100 604 virgultorum
2132 538 2332 606 strage,
2355 540 2507 604 ferri,
2525 556 2587 593 ac
2611 550 2735 607 post

1668 617 1866 682 insequi
1907 632 2024 667 cum
2066 616 2276 683 fragore
2318 621 2434 669 coeli
2469 621 2733 683 nimbum;

1670 703 1797 755 tum,
1824 710 1938 757 quae
1977 696 2152 752 moles,
2178 695 2365 760 quidve
2393 699 2614 760 prodigii
2651 708 2733 748 es'·

1664 781 1774 829 set,
1796 779 2137 833 quaerentem,
2168 771 2392 833 audisse,
2418 775 2732 824 vastitatem

1666 848 1835 897 Italiae
1875 847 2039 897 esse.'
2105 849 2217 899 Cic.
2256 847 2322 898 de
2358 849 2534 899 Divin.
2571 862 2609 900 1.
2647 855 2733 901 24.

1665 924 1804 974 idem
1839 930 2036 981 narrat,
2075 925 2358 990 traditque,
2396 933 2503 975 tum
2533 929 2549 956 ‘
2571 926 2734 978 Anni·

1664 1000 1769 1050 hali
1798 1001 1958 1051 visam
1994 1000 2198 1050 beluam
2226 1009 2518 1063 vastam,et
2551 1005 2733 1054 imma·

1665 1092 1801 1134 nem,
1867 1078 2312 1140 circumplicatam
2387 1080 2740 1144 serpentibus,

1668 1168 1969 1219 quacunque
1997 1152 2283 1217 incederet,
2304 1156 2473 1203 omnia
2497 1154 2734 1218 arbusta,

1667 1230 1914 1293 virgulta,
1949 1237 2109 1289 tecta,
2146 1239 2469 1291 pervertere,
2504 1238 2558 1280 et
2594 1246 2732 1296 quae·

1666 1307 1800 1355 renti
1836 1306 2000 1354 Deum
2033 1305 2387 1369 respondisse,
2413 1306 2748 1357 vastitatem

1666 1397 1782 1432 esse
1806 1381 2020 1432 Italiae.'
2087 1383 2216 1431 Tale
2248 1383 2348 1431 iter
2371 1389 2581 1447 tamque
2605 1397 2736 1433 nox-

1666 1460 1771 1509 ium
1808 1458 2077 1508 transitum
2117 1457 2296 1506 Verris
2331 1456 2583 1507 describit
2621 1458 2734 1510 Cic.

1667 1537 1719 1585 in
1743 1536 1898 1583 Verr.
1918 1538 2051 1584 1.1·1.
2067 1532 2161 1582 ‘Ut
2185 1534 2282 1583 iste
2310 1535 2500 1583 Verres
2525 1534 2732 1599 profec-

1670 1620 1753 1662 tus
1794 1620 1892 1668 est,
1929 1626 2236 1677 quacunque
2279 1614 2379 1662 iter
2418 1611 2566 1675 fecit,
2601 1613 2736 1677 ejus·

1669 1689 1804 1738 modi
1823 1687 1943 1751 fuit,
1970 1704 2066 1738 non
2091 1697 2148 1738 ut
2185 1691 2388 1753 legatus
2426 1691 2603 1753 populi
2630 1690 2736 1740 Ro·

1661 1766 1826 1833 mani,
1851 1765 1942 1815 sed
1967 1773 2022 1815 ut
2046 1764 2285 1830 quaedam
2310 1767 2593 1824 calamitas,
2615 1781 2738 1831 per-

1670 1842 1858 1891 vadere
1885 1842 2188 1893 videretur-‚⁹
2255 1843 2430 1907 Atque
2464 1842 2591 1893 ibid.
2618 1857 2737 1909 cap.

1669 1924 1750 1970 38.
1773 1928 1785 1948 ⁸
1805 1922 1912 1970 Per
1937 1920 2147 1982 omnes,’
2169 1920 2360 1986 inquit,
2383 1923 2398 1949 ⁸
2415 1929 2590 1985 partes
2616 1934 2738 1985 pro·

1670 1999 1876 2060 vinciae,
1899 2004 1971 2058 te,
1999 2007 2240 2063 tanquam
2273 2000 2493 2065 aliquam
2529 2000 2750 2051 calami·-

1670 2080 1831 2123 tosam
1868 2081 2251 2138 tempestatem,
2275 2084 2595 2140 pestemque,
2620 2089 2738 2139 per·

1671 2151 1882 2215 vasisse,
1920 2150 2258 2201 demonstro.⁹
2324 2153 2463 2215 Jam,
2495 2152 2559 2209 si,
2598 2159 2737 2202 teste

1670 2227 1779 2276 Cic.
1804 2228 1931 2277 Nat.
1969 2229 2126 2277 Deor.
2148 2242 2234 2277 111.
2256 2232 2336 2278 25.
2372 2229 2527 2278 etiam
2564 2230 2738 2293 perni-

1670 2303 1820 2353 ciosis
1857 2305 2031 2365 rebus,
2055 2312 2110 2354 ut
2150 2304 2323 2361 Febri,
2345 2316 2399 2355 et
2424 2305 2583 2355 Malae
2610 2306 2737 2357 For-

1672 2390 1831 2443 tunoe,
1868 2395 2052 2431 nomen
2091 2381 2337 2437 Deorum,
2369 2388 2423 2430 et
2445 2381 2522 2430 vis
2556 2381 2737 2433 divina

1671 2459 2024 2520 tribueretur3
2060 2459 2180 2523 quid
2209 2461 2256 2508 ui
2293 2460 2389 2509 buc
2422 2460 2578 2509 etiam
2601 2459 2738 2511 refe-

1671 2545 1871 2598 rantur,
1910 2537 2159 2593 Vastitas,
2200 2536 2503 2599 Calamitas,
2539 2537 2737 2595 Pestis,

1669 2612 2011 2676 Tempestas?
2050 2614 2132 2662 De
2165 2613 2507 2677 Tempestate
2541 2613 2737 2665 diserte

1672 2686 1832 2736 Ovid.
1875 2689 2014 2737 Fast.
2055 2702 2134 2740 vr.
2183 2691 2297 2739 los.
2343 2689 2460 2737 ‘Te
2512 2704 2736 2755 quoque,

1668 2764 1994 2828 Tempestas,
2041 2764 2277 2814 meritam
2335 2764 2552 2816 delubra
2603 2765 2740 2818 fate·

1652 2840 1821 2889 ·mur.’
1858 2841 2103 2891 Schuetz.

1739 2915 1870 2971 Quos
1898 2917 2154 2982 fugiebat]
2197 2917 2368 2974 Adde,
2404 2933 2523 2983 quae
2561 2932 2740 2982 snpra,

1670 2992 1738 3042 de
1765 2993 1906 3042 salsis
1927 2995 2035 3057 ejus
2061 2995 2315 3044 victoriis.
2367 2993 2577 3044 Acerbe
2601 2995 2740 3044 enim

1671 3078 1726 3120 et
1745 3072 1859 3121 haec
1885 3073 1934 3120 in
1964 3073 2337 3134 Domitianum,
2364 3080 2472 3122 tota
2507 3071 2603 3121 ltac
2625 3086 2740 3122 ora·

1674 3147 1815 3196 tione
1853 3148 2119 3198 materiem
2155 3150 2349 3198 ictibus
2383 3148 2663 3212 Plinianis,
2680 3155 2739 3199 et

1672 3224 1880 3288 sagittis
1905 3240 2138 3289 scopum.
2171 3225 2309 3289 Lips.

1737 3299 2032 3364 Incidet-ent]
2080 3302 2411 3352 Philomusus
2451 3300 2621 3353 edidit
2657 3301 2736 3353 in·

1669 3380 1906 3428 cederent.
1975 3380 2090 3427 Non
2113 3380 2244 3426 male
2268 3377 2334 3427 de
2362 3377 2478 3428 Diis
2502 3385 2558 3427 et
2581 3379 2738 3428 rebus

1671 3455 1875 3505 divinis.
1946 3455 2076 3506 Nam
2113 3456 2189 3504 sic
2223 3456 2407 3519 Virgil.
2431 3456 2546 3505 AEn.
2582 3470 2623 3506 1.
2650 3460 2736 3507 46·

1670 3530 1802 3580 ‘Ast
1838 3546 1956 3595 ego,
1995 3546 2112 3596 qum
2145 3532 2340 3582 Divum
2377 3531 2566 3581 incedo
2603 3533 2737 3595 regi·

1672 3622 1758 3669 na,
1798 3608 2045 3673 Jovisqne
2091 3608 2160 3657 Et
2204 3622 2348 3657 soror
2387 3616 2442 3658 et
2487 3608 2739 3672 conjux.'

1669 3688 1757 3737 Ita
1792 3686 1948 3735 etiam
1980 3684 2092 3734 Cic.
2119 3685 2152 3735 l.
2177 3700 2224 3734 0.
2257 3683 2412 3749 dixit,
2436 3684 2640 3735 beluam
2676 3686 2737 3736 il·

1673 3762 1788 3823 lam,
1823 3761 2066 3810 Annibali
2104 3761 2154 3810 in
2189 3760 2390 3810 somnio
2426 3761 2606 3825 visam,
2643 3776 2735 3811 seu

1676 3841 1986 3890 Vastitatem
2014 3840 2208 3901 Italia»,
2226 3841 2242 3868 ⁸
2260 3855 2567 3905 quacunque
2593 3842 2736 3892 ince-

1669 3916 1872 3974 deret,’
1913 3915 2088 3966 omnia
2134 3916 2473 3979 pervertisse.
2552 3916 2641 3967 Sic
2682 3925 2738 3967 et

1667 3993 1834 4042 Tacit.
1877 3991 2063 4041 Annsl.
2102 4004 2189 4040 111.
2226 3995 2311 4041 26.
2354 3992 2370 4019 ‘
2399 3990 2741 4056 Postquam,'

1669 4069 1858 4135 inquit,
1881 4069 2031 4118 ‘exui
2070 4067 2356 4133 equalitas,
2390 4076 2462 4132 et,
2494 4084 2589 4133 pro
2626 4083 2737 4120 mo·

1668 4147 1837 4197 destia
1857 4161 1919 4197 ac
1944 4146 2163 4211 pudore,
2192 4146 2405 4196 ambitio
2426 4154 2481 4196 et
2502 4147 2576 4196 vis
2595 4148 2742 4198 ince-

1668 4222 1863 4285 debat,'
1893 4226 1993 4273 eze.
2064 4222 2258 4271 Verum
2294 4229 2485 4281 tamen,
2519 4231 2739 4287 propter

1669 4314 1975 4352 consensum
2018 4305 2100 4351 tot
2130 4297 2401 4363 librorum,
2431 4300 2601 4351 locum
2643 4298 2733 4368 ad·
