3060 4902
805 376 868 422 C.
917 374 1157 424 PmNn
1207 373 1545 423 8301]an
1597 374 1870 423 rANEG.

366 515 476 567 nit!
540 517 612 566 Et
654 516 743 566 ills
783 516 1005 566 Caeseris
1047 515 1183 579 apud
1217 516 1428 565 Sallust.

364 596 526 645 Catil.
562 608 637 644 m.
678 599 760 643 12.
790 596 807 621 ⁸
833 593 935 645 Qui
983 608 1169 656 magno
1210 595 1427 657 imperio

361 672 569 735 praediti
608 672 658 720 in
691 672 901 719 excelso
925 670 1083 719 vitam
1126 679 1304 732 agunt,
1340 686 1425 720 eo-

361 762 476 797 rnm
517 746 659 796 facta
694 748 869 797 cuncti
916 749 1160 795 mortales
1203 747 1428 797 novere.’

362 826 584 875 Putat-ol.
1055 861 1059 866 .

435 900 683 948 Occultum
704 898 824 961 esse]
848 897 1091 947 Pertinet
1106 898 1203 946 liuc
1222 899 1425 947 omnino

362 977 505 1025 locus
559 974 832 1024 Claudiani
895 988 971 1021 ιν.
1029 974 1186 1021 Cons.
1229 974 1427 1023 Honor.

366 1055 483 1101 27⁰.
517 1066 663 1115 seqq.
691 1052 797 1113 jam
838 1065 866 1099 a
894 1051 1067 1114 Lipsio
1087 1052 1300 1112 aliisque
1338 1066 1425 1099 no-

363 1136 539 1188 tstns3
574 1130 720 1192 cujus
753 1128 934 1176 saltem
975 1127 1285 1189 posteriores
1312 1142 1425 1175 ver·

362 1219 449 1253 sus
474 1205 570 1253 huc
596 1203 836 1266 adjiciam
863 1219 875 1250 :
911 1210 924 1230 ⁶
946 1204 1079 1252 Nam
1122 1203 1205 1249 lux
1235 1203 1424 1250 altissi-

356 1295 442 1330 ma
463 1280 560 1329 fati
587 1281 865 1330 Occultum
891 1278 1015 1327 nihil
1039 1293 1152 1328 esse
1188 1278 1333 1340 sinit,
1356 1279 1425 1325 la-

360 1360 645 1423 tebrasque
669 1372 764 1421 per
800 1370 976 1405 omnes
1001 1355 1190 1416 Intrat,
1222 1365 1275 1403 et
1310 1357 1423 1403 abs·

361 1443 534 1484 trusos
579 1435 815 1496 explorat
843 1431 1269 1481 famarecessus!
1334 1432 1423 1481 Al·

364 1510 651 1559 binovanns
676 1509 739 1557 ad
780 1510 994 1565 Liviam,
1029 1524 1104 1556 vs.
1126 1512 1241 1557 349.
1276 1524 1423 1572 seqq.

355 1588 375 1615 ⁸
396 1587 653 1650 Imposuit
679 1595 731 1635 te
753 1588 858 1634 alto
883 1588 1130 1647 Fortuna,
1151 1587 1423 1649 locumque

357 1664 495 1713 tueri
530 1664 698 1714 Jussit
734 1664 1060 1723 honoratum,
1097 1662 1270 1721 Livia;
1307 1676 1421 1723 per·

361 1737 447 1788 ser
488 1753 636 1789 onus.
710 1739 791 1786 Ad
840 1748 891 1788 te
933 1739 1131 1801 oeulos,
1169 1752 1422 1801 auresque

358 1814 551 1864 trahis:
589 1823 678 1864 tua
703 1814 841 1864 facta
865 1824 1119 1863 notamus.
1187 1816 1302 1863 Nec
1324 1829 1421 1862 vox

356 1892 513 1941 missa
540 1901 711 1954 potest
738 1892 987 1954 principis
1013 1906 1100 1940 ore
1126 1890 1271 1952 tegi.'
1329 1893 1422 1939 Se·

359 1983 495 2018 neca
512 1969 575 2017 ad
603 1968 791 2032 Polyb.
816 1984 863 2018 c.
888 1974 970 2018 25.
997 1975 1011 1996 ⁸
1035 1968 1097 2017 In
1124 1969 1285 2017 multa
1305 1968 1422 2016 lnce

360 2045 590 2095 Fortuna
638 2051 689 2093 te
737 2047 903 2108 posuit
929 2062 941 2093 t
995 2046 1193 2094 Omnes
1235 2045 1423 2106 scient,

357 2121 687 2186 quomodote
717 2121 976 2185 gesseris)
1046 2123 1230 2170 Plures
1268 2121 1421 2183 liujus

356 2201 566 2264 generis
590 2201 874 2248 sententias
898 2215 963 2249 ex
989 2201 1215 2263 antiquis
1243 2210 1420 2250 aucto·

358 2275 504 2325 ribus
536 2283 851 2324 annotarunt
889 2277 1046 2339 Cssp.
1077 2277 1320 2325 Barthius
1356 2276 1422 2326 ad

354 2353 495 2403 Stst.
522 2355 685 2403 Theb.
713 2368 776 2403 ιι.
799 2359 913 2404 845.
948 2361 1003 2403 et
1046 2354 1108 2403 ad
1149 2355 1422 2405 claudian.

357 2429 395 2478 1.
416 2443 462 2479 c.
503 2431 710 2481 Cortius
736 2430 799 2479 ed
828 2431 1040 2481 Sallust.
1064 2430 1220 2479 Catil.
1248 2444 1318 2480 ιι.
1343 2434 1422 2479 13.

356 2514 413 2555 et
436 2506 651 2556 Gruter.
691 2508 920 2556 Discurs.
958 2507 1121 2557 Polit.
1165 2507 1216 2556 in
1250 2507 1419 2556 Tacit.

356 2595 407 2632 c.
429 2586 508 2632 54.
544 2583 787 2632 Schwart-

422 2658 728 2721 Principum]
754 2659 955 2707 Seneca
974 2656 1339 2720 pulcherrime,
1358 2655 1423 2705 sd

354 2735 645 2795 Neronem,
661 2734 727 2784 de
744 2735 905 2783 Clem.
921 2749 960 2782 ι.
974 2739 1024 2782 6.
1043 2734 1185 2782 ‘Tibi
1202 2747 1301 2781 non
1318 2748 1423 2781 rna·

355 2812 459 2876 gis,
476 2826 627 2875 quiam
653 2811 941 2870 soli,lntere
965 2810 1223 2873 contingit
1246 2825 1259 2857 :
1296 2810 1423 2858 mul·

352 2898 411 2941 tn
428 2899 611 2938 contra
629 2899 681 2937 te
699 2890 785 2937 lux
803 2897 917 2938 est:
953 2888 1177 2937 omnium
1198 2889 1247 2936 in
1269 2888 1421 2937 istam

353 2967 592 3016 conveni
626 2972 747 3015 sunt
778 2966 935 3014 oculi.
1004 2965 1224 3014 Prodire
1250 2972 1301 3012 te
1330 2978 1423 3026 pu·

354 3043 473 3091 tes?
507 3043 688 3091 oriris:
725 3042 863 3104 loqui
904 3055 1003 3090 non
1040 3050 1210 3104 potes,
1234 3041 1331 3088 nisi
1367 3048 1425 3089 ut

356 3131 541 3167 vocem
585 3129 743 3180 tuam,
766 3133 879 3182 quae
922 3118 1111 3180 ubique
1147 3126 1265 3165 sunt
1300 3130 1422 3179 gen·

354 3201 459 3254 tes,
482 3193 783 3258 excipiant!
852 3196 1127 3244 claudian.
1152 3196 1217 3245 ad
1244 3194 1423 3243 Hono·

355 3272 511 3327 rium,
540 3274 701 3335 patris
737 3273 970 3320 nomine:
1009 3280 1022 3301 ⁶
1045 3272 1161 3320 Hoc
1197 3279 1249 3319 te
1288 3285 1424 3332 proe·

353 3357 505 3399 teres
530 3353 712 3398 crebro
745 3365 980 3399 sermone
1012 3349 1250 3407 monebo,
1273 3348 1345 3397 Ut
1372 3357 1423 3397 te

354 3426 515 3475 totius
550 3426 720 3475 medio
753 3426 951 3474 telluris
992 3426 1043 3473 in
1079 3428 1203 3474 orbe
1227 3425 1420 3473 Vivere

352 3517 635 3567 cognoscas
660 3519 676 3564 ;
709 3505 911 3552 cunctis
936 3511 1021 3553 tus
1049 3503 1284 3566 gentibus
1310 3518 1421 3550 esse

355 3580 522 3629 Fncta
545 3581 707 3642 palam
730 3596 745 3641 ;
782 3594 878 3628 nec
918 3595 1068 3641 posse
1094 3579 1205 3627 dari
1233 3580 1420 3641 reguli-

353 3655 452 3705 bus
494 3671 708 3721 nsquam
758 3657 1027 3705 Secretum
1073 3658 1250 3705 vitiis:
1301 3672 1419 3705 nsrn

350 3734 444 3783 lux
466 3734 712 3782 altissima
739 3732 832 3782 fati
856 3733 1136 3782 Occultum
1161 3733 1283 3783 nihil
1307 3748 1423 3782 esse

274 3859 279 3863 .
351 3808 513 3860 sinit.¹
545 3811 680 3872 Lips.

420 3886 624 3949 Demos]
661 3886 766 3934 Res
802 3885 1149 3948 grammaticis
1175 3886 1301 3934 trita
1326 3894 1423 3943 est,

351 3977 541 4014 nomen
577 3971 591 3992 ‘
608 3962 788 4011 doinus
806 3959 821 3981 ’
857 3964 906 4009 in
931 3963 1228 4010 accusativo
1246 3977 1420 4012 nume-

347 4042 396 4093 ri
422 4042 637 4106 pluralis
665 4041 952 4103 promiscue
975 4040 1167 4089 habere
1187 4039 1394 4089 ‘doinus
1410 4040 1424 4060 ⁹

352 4122 411 4167 et
442 4118 457 4144 ⁸
475 4116 653 4165 domos
676 4114 708 4161 ε’
756 4115 933 4179 itaque
978 4116 1028 4163 in
1076 4116 1171 4164 hoc
1218 4129 1420 4181 qnoque

347 4193 467 4242 leco
488 4190 686 4241 librarii
721 4196 777 4238 et
811 4191 1062 4252 editores,
1089 4190 1241 4240 modo
1269 4190 1421 4253 hanc,

348 4269 507 4322 modo
530 4270 693 4328 illem,
712 4267 1129 4320 terminationem
1153 4282 1422 4336 expresse·

1950 379 1997 422 ι.
2028 360 2138 424 83.
2395 361 2569 425 1019

1505 530 1579 565 re.
1648 515 1713 564 In
1751 530 1868 566 meo
1902 523 2074 566 antem
2110 516 2290 566 codice
2333 517 2451 580 lego
2483 519 2567 566 do·

1502 606 1660 647 mum,-
1683 592 1818 640 sicut
1836 593 1991 641 etiam
2010 594 2203 654 cubilia,
2218 608 2312 656 pro
2328 596 2567 658 sequenti

1503 683 1631 717 voce
1669 669 1899 718 cubicula.
1964 671 2140 720 Habet
2184 680 2236 720 et
2283 672 2567 720 Patavinus

1500 745 1667 792 codex
1691 746 1883 794 cubilia.
1949 746 2008 794 ln
2046 755 2230 797 neutro
2255 756 2424 796 tamen
2449 748 2566 796 loco

1502 821 1697 883 aliquid
1755 830 1916 876 muto,
1968 823 2068 870 etsi
2124 823 2323 871 Plinius
2389 838 2567 887 supra,

1503 910 1659 947 xux.
1708 901 1755 945 1.
1799 900 1953 946 etiam
2000 899 2296 962 conjungat,
2343 901 2570 949 ‘cubitia

1501 989 1839 1038 secessusque
1855 974 1888 1036 ς’
1923 983 1975 1024 et
1994 988 2154 1025 Lxm.
2170 980 2218 1023 3.
2239 975 2396 1036 diest,
2415 992 2565 1039 quos-

1501 1051 1620 1099 dam
1665 1052 1932 1113 principes
1987 1053 2162 1100 ‘intra
2208 1053 2398 1101 cubilia
2441 1052 2567 1101 sus'

1501 1128 1662 1175 certis
1706 1128 1998 1176 consulibus
2041 1129 2222 1176 exsilia
2264 1128 2565 1191 coedemqne

1501 1203 1821 1251 machinatos
1846 1218 1975 1251 esse.
2041 1205 2206 1252 Erant
2234 1219 2354 1252 vero
2386 1204 2566 1252 ‘cubi-

1502 1279 1619 1326 cula
1663 1278 1882 1328 diurne'
1931 1288 1987 1329 et
2041 1279 2362 1330 ‘nocturum'
2432 1280 2564 1328 Vide

1501 1354 1567 1402 ad
1594 1368 1644 1416 p.
1667 1358 1781 1404 858.
1804 1355 2051 1405 Schwartz.

1568 1434 1858 1497 [intimosque
1889 1434 2114 1497 secessus]
2148 1436 2359 1496 Triplex
2388 1450 2567 1484 occur-

1501 1508 1569 1558 rit
1595 1511 1851 1558 vsrietas:
1890 1511 2110 1572 primum
2147 1512 2304 1560 lectio
2337 1512 2568 1573 vulgata,

1500 1600 1651 1649 quam
1708 1586 1969 1647 exhibeo3
2024 1586 2231 1648 deinde,
2286 1588 2568 1650 intimosque

1497 1676 1697 1719 κωκυ
1734 1668 1857 1717 tum,
1880 1663 2163 1726 intimosque
2184 1679 2406 1712 recessus.
2479 1664 2566 1711 Al-

1501 1745 1664 1786 teram
1720 1740 2013 1803 lectionem,
2066 1733 2350 1804 intimosque
2388 1756 2569 1801 sensus,

1498 1815 1670 1863 inveni
1709 1814 1759 1864 in
1800 1830 1912 1864 meo
1949 1817 2147 1868 codice.
2216 1820 2395 1880 Putes,
2433 1819 2565 1869 lianc

1500 1904 1678 1939 vocem
1719 1905 1821 1940 non
1862 1896 2232 1957 aspernandam
2277 1909 2410 1956 esse,
2449 1909 2563 1943 curn

1499 1965 1703 2014 Plinius
1736 1969 2027 2030 significare
2053 1971 2310 2035 videatur,
2333 1986 2565 2033 magnam

1498 2043 1759 2094 fortunam
1792 2062 1930 2110 saepe
1953 2049 2110 2098 etism
2137 2050 2343 2099 intimas
2366 2050 2566 2111 cogita·

1500 2124 1689 2185 tiones,
1710 2124 1838 2183 sive,
1863 2134 1919 2173 nt
1946 2126 2124 2187 Nepos
2148 2127 2237 2183 ait,
2263 2127 2312 2175 in
2338 2127 2568 2176 Hannib.

1497 2202 1628 2247 ιι.2.
1659 2200 1944 2250 ‘interiora
1968 2201 2220 2264 consilis:
2254 2203 2568 2266 principum,

1498 2282 1689 2338 preter
1727 2277 1951 2339 ipsorum
1985 2279 2326 2334 voluntatem.
2364 2278 2568 2341 patefa-

1497 2364 1619 2399 cere
1655 2352 1860 2412 solere;
1909 2367 2011 2416 quo
2048 2356 2207 2402 etism
2251 2354 2448 2405 referas
2484 2371 2567 2406 se-

1495 2428 1711 2491 quentis
1729 2428 1906 2491 verba,
1922 2430 1936 2456 ⁸
1952 2430 2223 2493 omnisque
2244 2446 2432 2480 arcana
2450 2446 2567 2483 nos-

1496 2502 1665 2552 cenda
1683 2503 1832 2552 femie
1856 2506 2137 2568 proponit.'
2175 2509 2240 2556 Et
2262 2509 2392 2557 bene
2415 2503 2578 2559 ‘sem'

1496 2594 1583 2628 sus
1604 2579 1618 2602 ’
1649 2584 1807 2629 etiarn
1842 2580 2088 2633 dicuntur
2120 2585 2355 2646 ‘intimi,’
2388 2600 2568 2636 secun-

1497 2655 1619 2704 dum
1659 2657 1771 2706 Cic.
1806 2657 1974 2709 Attic.
2018 2673 2070 2709 v.
2106 2665 2188 2710 10.
2226 2662 2357 2710 ‘Sed
2407 2677 2567 2725 sngor

1496 2733 1690 2782 intimis
1733 2735 2005 2786 sensibus.'
2082 2737 2228 2787 Bene
2271 2740 2425 2787 etiam
2472 2753 2567 2800 pro

1498 2810 1739 2872 cogitetis
1761 2817 1815 2858 et
1841 2812 2068 2861 consiliis
2107 2824 2388 2876 ponuntur.
2458 2816 2567 2865 Ne·

1499 2900 1593 2949 pos
1630 2886 1682 2935 in
1726 2888 1891 2937 Dione
1915 2903 2036 2939 vm.
2076 2892 2125 2938 2.
2161 2891 2246 2940 ‘Si
2284 2892 2567 2941 invenisset

1499 2964 1758 3020 idoneum,
1783 2963 1938 3015 facile
1963 2967 2188 3015 omnium
2220 2967 2416 3016 animos
2446 2981 2567 3030 cog·

1499 3041 1762 3100 niturum3
1801 3041 1937 3106 quod
1964 3042 2154 3091 inimici
2186 3042 2292 3106 ejus
2316 3043 2568 3091 dissiden-

1499 3118 1541 3166 ti
1578 3130 1696 3165 suos
1732 3131 1910 3166 sensus
1950 3119 2183 3182 aperturi
2224 3117 2430 3168 forent)
2498 3120 2567 3168 Et

1497 3194 1636 3242 sicut
1681 3195 1893 3242 ‘sensus
1938 3193 2275 3258 mentesque'
2318 3196 2569 3245 dicuntur

1498 3268 1761 3332 ‘aperti-ix
1798 3272 1870 3318 its
1908 3278 2052 3319 recte
2099 3272 2254 3321 etism
2298 3271 2402 3320 dici
2452 3287 2568 3336 pos-

1499 3354 1620 3395 sunt
1651 3344 1924 3395 ‘recludiss
1992 3347 2182 3396 Horat.
2225 3349 2394 3411 Epist.
2433 3363 2473 3396 ι.
2517 3355 2567 3398 5.

1501 3424 1584 3468 16.
1635 3422 1650 3449 ‘
1678 3421 1818 3472 Quid
1867 3436 1967 3471 non
2011 3423 2237 3471 ebrietas
2281 3423 2573 3488 designat?

1500 3507 1689 3558 operta
1728 3498 1984 3546 recludit?
2047 3499 2221 3549 Tacit.
2264 3500 2448 3550 Annsl.
2490 3516 2568 3552 iv.

1499 3577 1582 3624 71.
1618 3581 1631 3603 ‘
1648 3574 1889 3623 Tiberius
1909 3574 2366 3625 dissimulationem
2390 3578 2567 3639 dilige·

1500 3650 1624 3711 bat3
1669 3666 1730 3701 eo
1754 3653 1941 3713 aegrius
1963 3655 2186 3717 accepit,
2212 3656 2429 3717 recludi,
2451 3670 2566 3719 quae

1500 3729 1798 3793 premeret!
1868 3731 2081 3786 Verum,
2116 3733 2236 3781 milii
2275 3732 2567 3794 ambignum

1501 3811 1728 3873 videtur,
1747 3818 1920 3860 utrum
1940 3812 2241 3861 vocabulum
2261 3826 2420 3860 sensus
2439 3809 2575 3860 flux-

1499 3889 1601 3938 erit
1636 3903 1701 3936 ex
1739 3888 1903 3951 ipsius
1939 3889 2094 3937 Plinii
2124 3889 2345 3950 calamo,
2369 3896 2422 3939 et
2450 3888 2568 3938 iude

1500 3979 1530 4012 a
1562 3965 1783 4013 librariis
1821 3980 2096 4028 procusum
2133 3965 2197 4012 sit
2229 3978 2470 4021 secessus,·
2504 3980 2567 4014 sn

1498 4048 1703 4090 σώσειε
1734 4042 1802 4090 sit
1838 4042 2055 4103 primum
2083 4039 2406 4103 vocabulum,
2430 4043 2566 4105 quod

1500 4116 1750 4179 deinceps
1765 4116 2095 4180 degenerarit
2112 4117 2163 4164 in
2182 4122 2365 4166 sensum
2415 4119 2568 4168 Meus

1500 4194 1668 4243 codex
1683 4192 1956 4241 maximam
1978 4198 2177 4257 partem
2190 4194 2432 4241 convenit
2449 4210 2568 4245 cum

1499 4267 1682 4319 codice
1721 4266 2121 4333 Sslisbnrgensi‚
2154 4267 2227 4318 its
2263 4275 2324 4318 nt
2352 4276 2569 4336 uterque
