3060 4902
745 353 809 400 ο.
856 346 1098 398 estun
1146 343 1478 396 suenum
1529 340 1804 390 mune.
1879 321 2068 387 1.71.

310 498 436 562 snit,
454 497 677 563 princeps
697 501 745 545 et
767 496 1049 545 candidatus
1063 492 1185 556 oeqm‘
1207 497 1305 540 tuns
1325 493 1373 539 et

309 576 452 628 siant
483 578 687 635 ιιαιιίιι,
706 571 886 621 intueri
914 585 1075 633 parem
1099 566 1372 630 accipienti·

309 655 398 704 bns
418 652 659 712 morem,
679 647 762 712 qni
782 647 941 695 dabat.
1008 645 1178 707 Hujus
1200 656 1374 692 emen-

311 730 539 779 dationis
556 727 783 775 rationes
803 722 1154 772 transtulimus
1174 721 1227 769 in
1249 719 1374 767 cita·

310 814 427 857 tum
451 806 668 855 Excurs.
731 801 922 850 Verum
945 798 1231 862 dijudicent
1266 796 1375 859 alii,

312 890 489 934 utrum
533 894 667 944 mea,
702 894 767 927 an
807 876 1156 927 Arntaenisna
1199 874 1376 929 lectio,

313 958 531 1024 propius
556 957 834 1006 conveniat
855 967 970 1003 cnm
990 951 1216 1012 vestigiis
1231 957 1376 999 vete·

312 1036 387 1086 ris
411 1036 721 1098 scripturae3
754 1045 932 1080 sensus
955 1044 1077 1078 vero
1110 1029 1374 1092 utriusque

316 1120 400 1162 est
424 1112 578 1160 idem.
610 1111 763 1159 Idem.

384 1188 617 1250 Princeps
634 1189 851 1248 aequam
865 1183 1151 1243 candidatis,
1171 1187 1216 1232 et
1238 1182 1381 1230 simul

314 1271 453 1319 stans
469 1283 491 1326 ,-
513 1265 733 1327 contigit,
754 1261 860 1326 &ct-J
894 1262 1129 1325 Princeps
1149 1266 1196 1310 et
1217 1260 1379 1309 candi·

318 1347 460 1395 datus
493 1344 666 1407 equitis
692 1342 833 1390 simul
865 1345 1061 1396 stantes,
1084 1343 1165 1402 ξε.
1228 1337 1380 1386 Vari-

320 1431 413 1472 ant
428 1422 562 1484 libri,
577 1427 634 1469 nt
652 1420 703 1468 in
727 1433 909 1468 caussa
924 1416 1081 1465 dubia
1103 1422 1282 1464 testes.
1316 1413 1381 1462 In

319 1500 393 1548 V.
427 1498 701 1561 scriptum,
735 1496 922 1545 candid.
955 1494 1140 1558 equitus
1166 1497 1212 1540 et
1242 1492 1385 1540 simul

322 1576 504 1625 uanis
521 1591 541 1632 ,-
576 1575 626 1622 in
651 1573 714 1622 C.
737 1573 799 1622 R.
820 1571 1035 1626 editum,
1057 1569 1230 1633 equitis
1250 1573 1298 1616 et
1318 1567 1383 1616 si-

320 1653 425 1704 ml
454 1650 666 1707 seantis5
699 1649 749 1697 in
786 1647 852 1697 G.
888 1647 1025 1710 quod
1059 1652 1382 1695 correctores

324 1727 561 1790 resipiat,
581 1726 782 1789 equales
802 1729 851 1773 et
871 1724 1011 1772 simut
1032 1728 1226 1772 stantes.
1285 1721 1385 1770 Mi·

323 1803 376 1852 hi
403 1803 628 1867 placeat,
646 1800 834 1849 candid.
872 1799 1067 1861 Equitis
1106 1797 1179 1863 (E
1205 1798 1388 1862 majus·

328 1880 465 1935 cula,
503 1877 556 1927 id
595 1884 697 1939 est,
719 1878 973 1940 equestris
996 1874 1220 1940 ordinis)
1249 1876 1391 1925 simul

326 1959 530 2014 stantes,
548 1953 724 2001 deleto
752 1957 819 2001 et.
885 1953 1013 2001 Mox
1034 1952 1120 2002 ubi
1143 1961 1222 2002 est
1244 1954 1388 2001 Ιιοιιο·

325 2045 382 2080 rs
401 2030 485 2093 qus*
520 2028 683 2083 dabat,
719 2028 836 2091 lego
872 2028 924 2076 in
962 2026 1218 2086 omnibns,
1246 2028 1389 2076 hono-

325 2123 464 2158 reus.-
499 2108 681 2172 probe.
748 2105 853 2155 Sed
892 2112 946 2154 et
984 2106 1388 2168 transposuerim

330 2185 512 2247 verbs,
547 2199 609 2233 ac
646 2183 1020 2245 rescripserim,
1056 2182 1140 2246 qui
1173 2183 1391 2231 honorem

328 2261 493 2326 dabat,
521 2262 665 2311 claro
698 2268 754 2310 et
797 2261 1070 2325 perspicuo
1103 2273 1275 2309 sensu.
1306 2259 1391 2307 Δι’-

329 2357 431 2393 ess.

399 2417 660 2485 Βρυσίαι]
695 2416 935 2481 AEquales.
998 2412 1116 2464 Hoc
1138 2412 1259 2462 mibi
1284 2412 1392 2476 pla-

332 2505 469 2554 ceat,
502 2505 560 2546 et
594 2504 675 2544 est
712 2508 804 2557 pro
841 2506 1014 2541 sensu.
1080 2488 1155 2538 At
1178 2489 1295 2538 libri
1323 2498 1399 2539 ta-

332 2588 456 2624 men
479 2573 730 2637 plerique,
747 2569 937 2633 equitis,
955 2568 1033 2616 vel
1051 2567 1237 2630 equitus
1257 2567 1400 2616 simul

333 2649 561 2708 habent3
596 2657 654 2697 ut
695 2648 902 2695 omnino
946 2659 1184 2693 censeam
1222 2643 1401 2698 fuisse,

335 2734 385 2778 st
407 2728 690 2778 candidatus
710 2725 825 2787 οἰιι,
847 2722 987 2771 simul
1005 2727 1202 2771 stantes.
1235 2722 1401 2769 Erant

338 2804 479 2855 enim
515 2802 803 2853 ‘candidati
844 2799 1101 2855 Caesaris:
1137 2808 1192 2847 et
1236 2798 1310 2847 its
1348 2798 1401 2846 in

337 2881 604 2943 lapidibus
644 2880 998 2929 nominantur:
1036 2889 1161 2939 quos
1204 2874 1246 2922 is
1288 2889 1402 2937 pro-

340 2956 561 3007 duceret
603 2963 660 3005 et
701 2951 1104 3004 commendaret.
1171 2951 1307 3001 Nam
1345 2951 1405 2998 de

339 3036 595 3085 candidato
612 3035 801 3098 equitis,
819 3033 869 3082 id
886 3037 1177 3094 est,equest
1186 3029 1253 3077 ris
1270 3025 1403 3076 ordi·

311 3106 316 3113 ’
341 3112 447 3171 nis,
467 3111 604 3175 qnod
619 3110 824 3176 quidam
845 3105 1405 3172 suggerunt,aliennm,

343 3197 402 3239 et
423 3189 655 3250 ineptum
681 3196 782 3235 est.
814 3187 950 3250 Lips-

417 3265 640 3326 Contigit
679 3261 883 3324 intueri]
930 3261 1161 3311 Verbum
1204 3258 1410 3320 contigit

344 3343 447 3394 hoe
472 3342 523 3391 in
548 3344 661 3392 loco
683 3339 1127 3403 praetermiserunt
1149 3350 1326 3385 omnes
1351 3334 1410 3382 li·

346 3419 451 3474 bri,
475 3420 563 3482 qni
605 3417 727 3465 mihi
766 3418 1057 3465 innotuere.
1124 3412 1263 3463 Nolo
1298 3412 1410 3475 qui·

347 3495 471 3545 dem
506 3494 548 3543 is
583 3492 763 3555 videri,
798 3491 885 3557 qui
922 3491 1147 3539 Plinium
1190 3502 1256 3537 ex
1296 3500 1410 3535 meo

346 3570 559 3635 ingenio
581 3569 804 3634 meisque
826 3566 996 3616 verbis
1025 3566 1162 3629 loqui
1195 3577 1376 3627 cogam
1397 3578 1410 3608 ε

347 3649 535 3712 opinor
558 3656 747 3703 tamen,
769 3660 851 3695 mc
880 3644 1006 3693 nibil
1033 3644 1255 3692 alienum
1281 3642 1410 3689 intu-

348 3726 470 3775 lisse
504 3723 724 3774 orationi
762 3722 1037 3784 Plinianae,
1060 3735 1175 3769 cum
1210 3719 1347 3768 hoc
1336 3733 1412 3781 ip·

350 3815 466 3850 snm
492 3800 700 3850 verbum
725 3797 929 3859 contigit
955 3796 1257 3859 receperim,
1276 3794 1414 3859 quod

340 3877 454 3942 jam
479 3877 656 3942 primis
680 3875 994 3938 temporibus
1029 3888 1123 3938 per
1152 3873 1415 3935 negligen-

350 3956 479 4007 tistn
516 3952 710 4004 librarii
747 3951 1025 4007 excidisse,
1061 3948 1417 4014 probabilissi-

352 4045 495 4082 mum
550 4037 668 4079 est·
651 4065 669 4091 ,
714 4036 769 4078 et
824 4028 908 4077 cui
963 4024 1417 4090 praetermittendo

353 4107 496 4159 forte
541 4105 864 4157 occasionem
910 4103 1056 4153 dedit
1099 4104 1195 4152 hoc
1249 4102 1417 4164 ipsum

357 4187 597 4247 verbnm,
644 4185 754 4250 jam
798 4184 850 4234 in
894 4182 1152 4247 principio
1198 4180 1419 4244 proximi

356 4277 540 4316 versus
577 4262 831 4327 positnm;
865 4259 1002 4328 quod
1033 4273 1150 4312 cum
1178 4257 1419 4311 librarius

2373 319 2508 386 925

1449 486 1708 549 adspexit,
1733 483 1952 548 putavit,
1989 496 2044 531 se
2079 481 2190 546 jam
2220 478 2511 542 scripsisse,

1450 563 1588 628 qnod
1628 561 1793 611 adhuc
1823 560 1980 608 semel
2016 557 2345 607 scribendum
2372 565 2509 608 erat.

1450 639 1572 688 Scio
1607 636 1832 701 quidem,
1862 635 2022 685 verba
2056 649 2150 698 per
2182 633 2397 697 ἔλλειψιν
2427 648 2508 683 so-

1450 717 1562 765 lere
1599 713 1787 772 omitti,
1822 721 1878 761 et
1914 726 1994 765 ea.
2028 725 2142 775 quae
2181 719 2302 759 ante
2342 711 2513 774 posita

1450 799 1620 850 erant,
1685 790 1852 837 animo
1908 789 2076 850 repeti
2137 786 2370 847 debere3
2417 785 2511 836 sed

1453 874 1578 917 tnnc
1616 864 1831 926 ἔλλειψις
1852 864 1932 912 vel
1956 863 2156 925 vulgari
2189 877 2283 910 usu
2307 861 2513 923 nititur,

1454 944 1536 993 vel
1558 942 1748 1008 aliquid
1784 941 1972 1001 ingenii
2003 938 2260 999 ostendit;
2297 952 2394 987 nec
2421 936 2513 987 fri·

1454 1035 1566 1083 gns,
1598 1026 1686 1067 aut
1720 1016 2090 1066 obscuritatem
2124 1014 2400 1078 quandam,
2422 1013 2513 1064 sed

1453 1095 1857 1145 concinnitatem
1880 1093 2175 1155 lumenque,
2195 1091 2412 1139 orationi
2442 1089 2518 1139 at*-

1453 1172 1575 1221 fert.
1639 1172 1758 1222 Jam
1785 1184 1928 1232 vero,
1960 1169 2004 1217 si
2037 1169 2135 1217 hoc
2173 1168 2224 1215 in
2262 1169 2375 1216 loco
2400 1180 2515 1215 ver·

1456 1250 1576 1298 bum
1620 1247 1826 1309 contigit
1868 1250 2149 1306 omittatur,
2201 1252 2256 1293 et
2302 1244 2516 1294 verbum

1454 1326 1633 1376 intueri
1654 1326 1888 1374 absolute
1925 1314 1986 1373 ac
2020 1324 2128 1371 sine
2159 1322 2298 1370 omni
2330 1321 2521 1384 copula

1460 1414 1726 1469 ponatur3
1773 1411 1927 1466 prout
1964 1402 2149 1465 copula
2187 1415 2276 1463 que
2310 1401 2517 1448 demum

1458 1483 1528 1531 ab
1565 1480 1848 1530 editoribus
1887 1480 1938 1528 in
1981 1478 2352 1542 posterioribus
2372 1476 2524 1525 libris

1461 1560 1508 1609 ei
1527 1558 1742 1622 adjungi
1766 1557 1925 1620 coepit
1945 1572 1960 1616 ;
1983 1556 2122 1604 nullo
2145 1569 2295 1603 sensu
2318 1554 2520 1618 assequi

1462 1653 1687 1702 possum,
1713 1639 1835 1702 quid
1871 1636 2142 1699 elegantiae
2176 1642 2229 1683 et
2264 1633 2522 1682 concinni·

1462 1720 1585 1766 tatis
1621 1732 1652 1766 e
1687 1718 1775 1766 tali
1813 1713 2044 1778 ἐλλείψει,
2073 1723 2129 1762 et
2162 1728 2225 1762 ex
2252 1711 2522 1761 omissione

1462 1793 1610 1842 verbi
1632 1793 1853 1855 contigit,
1886 1800 2162 1852 nascatur-3
2197 1803 2313 1838 cum
2343 1795 2525 1837 contra

1464 1870 1693 1934 ἀναφορὰ,
1727 1879 1782 1919 et
1818 1868 2060 1933 repetitio
2080 1868 2228 1930 hujus
2255 1865 2396 1914 verbi
2420 1878 2525 1912 ma·

1456 1950 1624 2010 jorem
1668 1948 1875 1998 omnino
1917 1945 2344 2010 perspicuitatem
2384 1942 2525 2003 vigo·

1467 2037 1678 2087 remque
1714 2022 1835 2071 huic
1866 2023 1979 2071 loco
2014 2021 2274 2071 conciliet.
2343 2018 2527 2068 Neuti·

1464 2113 1617 2164 quem
1660 2099 1795 2160 volo,
1832 2106 1981 2159 aptas
2026 2096 2258 2157 ἐλλείψεις
2304 2095 2416 2144 tolli
2458 2108 2525 2142 ex

1468 2177 1673 2237 Plinio;
1709 2174 1800 2224 sed
1833 2185 1886 2223 et
1917 2173 2094 2233 credo,
2119 2175 2205 2237 qui
2239 2180 2390 2235 aptas
2420 2170 2532 2218 ἀνα-

1466 2251 1616 2315 φορὰς
1654 2252 1701 2300 ei
1742 2252 2026 2305 sustulerit,
2067 2263 2305 2311 magnum
2351 2261 2533 2296 nume·

1469 2343 1581 2378 rum
1615 2327 1884 2376 illustrium
1919 2334 2337 2375 ornamentorum
2363 2324 2531 2372 eidem

1470 2405 1793 2454 sublaturum
1829 2418 1959 2454 esse.
2007 2403 2176 2451 Unum
2213 2402 2320 2466 jam
2357 2414 2533 2451 exem·

1473 2483 1614 2545 plum
1651 2489 1773 2531 ente
1815 2483 1989 2531 oculos
2027 2495 2232 2545 ponam,
2257 2478 2393 2543 quod
2415 2476 2536 2527 huic

1474 2561 1588 2609 loco
1642 2560 1872 2622 apprime
1945 2557 2256 2609 conveniens
2312 2555 2537 2604 videtur·

1474 2636 1604 2699 cap.
1632 2649 1776 2685 xvir.
1800 2639 1848 2685 1.
1872 2640 1920 2684 2.
1946 2638 2021 2685 ait
2055 2634 2274 2689 Plinius,
2307 2640 2323 2662 ‘
2340 2633 2537 2682 Videor

1466 2713 1578 2775 jam
1597 2726 1809 2761 cernere
1828 2727 1926 2760 non
1943 2712 2119 2776 spoliis
2141 2710 2539 2775 provinciarum,

1476 2796 1530 2836 et
1569 2795 1778 2837 extorto
1808 2789 1956 2836 sociis
1995 2802 2135 2851 auro,
2157 2788 2248 2836 sed
2273 2786 2539 2836 hostilibus

1477 2865 1653 2926 armis,
1688 2873 2063 2929 captorumque
2103 2879 2281 2925 regum
2318 2863 2539 2924 catenis,

1480 2942 1794 3003 triumphum
1826 2956 2054 3002 gravem.
2119 2940 2331 2996 Videor,
2364 2941 2540 3001 ingen·

1479 3017 1553 3065 tia
1578 3018 1764 3065 ducum
1799 3017 2023 3076 nentina,
2048 3031 2145 3065 nec
2177 3014 2424 3065 indecora
2453 3029 2542 3064 no-

1478 3093 1703 3143 minibus
1735 3108 1974 3155 corpora,
1999 3094 2277 3141 noscitare..
2345 3090 2542 3141 Videor

1480 3173 1673 3222 intueri
1707 3171 2013 3220 immanibus
2050 3171 2182 3219 ausis
2213 3168 2544 3217 barbarorum

1483 3258 1671 3297 onusta
1693 3246 1926 3303 fercuta:
1963 3251 2065 3296 ἃς.
2128 3246 2265 3308 Jam,
2294 3246 2336 3293 si
2372 3252 2542 3294 vetus-

1484 3336 1570 3377 tus
1615 3325 1822 3390 quidam
1859 3325 2116 3381 librarius,
2160 3325 2239 3374 vel
2280 3338 2345 3372 ex
2391 3322 2544 3371 simili

1486 3403 1780 3464 oscitantis,
1814 3403 1898 3451 vel
1931 3417 1994 3451 ex
2030 3401 2403 3465 intempestiva
2432 3414 2547 3449 cor·

1486 3480 1687 3545 rigendi
1724 3480 1954 3542 libidine,
1975 3479 2230 3528 omisisset
2264 3477 2546 3541 repetitum

1486 3558 1698 3607 verbum
1722 3556 1904 3619 videor,
1928 3557 2160 3619 inprimis
2186 3563 2308 3605 ante
2332 3554 2547 3603 verbum

1485 3636 1701 3692 intueri,-
1736 3649 1906 3683 nonne
1945 3648 2094 3684 sures
2136 3632 2399 3681 innutritae
2439 3629 2550 3679 dic-

1488 3715 1616 3764 tioni
1666 3715 1944 3776 Plinianae,
1986 3713 2086 3763 etsi
2129 3713 2297 3760 nullus
2340 3722 2548 3772 prorsus

1489 3792 1621 3841 liber
1654 3792 1911 3855 integrum
1934 3792 2078 3839 illum
2115 3790 2284 3837 locum
2310 3786 2553 3839 referret,

1489 3866 1642 3917 facile
1666 3869 2156 3926 animadverterent,
2192 3861 2411 3914 orationi
2448 3874 2552 3909 non

1491 3960 1673 4009 parum
1712 3946 1904 4007 vigoris
1941 3941 2427 4006 perspicuitatisque
2463 3936 2553 3985 de-

1493 4021 1733 4085 cessisse,
1777 4027 1832 4070 et
1887 4035 1943 4069 se
1988 4017 2243 4083 quondam
2291 4014 2553 4063 desectum

1495 4095 1909 4163 persentiscere?
1948 4095 2100 4148 Quod
2118 4095 2160 4143 si
2183 4093 2379 4142 Plinius
2399 4092 2553 4141 etiam

1495 4174 1756 4226 breviores
1785 4172 2088 4234 sententias,
2110 4185 2237 4234 quas
2261 4169 2425 4233 magis
2448 4169 2555 4218 ani-

1495 4266 1639 4306 mare
1662 4251 1842 4307 voluit,
1879 4249 2182 4315 frequenter
2213 4247 2416 4301 ornavit
2444 4245 2560 4299 &rc-
