3060 4902
542 382 672 447 660

543 546 624 592 30.
662 550 675 570 ‘
699 540 1135 605 compensabatur
1157 554 1273 590 cum
1301 540 1514 588 summis
1538 540 1609 587 la·

543 619 753 669 boribus
786 617 1062 678 laetitia;’'
1096 618 1181 667 ubi
1217 618 1426 665 additur
1450 615 1612 679 parti·

543 698 661 745 cula
687 701 701 725 ⁸
727 695 876 745 cum-⁵
943 697 1103 745 Secus
1136 696 1370 748 dicimus,
1391 695 1405 719 ⁴
1433 693 1611 741 vicesi-

539 789 640 823 mae
699 773 939 822 damnum
994 772 1206 819 civitate
1250 765 1614 833 compensari.'

540 850 802 900 Nimirum
827 851 1177 908 observamus,
1211 848 1261 895 in
1297 862 1390 895 usu
1429 847 1609 895 horum

540 927 831 986 verborum,
864 928 878 952 ⁸
906 921 1159 986 pensare,'
1197 925 1211 949 ⁸
1239 920 1611 983 compensare,'

538 1005 554 1031 ‘
596 1000 908 1066 repensare,'
948 1013 1222 1049 occurrere
1266 998 1410 1063 quasi
1449 1013 1610 1060 quan·

541 1077 658 1126 dam
702 1075 1004 1136 ὑπαλλαγὴν,
1032 1076 1105 1124 ita
1133 1082 1187 1123 ut
1218 1073 1495 1138 aliquando
1517 1074 1607 1122 du·

540 1152 1609 1219 plicemadmittantconstructionem,sal·

541 1248 606 1282 vo
629 1232 838 1297 quidem
872 1231 1053 1280 eodem
1089 1243 1260 1278 sensu.
1325 1228 1411 1277 Sic
1442 1228 1608 1292 loqui·

539 1318 624 1359 tur
649 1309 883 1358 Velleius
907 1322 969 1356 ιι.
988 1312 1067 1356 12.
1099 1308 1114 1334 ‘
1141 1306 1340 1355 Marius
1374 1305 1470 1353 hac
1503 1305 1607 1353 vic·

541 1388 678 1435 toria
704 1387 906 1434 videtur
933 1386 1065 1433 bona
1096 1383 1236 1431 malis
1270 1379 1607 1445 repensassc!

539 1463 595 1511 Si
644 1462 868 1512 invertas
914 1462 1026 1509 baec
1091 1458 1382 1523 posteriora
1430 1454 1606 1516 verba,

540 1540 555 1565 ‘
581 1537 743 1587 mala'
761 1537 1023 1602 [pristina,
1046 1549 1075 1583 a
1100 1550 1153 1583 se
1178 1531 1460 1598 profecta,]
1484 1531 1500 1558 ‘
1525 1545 1605 1579 re-

539 1627 784 1675 pensasse
828 1611 1007 1673 bonis‚'
1040 1610 1252 1659 babebis
1289 1607 1505 1656 eandem
1553 1613 1606 1655 et

536 1690 861 1739 usitatiorem
877 1687 1084 1752 quidem
1104 1685 1474 1747 clarioremque
1492 1696 1607 1731 sen-

540 1767 776 1816 tentiam.
843 1765 908 1814 In
954 1764 1130 1826 priore
1173 1762 1307 1811 enim
1345 1767 1608 1809 structura

537 1844 771 1891 Velleius
814 1841 990 1889 dicere
1026 1838 1172 1903 quasi
1218 1837 1397 1891 voluit,
1431 1844 1444 1865 ⁶
1474 1836 1608 1885 bona

539 1933 634 1981 pro
680 1917 827 1966 malis
874 1912 1212 1978 repensasse.’
1276 1911 1422 1960 Idem
1470 1912 1608 1961 Veli.

539 2007 602 2042 11.
642 1998 752 2041 115.
784 1995 799 2019 ‘
827 1990 1140 2054 Imperatori
1181 2002 1434 2052 nunquam
1473 1988 1607 2038 adeo

537 2070 645 2118 ulla
670 2076 964 2133 opportuna
1005 2068 1111 2115 visa
1145 2074 1225 2115 est
1265 2065 1496 2114 victoriae
1519 2079 1607 2114 oc·

537 2147 697 2207 casio,
727 2161 879 2210 quam
920 2143 1106 2192 damno
1141 2143 1315 2191 amissi
1362 2148 1609 2204 pensaret

537 2221 752 2271 militis.’
819 2222 1008 2271 Nonne
1057 2220 1287 2269 Velleius
1335 2218 1470 2266 idem
1517 2232 1608 2267 ex·

538 2312 810 2361 pressurus
834 2296 1039 2358 fuisset,
1061 2297 1121 2351 si,
1137 2298 1280 2345 velut
1303 2296 1504 2344 inverso
1528 2309 1608 2343 or·

539 2375 681 2432 dine,
706 2376 945 2436 dixisset,
978 2378 994 2404 ‘
1023 2391 1123 2439 qna
1156 2374 1397 2424 damnum
1439 2374 1608 2422 amissi

538 2453 720 2501 militis
738 2456 1017 2516 pensaret,·
1034 2453 1142 2501 sive
1157 2454 1172 2479 ‘
1194 2458 1553 2514 compensaret
1574 2448 1609 2498 Ρ

538 2529 725 2577 Adhuc
749 2530 978 2577 Velleius
1004 2542 1069 2577 11.
1094 2532 1174 2576 21.
1208 2532 1223 2556 ‘
1246 2528 1342 2577 Cn.
1368 2527 1608 2590 Pompei·

537 2617 595 2651 us
620 2602 842 2651 decessit
865 2617 879 2661 ;
915 2601 1062 2665 cujus
1087 2601 1325 2651 interitus
1351 2602 1610 2664 voluptas,

540 2679 862 2733 amissorum,
907 2685 996 2726 aut
1041 2678 1238 2740 gladio,
1284 2684 1375 2726 aut
1411 2678 1609 2733 morbo.

538 2756 734 2803 civium
779 2767 925 2817 paene
967 2753 1151 2803 damno
1190 2761 1465 2816 repensata
1493 2755 1611 2803 est.’

541 2831 803 2879 Converte
828 2839 1089 2893 postrema
1115 2830 1293 2889 verba,
1318 2838 1370 2877 et
1395 2829 1609 2879 habebis

538 2907 756 2955 eandem
782 2907 1120 2956 sententiam:
1156 2906 1172 2933 ‘
1191 2905 1339 2968 cujus
1366 2905 1607 2954 interitus

540 2985 807 3048 voluptate
826 2983 1068 3032 damnum
1083 2982 1288 3038 civium,
1308 2992 1393 3030 aut
1414 2981 1610 3045 gladio,

538 3068 628 3108 aut
666 3061 865 3116 morbo,
906 3061 1222 3119 amissorum,
1250 3073 1398 3122 paene
1423 3072 1606 3121 repen-

537 3134 750 3196 satum?
773 3136 882 3184 sive
908 3140 922 3162 ⁴
946 3143 1333 3195 compensatum
1360 3131 1481 3182 est.'
1525 3134 1606 3183 Si·

538 3212 642 3260 snili
671 3210 914 3274 loquendi
956 3212 1157 3259 ratione
1200 3225 1320 3259 usus
1347 3217 1428 3259 est
1453 3210 1609 3258 Ovid.

538 3286 755 3335 Heroid.
798 3286 968 3348 Epist.
1005 3299 1094 3334 ιιι.
1130 3290 1210 3334 60.
1259 3291 1274 3313 ‘
1298 3287 1397 3335 Tot
1433 3293 1607 3336 tamen

540 3362 738 3410 amissis
760 3368 811 3410 te
830 3362 1278 3425 compensavimus
1298 3376 1451 3410 unum
1470 3363 1501 3424 ς’
1520 3362 1609 3411 ubi

539 3438 808 3502 Heinsius,
848 3440 1128 3489 secundum
1187 3441 1429 3489 usitatam
1484 3454 1608 3490 con·

540 3519 901 3580 structionem,
953 3520 1150 3581 maluit,
1203 3517 1219 3544 ‘
1272 3517 1373 3566 Tot
1434 3525 1609 3567 tamen

539 3594 751 3642 anrissos
776 3602 828 3643 te
861 3594 1305 3656 compensavimus
1339 3592 1474 3641 uno-⁸
1540 3595 1611 3643 Et

540 3668 772 3718 Gronov.
798 3668 927 3717 Obs.
946 3681 1023 3716 ιν.
1045 3671 1123 3715 13.
1140 3668 1289 3722 dixit,
1310 3668 1465 3716 etiam
1491 3682 1609 3731 pos-

537 3757 593 3792 se
636 3743 760 3804 lcgi,
793 3744 809 3770 ⁴
835 3742 940 3791 Tot
978 3751 1150 3791 tamen
1191 3744 1401 3792 amissos
1436 3752 1608 3793 tecum

540 3820 870 3884 pensavimus
910 3818 1047 3867 uno.’
1113 3819 1175 3868 In
1211 3833 1311 3883 quo
1348 3833 1498 3869 versu
1536 3821 1610 3868 lo·

539 3898 717 3958 quitur
760 3895 954 3943 Briseis
997 3894 1061 3942 de
1104 3897 1290 3945 marito
1334 3903 1388 3943 et
1443 3893 1610 3945 tribus

540 3968 791 4020 fratribus
816 3971 865 4018 in
901 3970 1038 4019 bello
1074 3970 1289 4031 amissis,
1325 3972 1522 4035 aitque,
1554 3983 1611 4019 ae

537 4047 718 4095 borum
735 4046 996 4109 jacturam
1023 4062 1121 4095 uno
1148 4047 1352 4095 Achille
1370 4059 1612 4107 compen·

537 4136 693 4171 sasse.
730 4122 888 4185 Cujus
910 4135 1032 4170 vero
1054 4122 1152 4170 loci
1170 4122 1428 4183 vulgatam
1447 4121 1614 4185 scrip-

541 4204 710 4246 turam
731 4196 972 4247 defendit
993 4205 1046 4245 et
1068 4198 1346 4246 illustravit
1359 4197 1613 4246 Burman·

539 4287 651 4324 uns.
721 4274 773 4324 N
777 4288 838 4324 ec
864 4274 1061 4326 alienus
1083 4270 1189 4325 suit
1222 4273 1409 4326 Cicero
1432 4273 1495 4325 ab
1517 4274 1614 4326 bac

1236 394 1454 444 NOTAE
1506 393 1915 442 vammum
1967 395 2047 443 m

1685 538 1927 602 loquendi
1950 538 2136 588 forma.
2201 534 2392 587 Refero
2409 536 2694 588 bucloeum
2721 553 2751 589 a

1688 615 1861 676 Lipsio
1894 621 2173 673 ostensum,
2216 614 2330 662 Fiu.
2365 626 2428 662 11.
2464 619 2544 663 30.
2578 617 2748 666 ‘com-

1686 691 1996 752 pensabatur
2016 699 2188 739 tamen
2203 705 2317 739 cum
2336 692 2572 741 omnibus
2591 691 2751 754 [mor-

1686 768 1765 816 bis
1790 776 1844 816 et
1869 766 2151 827 doloribus]
2173 767 2327 814 animi
2359 767 2581 816 laetitia!
2641 769 2747 820 Sed

1686 849 1738 891 et
1761 842 1934 891 dicere
1960 843 2232 905 potuisset,
2265 842 2279 867 ‘
2309 842 2378 890 Hi
2403 857 2582 893 omnes
2618 859 2750 893 mor·

1686 918 1735 967 bi
1761 927 1815 966 et
1844 918 2047 967 dolores
2083 917 2556 979 compensabantur
2591 921 2749 969 animi

1686 993 1902 1042 loetitia.'
1951 994 2160 1041 Pariter
2193 992 2385 1042 Justin.
2409 1008 2461 1042 v.
2484 998 2533 1044 2.
2566 997 2581 1022 ‘
2603 995 2747 1046 Scie-

1684 1070 1831 1131 bant,
1858 1069 2182 1119 Alcibiadem
2206 1077 2385 1132 parata
2409 1084 2526 1119 cum
2549 1074 2748 1123 amissis

1683 1147 1903 1208 imperia
1950 1145 2206 1209 pensare!
2270 1147 2540 1196 Potuisset
2575 1156 2631 1197 et
2667 1149 2748 1199 hic

1681 1222 1876 1284 dicere,
1894 1224 1909 1250 ‘
1933 1223 2123 1272 amissa
2155 1236 2269 1271 cnm
2296 1225 2490 1285 paratis
2527 1225 2749 1288 imperia

1683 1313 1901 1361 pensare
1919 1315 1934 1359 ;
1954 1299 1966 1320 ’
2001 1300 2050 1348 b.
2078 1314 2125 1347 e.
2150 1307 2207 1348 ut
2228 1298 2501 1361 περιφράζει
2520 1302 2752 1351 Gronov.

1680 1380 1695 1401 ⁸
1722 1373 1972 1429 sciebant,
1989 1374 2311 1424 Alcibiadem
2329 1383 2527 1425 tantum
2545 1376 2749 1439 imperii

1682 1452 1963 1514 recepisse,
1984 1459 2230 1515 quantum
2257 1451 2592 1514 perdiderat!
2638 1454 2747 1503 lta-

1682 1541 1783 1592 que
1820 1528 2202 1577 laudatissimus
2247 1529 2576 1579 Burmannus
2612 1530 2747 1581 bene

1682 1605 1974 1654 observavit
1997 1605 2061 1655 ad
2094 1607 2312 1655 citatum
2348 1607 2528 1657 Ovidii
2563 1609 2752 1673 locum,

1677 1681 1821 1730 ‘illas
1839 1682 2209 1743 locutionea,iu
2224 1682 2404 1746 quibus
2419 1683 2525 1732 sint
2542 1687 2750 1735 mutati·

1684 1775 1809 1809 ones
1834 1762 2093 1826 utrinque,
2127 1762 2419 1825 reciprocas
2446 1762 2555 1812 fere
2584 1778 2699 1813 esse
2717 1763 2753 1825 ς’

1684 1846 1834 1901 prout
1854 1839 1919 1887 de
1937 1839 2095 1887 verbo
2112 1839 2126 1864 ‘
2141 1838 2363 1888 mutare’
2378 1841 2576 1890 notarit
2592 1841 2753 1890 Bent-

1683 1912 1811 1961 leius
1835 1912 1898 1960 ad
1926 1913 2113 1963 Horat.
2132 1912 2235 1964 Od.
2260 1927 2322 1963 11.
2347 1919 2427 1962 15.
2453 1919 2534 1965 19.
2559 1924 2616 1965 et
2638 1916 2748 1965 Sat.

1683 2001 1748 2038 ιι.
1772 1993 1821 2037 7.
1863 1994 1973 2038 109.
2008 1990 2094 2038 ubi
2135 2005 2320 2053 nempe
2354 1991 2627 2041 Bentleius
2658 1991 2748 2041 do-

1682 2073 1789 2123 cet,
1827 2067 1983 2116 etiam
2017 2066 2228 2116 verbum
2264 2075 2279 2096 ⁸
2305 2068 2540 2119 mutare'
2577 2069 2749 2133 dupli-

1682 2157 1792 2192 cem
1818 2143 2051 2205 recipere
2085 2144 2540 2200 constructionem,
2573 2151 2632 2193 ut
2663 2157 2750 2193 eo·

1682 2216 1802 2265 dem
1822 2218 1977 2281 plane
2000 2232 2155 2266 sensu
2180 2219 2343 2281 possis
2376 2218 2569 2275 dicere,
2607 2228 2621 2248 ⁸
2641 2232 2749 2268 ma-

1685 2295 1815 2343 tavit
1841 2294 2061 2356 patriam
2079 2293 2293 2357 exsilio,'
2312 2298 2400 2348 etf
2415 2294 2637 2343 mutavit
2658 2308 2747 2343 ex·

1683 2370 1851 2418 silium
1876 2368 2078 2432 patria-⁹
2145 2370 2365 2419 Interim
2399 2369 2560 2419 verba
2591 2371 2749 2420 Plinii

1687 2447 1965 2496 vernacula
1990 2454 2165 2496 nostra
2189 2446 2323 2496 bene
2354 2446 2749 2513 luculenterque

1685 2523 1944 2584 expressit
1973 2523 2277 2572 Dammius:
2316 2522 2610 2572 Gleichwou
2632 2524 2752 2584 san-

1684 2600 1772 2647 den
1792 2600 1892 2647 sich
1913 2600 2080 2649 immet·
2115 2603 2258 2661 leuce,
2279 2602 2357 2649 die
2391 2616 2444 2649 ao
2473 2615 2640 2662 grosse
2673 2603 2750 2652 be·

1680 2675 1850 2734 gierde
1871 2676 1990 2724 uach
2020 2690 2191 2724 anseris
2214 2692 2383 2726 namen
2404 2677 2621 2738 hegeteu,
2642 2680 2753 2728 deu

1682 2753 1755 2800 sie
1786 2753 2058 2813 glaubecen,
2096 2754 2173 2800 die
2206 2753 2316 2802 chre
2348 2755 2431 2802 des
2467 2754 2754 2805 stamineae„

1684 2827 2018 2890 biirgerrechts
2047 2828 2201 2876 kb'nue
2222 2828 2353 2877 nicht
2378 2843 2472 2878 nar
2489 2845 2648 2892 gegen
2664 2832 2757 2881 den

1683 2907 2004 2964 awanzigsten
2035 2905 2251 2967 Rserinig,
2289 2906 2492 2953 sondern
2513 2906 2636 2954 cacis
2667 2922 2754 2968 ge-

1679 2995 1773 3041 gen
1796 2982 1886 3028 den
1907 2980 2110 3028 schaden
2133 2983 2183 3029 in
2203 2981 2333 3030 ihrer
2361 2983 2754 3042 melachim,

1678 3071 1773 3116 gar
1789 3057 1910 3104 wem
1920 3057 2078 3117 gleich
2087 3058 2335 3117 gerechnet
2353 3060 2559 3108 werden.
2584 3059 2755 3112 Idem.

1750 3133 1994 3181 Reductus
2015 3132 2162 3194 esset]
2189 3133 2360 3183 Liberi
2387 3134 2618 3198 quidem,
2634 3138 2753 3199 jure

1685 3216 1907 3271 natura»,
1929 3209 2118 3273 ubique
2147 3217 2269 3258 sunt
2292 3210 2341 3257 in
2368 3217 2637 3273 potestate
2664 3227 2755 3276 pa-

1685 3292 1919 3334 reutum:
1956 3290 2029 3347 at,
2053 3285 2173 3347 quia
2192 3293 2427 3348 potestas
2453 3288 2626 3349 patria
2651 3289 2756 3339 Ro-

1685 3376 1950 3410 manorum
1971 3362 2261 3425 essetjuris
2284 3362 2587 3425 Quiritium,
2608 3366 2756 3430 cnjus

1686 3452 1785 3486 uon
1810 3439 2095 3501 participes
2118 3447 2295 3487 essent
2324 3439 2555 3489 homines
2580 3442 2756 3492 condi·

1686 3518 1840 3566 tionis
1865 3517 2153 3581 peregrinoe
2174 3533 2190 3577 ;
2224 3517 2398 3572 immo,
2422 3532 2539 3567 cum
2562 3532 2660 3569 nec
2679 3520 2756 3569 ci·

1690 3607 1777 3642 ves
1804 3593 2017 3642 Romani
2046 3607 2226 3641 recens
2251 3591 2381 3642 facti
2417 3607 2480 3641 eo
2518 3600 2755 3659 tempore

1687 3670 1975 3717 retinerent
2019 3669 2153 3717 filios
2198 3668 2248 3717 in
2304 3681 2396 3717 sna
2452 3676 2754 3733 potestate;

1687 3758 1904 3793 necesse
1929 3751 2063 3806 erat,
2086 3752 2164 3805 ut,
2200 3744 2242 3792 si
2282 3744 2431 3793 liberi
2466 3746 2754 3798 succedere

1687 3821 1847 3884 gratis
1873 3819 2069 3868 vellent
2106 3819 2253 3868 bouis
2289 3820 2543 3882 paternis,
2576 3836 2644 3870 ex
2668 3822 2756 3872 be.

1689 3895 1875 3945 neficio
1901 3895 2148 3958 principis
2172 3895 2553 3946 reducerentur
2577 3898 2630 3947 iu
2665 3913 2756 3962 pa·

1687 3972 1784 4021 tria
1826 3978 2166 4033 potestatem.
2231 3971 2319 4020 Sic
2354 3985 2477 4022 vero
2500 3974 2614 4037 jam
2637 3981 2652 4002 ⁸
2677 3989 2756 4025 re·

1687 4046 1833 4095 ducti
1856 4045 1868 4066 '
1891 4045 2214 4109 incipiebant
2235 4047 2353 4109 jare
2373 4046 2657 4099 Qniritium
2676 4065 2755 4101 es·

1687 4139 1743 4174 se
1762 4126 1812 4173 in
1832 4133 2095 4186 potestate
2119 4126 2307 4189 patria.
2345 4124 2497 4175 Unde
2520 4126 2636 4176 haze
2655 4126 2756 4178 for·

1689 4201 1829 4249 mula
1855 4215 1870 4248 ε
1904 4200 1920 4227 ‘
1938 4200 2158 4250 simodo
2180 4199 2315 4250 filius
2338 4201 2588 4251 reductus
2615 4210 2757 4253 esset

1688 4275 1742 4326 iu
1767 4274 1932 4341 patris
1956 4276 2308 4344 potestatem,’
2343 4284 2399 4328 et
2427 4289 2682 4330 xxxvm.
2705 4282 2755 4330 7.
