3060 4902
759 388 827 437 c.
875 388 1122 438 rum!
1172 386 1510 439 saeuum
1560 389 1840 467 Panae.
1914 393 1965 440 1.
1995 377 2106 443 24.

391 529 677 594 Edem
706 532 869 583 onnia
901 530 1015 597 illu]
1047 531 1185 585 Quid
1218 533 1273 585 ln
1306 533 1405 586 hoc

322 606 443 658 loco
474 607 797 671 explicando
826 616 884 659 et
913 610 1242 674 corrigendo,
1266 610 1405 661 Livi·

325 683 500 747 acius,
533 683 660 748 quid
701 684 927 749 Lipsius,
962 684 1091 751 qnid
1126 686 1402 753 Gruterus,

325 760 457 825 qnid
499 761 763 811 recentius
818 761 1090 813 Gesnerus
1131 764 1404 829 tentarint,

325 850 398 887 ex
428 852 613 887 eornm
636 838 776 888 notis
797 843 856 888 et
880 839 1403 891 commentationibus

327 914 635 979 intelligere
667 914 813 965 lieet.
878 916 994 979 Ego
1026 915 1198 981 velim,
1219 923 1280 966 nt
1311 932 1404 982 po-

327 991 594 1042 tissimum
636 990 1084 1042 animadvertatur
1120 1006 1403 1056 pronomen

327 1068 438 1123 illu,
459 1066 598 1130 qnod
623 1065 676 1116 in
699 1067 853 1118 unica
875 1067 1035 1117 Cevae
1058 1068 1289 1120 editione
1313 1070 1403 1121 de-

330 1142 616 1199 sideratur,
640 1150 699 1193 et
726 1143 779 1193 in
812 1142 927 1193 cod.
960 1144 1151 1195 Salisb.
1180 1146 1402 1212 primum

329 1219 546 1285 quidem
577 1219 840 1284 omissum,
861 1219 1055 1270 deinde
1088 1235 1214 1272 vero
1244 1224 1312 1273 ab
1334 1238 1404 1273 m·

332 1310 438 1361 que
452 1294 668 1361 antiqua
680 1311 836 1347 manu
853 1311 1014 1361 snpra
1027 1298 1280 1362 scriptum
1295 1307 1405 1362 estg

330 1380 389 1423 at
407 1375 459 1423 in
477 1376 671 1425 ceteris
685 1374 925 1425 omnibus
943 1374 1084 1425 libris
1099 1387 1405 1438 expressum

330 1452 547 1517 legitur.
603 1451 725 1502 Hoc
746 1452 916 1517 ipsum
938 1465 1218 1515 pronomen
1240 1453 1404 1503 omni-

329 1541 404 1577 no
440 1527 661 1591 respicit
695 1526 1087 1592 antecedentia,
1117 1527 1183 1578 de
1217 1529 1405 1594 quibus

323 1603 439 1668 jam
476 1605 681 1654 locutus
712 1609 794 1653 est
829 1603 1069 1666 Plinius3
1112 1617 1300 1670 nempe
1336 1605 1405 1656 de

328 1680 548 1746 Trajani
582 1679 855 1744 singularis
887 1680 1157 1730 modestia
1187 1688 1246 1732 et
1277 1682 1405 1732 civi-

330 1757 502 1807 litatis
530 1757 690 1821 signis
722 1764 780 1807 et
808 1757 1093 1821 exemplis3
1126 1758 1295 1823 qualia
1326 1757 1406 1808 fu·

332 1842 515 1899 erunt,
548 1834 769 1900 pristina
799 1834 903 1884 oris
935 1834 1049 1899 ejus
1095 1834 1404 1893 humanitas,

331 1911 541 1962 dextre
571 1912 887 1962 verecundia
913 1911 965 1961 in
992 1912 1182 1962 osculis
1206 1912 1406 1977 excipi-

329 1988 504 2050 endis,
534 1988 766 2038 incessus
796 1986 1076 2051 pedestris,
1108 1993 1162 2035 et
1195 1986 1302 2036 vita
1330 1989 1405 2037 lau

329 2062 702 2114 borioolssima.
765 2063 880 2127 Illa,
913 2070 970 2113 et
1005 2063 1158 2127 liujus
1195 2064 1404 2128 generis

331 2140 437 2191 alia
457 2141 620 2191 omia
647 2140 954 2191 documenta
976 2139 1050 2189 ait
1073 2139 1274 2190 Plinius
1295 2154 1403 2189 ma·

331 2210 462 2268 nefe
489 2221 655 2269 endem
685 2218 826 2269 circa
856 2217 1146 2282 Trajannm
1178 2218 1403 2283 impera·

331 2304 523 2357 torem,
543 2298 696 2358 adeo,
713 2303 770 2346 ut
789 2307 889 2345 nec
909 2296 1022 2360 ipsa
1045 2293 1271 2357 fortuna,
1287 2310 1403 2360 qum

332 2373 461 2423 alias
490 2371 738 2423 facillime
764 2371 1087 2437 maximeque
1119 2379 1288 2421 mutat
1317 2372 1405 2422 ho-

330 2451 522 2512 mines,
543 2464 663 2500 eum
698 2449 927 2499 mutarit.
994 2449 1254 2502 Quantum
1283 2461 1407 2499 vero

333 2528 510 2577 valeat
543 2526 756 2578 fortuna
785 2527 837 2576 in
865 2526 1124 2576 mutandis
1145 2526 1404 2575 hominum

332 2603 541 2667 animis,
560 2605 914 2668 moribusque,
933 2605 1045 2668 ejus
1066 2604 1268 2669 generis
1288 2616 1405 2652 sen·

334 2680 518 2731 tentiis
536 2687 592 2732 et
607 2680 862 2745 exemplis
879 2680 1019 2745 pleni
1033 2686 1151 2729 sunt
1168 2687 1404 2729 veterum

330 2757 472 2808 libri.
541 2756 631 2808 Ita
664 2757 906 2807 Cnrt.‘x.
940 2760 988 2806 1.
1023 2760 1107 2806 40.
1145 2756 1162 2784 ⁶
1188 2757 1292 2805 Res
1324 2767 1403 2804 se-

334 2833 525 2884 cunda
561 2835 742 2884 valent
773 2840 1093 2883 commutare
1128 2830 1407 2883 naturam.¹

334 2911 407 2961 Et
438 2908 578 2975 apud
615 2910 772 2961 eund.
798 2923 883 2960 ιιι.
904 2913 953 2960 2.
977 2914 1057 2960 18.
1079 2909 1263 2974 hospes
1291 2910 1404 2976 qni-

336 2987 459 3037 dam
481 2987 621 3037 dixit
653 2987 830 3049 Dario,
853 2992 869 3016 ‘
891 2986 969 3035 'l'u
999 2986 1209 3051 quidem
1243 2987 1405 3037 licen-

332 3064 411 3113 tia
426 3063 576 3127 regul
591 3063 763 3114 subito
778 3069 1022 3119 mutatus,
1036 3062 1405 3112 documentum

333 3139 441 3189 eris
463 3140 711 3202 posteris,
731 3137 985 3200 homines,
999 3152 1113 3189 cum
1137 3153 1192 3188 se
1220 3138 1405 3202 permi-

336 3228 457 3266 sere
491 3213 738 3278 fortune,
770 3214 930 3265 etiam
969 3223 1207 3264 naturam
1238 3213 1406 3263 dedis·

333 3291 491 3344 cere-²
524 3292 768 3342 Selemn-
1021 3333 1024 3336 .

404 3367 958 3433 Nihilipsntesortrmu]
983 3366 1179 3418 Omnes
1196 3365 1407 3417 omniuo

335 3442 552 3495 codices
575 3457 726 3493 manu
746 3443 926 3507 scripti
946 3443 1139 3492 habent
1157 3443 1280 3491 nihil
1305 3444 1408 3506 ipso

334 3527 402 3572 ee.
470 3519 658 3586 Neque
680 3519 830 3570 aliam
852 3519 1133 3570 lectionem
1157 3518 1407 3569 exhibue-

336 3604 464 3648 runt
487 3597 717 3650 editores
739 3598 789 3644 in
812 3596 959 3645 libris
979 3595 1274 3660 impressis3
1308 3595 1406 3646 nisi

336 3672 477 3739 quod
501 3672 726 3721 omnium
745 3673 938 3735 primus
956 3672 1302 3733 Boxhornius‚
1318 3672 1406 3737 qui

334 3762 465 3798 vero
489 3747 634 3796 nullo
657 3755 864 3797 vetusto
882 3747 1063 3797 codice
1081 3762 1206 3798 usus
1222 3756 1321 3805 est,
1341 3762 1408 3798 ex

335 3825 660 3889 conjectura,
700 3837 853 3888 qnam
894 3830 950 3874 et
987 3831 1108 3874 ante
1146 3839 1264 3874 eum
1292 3827 1405 3890 jam

334 3909 719 3967 proposuerant
741 3902 935 3951 Petrus
957 3900 1148 3964 Faber,
1169 3910 1225 3953 et
1248 3903 1407 3953 Conr.

336 3978 743 4035 Rittershnsins,
794 3978 1159 4029 excudendum
1199 3980 1407 4031 curavit

333 4055 459 4104 affluit
477 4056 531 4104 in
548 4057 651 4119 ipso
669 4054 933 4113 tesortuna
949 4056 1170 4105 meavit.
1237 4055 1406 4107 Quam

333 4131 616 4182 lectionem
643 4130 901 4194 deinceps
925 4131 1132 4194 plurimi
1153 4133 1408 4182 recentio-

334 4221 447 4256 rum
474 4213 599 4257 sunt
631 4207 824 4256 secuti.
894 4206 1171 4258 Commoda
1197 4208 1405 4273 quidem

331 4285 443 4336 lroec
486 4283 816 4346 emendatio,
854 4295 1025 4348 neque
1069 4298 1099 4334 a
1141 4281 1408 4336 sententia

2411 378 2545 446 547

1473 532 1637 585 Plinii
1673 535 1872 600 aliena3
1919 542 2150 589 veterum
2190 544 2366 591 tamen
2398 541 2547 592 codi··

1472 623 1590 661 cum
1629 611 1941 664 auctoritate
1974 613 2299 665 destituitur.
2366 616 2446 667 Ac
2482 617 2542 666 li·

1473 693 1561 740 cet
1589 686 1907 739 Arntzeuius
1939 692 2131 757 tradat,
2155 707 2271 744 eam
2294 708 2324 744 a
2349 692 2541 745 codici-

1474 762 1569 812 bus
1602 765 1709 815 suis
1740 764 2064 830 confirmari3
2104 777 2312 821 constat
2345 777 2540 831 tamen,

1472 840 1645 905 ipsum
1679 844 1825 894 nullo
1858 844 2040 896 codice
2076 847 2179 899 Ms.
2211 862 2357 899 nsum
2405 862 2543 914 esse,

1473 916 1575 966 nisi
1609 920 1873 984 excerptis
1906 922 2192 987 Vossianis,
2214 932 2270 975 et
2303 927 2543 977 varianti·

1473 992 1571 1043 bus
1605 994 1921 1047 lectionibus
1956 1012 1987 1049 e
2024 1000 2209 1055 codice
2248 1002 2541 1067 Guelpher·

1475 1068 1672 1133 bytano
1702 1073 2022 1139 descriptis.·
2062 1075 2137 1127 At
2161 1077 2214 1127 in
2239 1078 2335 1128 lnoc
2360 1080 2543 1131 codice

1474 1145 1700 1211 Guelph.
1719 1157 1867 1200 extat
1889 1152 2095 1203 omuino
2121 1154 2345 1217 vulgaris
2365 1155 2542 1212 lectio,

1473 1222 1598 1273 nituit
1612 1225 1713 1289 ipso
1729 1231 1795 1288 te,
1814 1228 1925 1278 sine
1945 1230 2315 1294 praepositione
2328 1232 2398 1282 in.
2440 1232 2545 1282 Ex-

1474 1310 1658 1365 cerpta
1674 1317 1798 1354 vero
1812 1305 2068 1356 Vossiana
2086 1308 2321 1358 nituntur
2334 1309 2544 1375 quidem

1475 1377 1750 1442 aliquando
1796 1382 2095 1434 testimonio
2138 1386 2373 1436 codicum
2413 1387 2546 1436 Mss.

1475 1452 1570 1503 sed
1605 1454 1945 1522 incertorum,
1978 1473 2078 1509 nec
2112 1461 2414 1511 nominatim
2453 1461 2544 1513 de·

1475 1531 1831 1594 signatorum
1868 1540 2129 1596 praeterea
2149 1551 2247 1587 nec
2269 1552 2386 1587 raro
2408 1539 2544 1589 solas

1476 1608 1803 1671 conjecturas
1829 1610 2135 1662 admiscent.
2191 1614 2448 1678 Equidem
2467 1614 2541 1665 fa-

1477 1690 1612 1746 teor,
1636 1699 1731 1735 nec
1752 1700 1883 1736 meae
1906 1690 2217 1740 correctioni
2242 1690 2410 1741 adhuc
2434 1705 2544 1742 suc·

1475 1775 1690 1811 currere
1721 1764 1941 1828 alicujus
1973 1765 2171 1831 antiqui
2202 1767 2401 1816 codicis
2435 1767 2545 1817 snf-

1474 1834 1718 1902 fragium.
1793 1840 2168 1905 Veruntamen,
2207 1844 2250 1892 si
2293 1844 2344 1893 in
2383 1844 2544 1894 corri-

1474 1914 1657 1975 gendis
1688 1916 1816 1965 locis
1841 1924 2025 1979 aperte
2049 1920 2332 1983 corruptis,
2355 1920 2444 1969 ubi
2467 1920 2548 1970 ni-·

1475 1988 1549 2038 hil
1586 1990 1811 2054 praesidii
1849 1990 2069 2043 afferunt
2100 1995 2308 2044 codices
2336 1995 2547 2051 vetusti.

1478 2078 1561 2122 ea,
1581 2080 1696 2130 qnae
1730 2067 1985 2117 leuissima
2016 2075 2073 2119 et
2101 2068 2348 2119 facillima
2375 2084 2548 2120 emen·

1478 2141 1639 2192 dandi
1657 2143 1791 2194 ratio
1808 2143 1986 2194 haberi
2008 2151 2199 2210 potest,
2221 2146 2337 2196 iniri
2356 2147 2549 2211 debet;

1479 2233 1581 2268 non
1615 2219 1766 2272 video
1801 2222 2089 2286 sane‚quid
2125 2223 2289 2272 lenius
2318 2223 2548 2274 facilius·

1477 2309 1579 2360 qne
1597 2293 1710 2345 fieri
1735 2297 1916 2360 possit,
1934 2311 2083 2361 quam
2104 2298 2146 2346 si
2168 2297 2218 2347 in
2247 2299 2549 2362 pronomine

1475 2372 1596 2435 ipso,
1633 2372 1789 2422 unica
1827 2372 2084 2422 duntaxat
2121 2373 2327 2423 literula
2361 2390 2390 2424 o
2427 2376 2478 2424 in
2517 2388 2549 2425 a

1480 2456 1857 2511 convertatur3
1892 2448 2028 2501 unde
2059 2448 2217 2500 nihilo
2246 2451 2411 2501 minus
2444 2450 2550 2515 pla·

1479 2526 1712 2591 nissima,
1731 2533 1787 2576 et
1820 2526 1997 2577 Plinio
2030 2526 2347 2591 dignissima,
2371 2527 2550 2577 evadit

1480 2601 1759 2660 sententia,
1783 2602 1939 2653 etiam
1963 2602 2074 2652 sine
2097 2603 2401 2667 adjumento
2429 2616 2548 2667 par·

1480 2677 1656 2728 ticulae
1693 2678 1901 2727 aliunde
1937 2678 2309 2729 adsciscendae.
2377 2679 2547 2731 Quam

1480 2751 1637 2804 facile
1671 2761 1842 2805 autem
1867 2761 1922 2804 et
1945 2769 2096 2819 quam
2121 2753 2422 2819 frequenter
2442 2768 2472 2803 u
2494 2755 2547 2804 in

1480 2845 1508 2881 o
1538 2846 1567 2880 a
1587 2831 1813 2881 librariis
1837 2832 1906 2881 sit
1929 2839 2200 2891 mutatum,
2225 2831 2459 2894 adeoque
2492 2837 2550 2879 et

1478 2909 1581 2973 ipso
1612 2922 1707 2973 pro
1737 2910 1844 2973 ipsa
1872 2907 2146 2971 scriptum,
2170 2904 2404 2955 ostendit
2438 2905 2551 2956 Sci-

1480 2987 1666 3050 oppius
1690 2986 1741 3033 in
1766 2985 1901 3033 Arte
1924 2982 2138 3044 critica,
2160 2981 2245 3031 nbi
2271 2982 2337 3031 de
2357 2982 2550 3040 literis,

1481 3075 1597 3127 quae
1626 3067 1891 3124 corruptoe
1917 3065 2055 3115 sunt,
2080 3059 2208 3122 agit,
2233 3072 2282 3120 p.
2305 3062 2388 3110 52.
2452 3059 2548 3108 Ta·

1480 3152 1591 3194 ceo,
1615 3139 1686 3187 sic
1722 3151 1817 3201 per
1850 3135 2160 3197 singularem
2194 3132 2400 3197 ἔμφασιν
2427 3134 2550 3197 dici,

1480 3215 1606 3264 nihil
1625 3215 1729 3277 ipsa
1749 3219 1797 3262 ee
1808 3213 2016 3272 fortuna
2036 3212 2275 3270 mutum,-
2308 3226 2425 3276 quae
2450 3213 2549 3262 sci·

1481 3289 1605 3339 licet
1638 3289 1766 3337 alias
1797 3287 2042 3337 facillime
2077 3293 2240 3337 mutat
2269 3288 2548 3352 principes.

1483 3364 1642 3415 Nulla
1670 3364 1751 3413 hie
1780 3362 2108 3426 oppositione
2139 3378 2269 3427 opus
2301 3371 2382 3413 est
2410 3365 2551 3415 inter

1482 3440 1786 3506 particulas,
1806 3439 1935 3488 circa
1957 3444 2022 3495 te,
2047 3447 2100 3488 et
2123 3440 2174 3488 in
2194 3444 2267 3489 te.-
2306 3454 2422 3489 cnm
2454 3442 2551 3491 hoc

1483 3529 1638 3565 unum
1672 3515 1871 3564 Plinius
1895 3514 2072 3564 dicere
2096 3516 2341 3580 voluerit,
2364 3516 2548 3566 eadem

1481 3594 1571 3642 illa
1609 3591 1802 3657 omnia,
1835 3591 1899 3642 de
1935 3591 2124 3657 quibus
2162 3593 2314 3643 modo
2349 3593 2550 3643 locutus

1481 3674 1614 3734 erat,
1648 3682 1856 3719 manere
1890 3670 2033 3719 circa
2067 3669 2350 3733 Trajanum
2386 3670 2551 3734 impe·

1484 3753 1744 3810 ratorem3
1787 3761 1904 3799 cum
1940 3761 2007 3798 ue
2049 3749 2256 3812 quidem
2296 3750 2408 3813 ipsa
2444 3748 2548 3798 for·

1482 3831 1610 3875 tuna
1631 3840 1747 3876 eum
1772 3827 2003 3875 mutarit.
2039 3827 2188 3876 Idem.

1548 3902 1692 3953 Nihil
1720 3904 1826 3966 ipsu
1858 3908 1908 3953 te
1927 3902 2156 3967 fortuna]
2200 3900 2376 3952 Editio
2411 3901 2546 3951 Rhe·

1482 3992 1637 4038 nana,
1663 3981 1789 4030 nillil
1819 3980 1922 4044 ipso
1954 3986 2003 4029 te
2026 3980 2229 4039 sertum
2245 3995 2265 4038 ,-
2296 3979 2387 4029 sed
2421 3979 2548 4028 nihil

1480 4058 1659 4122 inipso
1682 4059 1964 4118 teser-tana.
1998 4055 2186 4106 Faber.

1551 4134 1697 4184 Nihil
1726 4135 1833 4198 ipsa
1853 4132 2145 4196 teser-tuan]
2186 4130 2324 4181 Nihil
2354 4131 2458 4193 ipso
2496 4136 2543 4181 te

1467 4209 1672 4268 fortuna
1696 4211 1888 4261 Ritter.
1910 4209 2002 4259 sed
2028 4209 2197 4257 Livin.
2222 4221 2315 4270 pro
2337 4206 2439 4271 ipso
2463 4222 2541 4256 re·

1481 4286 1628 4349 ponit
1662 4298 1727 4336 ex
1757 4287 2077 4350 conjectura,
2100 4284 2283 4349 ipsum.-
2319 4281 2454 4346 vide,
2480 4296 2545 4331 an
