3060 4902
771 376 834 425 c,
881 374 1120 423 Pmml
1169 373 1501 424 saeuum
1556 353 1827 425 pauno.
1904 365 2089 428 1.7o.

325 521 438 568 dolo
466 520 532 568 ad
560 524 805 582 sequentes
837 518 1053 578 honores,
1074 535 1213 583 quam
1233 536 1394 584 peroc-

329 603 434 647 tos?
489 598 707 660 Verum,
735 599 901 647 amico
939 599 1149 662 placuit,
1182 599 1395 649 dimisso

332 678 491 726 verbo
528 676 696 738 liquet,
728 677 981 726 medelam
1021 679 1172 741 liujus
1209 679 1310 728 loci
1342 678 1394 727 in

335 754 596 816 particula
632 753 789 815 magis
821 768 1072 819 quaerere,
1111 763 1165 804 et
1189 755 1318 804 hanc
1341 756 1392 803 in

334 831 546 880 verbum
565 830 713 879 mavis
733 842 1082 893 comnmtare3
1115 832 1252 895 quod
1279 847 1393 881 ver-

253 969 262 972 *
333 909 453 957 bum
470 903 725 956 referatur
740 906 804 954 ad
817 907 1262 970 Trajanum,sicut
1282 923 1394 970 pro·

328 985 522 1034 ximum
548 984 761 1034 verbum
783 985 1046 1044 remisisti5
1072 992 1128 1035 ut
1152 986 1226 1037 sic
1254 986 1392 1048 lega·

335 1072 422 1111 tur
454 1062 540 1111 bic
573 1062 736 1118 locus.
777 1063 841 1112 Et
877 1063 1055 1127 alioqui
1088 1063 1211 1112 nihil
1244 1063 1391 1112 mavis

329 1140 552 1202 prodesse
572 1139 842 1200 candidato,
857 1141 940 1202 εἷς.
998 1141 1118 1190 Quo
1142 1140 1391 1201 remedio,

333 1225 391 1266 et
425 1232 527 1280 qua
555 1215 929 1277 emendatione,
965 1217 1091 1264 nihil
1125 1217 1293 1265 credit
1317 1216 1389 1265 le-

334 1293 449 1342 nius
487 1293 772 1357 excogitari
809 1307 992 1357 posse;
1026 1307 1142 1341 cnm
1166 1308 1266 1341 non
1290 1292 1390 1341 nisi

333 1371 484 1420 unica
532 1371 701 1427 litera,
765 1385 818 1434 g,
869 1372 921 1419 in
964 1387 996 1419 u
1038 1380 1389 1420 convertatur.

331 1449 420 1498 Sic
445 1463 567 1496 vero
589 1449 784 1497 nullum
817 1462 1020 1498 novum.
1047 1450 1259 1497 verbum
1296 1449 1387 1496 ali-

333 1525 470 1574 unde
508 1525 727 1575 adscisci
769 1526 879 1586 ait3
913 1527 987 1573 sic
1023 1526 1213 1573 nullam
1254 1525 1387 1573 inso-

330 1603 525 1652 lentem
579 1601 821 1666 loquendi
868 1600 1132 1650 formulam
1178 1601 1385 1652 obtrudi

330 1679 536 1739 Plinio;
568 1679 644 1729 sic
663 1679 849 1728 nullius
865 1680 1080 1728 nominis
1104 1694 1274 1729 casum
1295 1679 1386 1726 im·

332 1755 521 1803 mutari
542 1770 558 1813 ;
581 1754 670 1802 sed
696 1755 862 1803 omnia
887 1756 1044 1803 Plinii
1072 1756 1227 1803 verba
1251 1756 1384 1817 opti-

330 1845 413 1881 me
445 1832 726 1892 cohaerere,
758 1831 1066 1894 dignamque
1101 1842 1248 1881 tanto
1272 1848 1383 1881 ora-

333 1915 448 1956 tore
469 1907 781 1957 sententiam
809 1910 1147 1958 constituere.
1220 1910 1386 1960 Nemo

331 1992 506 2034 autem
543 1985 767 2046 negabit,
803 1986 1035 2035 librarios
1073 1994 1274 2035 veteres
1309 1985 1381 2035 fa·

328 2061 521 2112 eillirne
554 2078 647 2125 pro
678 2062 827 2112 mavis
863 2077 1110 2126 reponere
1151 2063 1382 2126 potuisse

328 2139 501 2202 mag-is.
563 2138 739 2188 Simile
784 2147 1008 2188 erratum
1044 2141 1152 2203 jam
1206 2154 1382 2203 supra,

332 2228 404 2265 n.
435 2220 486 2266 2.
515 2217 718 2267 sustuli.
784 2216 877 2279 At,
904 2218 1137 2281 quamvis
1160 2219 1282 2266 satis
1308 2219 1382 2267 in·

330 2293 546 2356 geniosa
562 2294 631 2343 sit
655 2292 764 2343 boec
786 2293 1100 2348 emendatio,
1125 2309 1187 2342 ea
1212 2303 1382 2344 tamen

326 2370 450 2419 mibi
487 2369 711 2420 nondum
753 2369 1044 2432 satisfacit;
1084 2381 1381 2434 propterea,

329 2446 472 2513 quod
507 2446 737 2511 proxime
773 2448 823 2497 in
861 2448 1043 2498 eodem
1082 2458 1382 2513 argumento

330 2524 583 2589 sequitur,
611 2525 724 2574 Volo
757 2541 862 2587 ego.
932 2526 1045 2576 Nec
1083 2527 1317 2588 prodest,
1339 2527 1383 2575 si

330 2604 550 2665 cogites,
582 2604 633 2652 in
671 2605 768 2659 bis,
799 2606 910 2653 loco
944 2604 1256 2666 pronominis
1278 2620 1383 2665 ego,

326 2678 468 2730 forte
508 2679 779 2743 legendnm
821 2695 933 2729 esse
965 2696 1093 2740 ergo.
1162 2681 1381 2731 Interim

329 2758 500 2806 locum
525 2756 658 2806 huuc
684 2756 849 2806 adhuc
872 2757 983 2804 aliis
1001 2756 1281 2805 sanandum
1304 2772 1382 2805 re·

326 2834 523 2898 linquo,
556 2833 677 2883 dum
709 2835 920 2882 verbum
952 2833 1147 2898 [liquet]
1186 2834 1382 2883 uncinis

330 2912 584 2960 inclusum
607 2910 845 2959 exhibeo.
882 2910 1124 2959 Schmun.

399 2988 540 3037 Nihil
560 2987 713 3047 magis
730 2988 945 3048 prodesse
966 2988 1215 3035 candidato
1230 2989 1293 3036 ad
1310 3002 1383 3036 se-

324 3071 519 3128 quente-
562 3064 774 3127 honores,
808 3078 948 3126 qnam
979 3062 1216 3126 peractos]
1253 3065 1381 3113 Ver-

327 3143 444 3191 bum
462 3142 679 3204 prodesse
700 3140 866 3189 innuit
898 3141 1125 3189 voculam
1151 3142 1377 3204 aliquam

325 3219 549 3280 deesse3
589 3228 644 3268 at
678 3218 801 3268 illud
831 3224 1046 3280 peractos
1083 3221 1379 3267 mutandum

325 3296 535 3347 omnino
578 3296 629 3345 in
661 3300 916 3360 pemeus,-
953 3296 1380 3359 quemadmodum

325 3373 455 3423 item
507 3373 780 3424 videbatur
840 3373 1135 3422 acutissimo
1180 3372 1381 3436 judicio

325 3450 620 3513 Bongarsii.
656 3450 802 3500 (ἲν-ιιι.

394 3528 551 3584 Qatnu
577 3526 813 3589 peractos]
846 3528 1014 3575 Locus
1049 3526 1134 3576 hic
1173 3526 1381 3575 videba-

327 3611 415 3654 tur
436 3605 550 3652 aliis
585 3604 868 3663 obscurns;
908 3612 962 3651 at
998 3604 1107 3652 sine
1141 3605 1246 3653 ulla
1270 3619 1379 3652 ver·

327 3680 509 3730 borum
533 3682 836 3736 mutatione,
867 3681 1064 3729 variata
1086 3688 1282 3730 tantum
1306 3683 1380 3730 in-

323 3758 713 3821 terpunctione,
768 3757 1077 3806 illustratur.
1146 3758 1381 3808 Praebuit

322 3837 494 3885 lucem
533 3834 696 3884 editio
729 3834 1034 3883 parisiensis
1069 3848 1152 3882 an.
1182 3839 1327 3884 1656.
1352 3849 1383 3882 a

325 3926 430 3974 qna
449 3911 610 3961 solum
645 3910 879 3967 discessi,
918 3909 1054 3974 qnod
1079 3910 1381 3960 adverbium

316 3988 497 4052 optime
518 3989 635 4037 liuic
650 3987 862 4051 periodo
880 3989 1085 4038 retinui.
1122 3990 1336 4038 Paean-ol.

397 4065 512 4116 Volo
532 4064 643 4127 ego]
694 4064 756 4113 In
781 4078 896 4113 meo
923 4062 1121 4118 codice.
1160 4075 1215 4114 et
1247 4064 1298 4112 in
1324 4063 1382 4113 li·

322 4142 417 4190 bro
454 4140 731 4199 vossiano,
764 4141 878 4189 loco
915 4141 1229 4202 pronominis
1275 4154 1380 4202 ego,

320 4232 387 4266 ex
413 4218 609 4281 vulgari
633 4217 957 4266 librariorum
980 4231 1154 4266 errore
1184 4217 1383 4267 inveni-

320 4302 407 4345 tur
453 4294 715 4359 particula
750 4308 887 4358 ergo,
934 4294 1020 4345 cui
1055 4309 1178 4345 vero
1221 4296 1384 4346 recla-

2396 364 2531 431 919

1473 528 1615 570 mant
1639 522 1801 572 ceteri
1821 521 1938 571 libri
1960 537 2153 573 omnes.
2219 522 2403 584 Putes,
2421 524 2534 575 Pli-

1470 601 1632 661 nium,
1665 615 1779 650 cnm
1815 601 1926 650 lia-c
1970 601 2242 664 scriberet,
2277 602 2327 651 in
2361 602 2532 653 animo

1468 676 1712 727 habuisse
1737 679 1901 726 locum
1926 679 2037 728 Cic.
2061 694 2154 742 pro
2181 679 2238 727 Ι..
2272 679 2530 741 Muraena,

1468 767 1587 817 cap.
1622 758 1704 804 21.
1737 755 1753 781 ⁸
1773 755 2054 804 petitorem
2089 771 2207 818 ego,
2238 757 2531 819 praesertim

1468 833 1782 891 consulatus,
1805 846 1988 895 magna
2012 847 2122 895 spe,
2141 848 2323 898 magno
2342 835 2529 891 animo,

1468 910 1665 970 magnis
1687 910 1871 973 copiis,
1892 919 1946 958 et
1970 910 2019 958 in
2045 908 2212 959 sorum
2237 918 2292 960 et
2316 912 2368 961 in
2390 925 2529 962 cam·

1466 1001 1586 1049 pum
1612 984 1800 1036 deduci
1827 984 1986 1046 volo‚'
2004 990 2103 1036 dcc.
2140 986 2382 1038 Schmun.

1536 1064 1788 1112 Codicillos
1815 1064 2097 1128 amicorum]
2134 1065 2177 1114 1.
2220 1079 2265 1113 e.
2298 1065 2527 1127 privatas

1464 1139 1936 1189 commendationes
1957 1147 2011 1189 et
2038 1141 2356 1189 laudationes
2376 1142 2426 1190 iu
2442 1155 2529 1191 co-

1465 1215 1650 1264 dicillis
1690 1216 2020 1280 perscriptas.
2085 1219 2248 1266 Erant
2273 1217 2407 1266 enim
2441 1232 2527 1267 co-

1466 1293 1622 1341 dicilli
1658 1294 1865 1342 minoris
1904 1293 2080 1343 formae
2111 1294 2337 1351 codices,
2362 1310 2426 1344 ex
2451 1304 2528 1344 ta-

1467 1369 1617 1418 bellis
1654 1371 1844 1419 ceratis
1880 1372 2172 1433 compositi.
2208 1379 2222 1401 ‘
2246 1371 2525 1434 Codicilli,’

1464 1448 1633 1511 inquit
1664 1448 1947 1496 Burmann.
1982 1450 2033 1497 in
2065 1446 2283 1498 Praefat.
2321 1449 2385 1498 ad
2423 1449 2523 1498 Pe-

1466 1525 1777 1586 tronium,ut
1798 1526 1910 1588 ipsa
1936 1541 2031 1573 vox
2056 1527 2180 1575 satis
2203 1524 2413 1581 efficit.‘
2436 1540 2521 1576 co-

1463 1602 1607 1651 dices
1652 1604 1853 1665 mmitti,
1897 1609 1952 1651 et
1989 1603 2268 1665 pugillares
2310 1602 2524 1660 tabule,

1463 1694 1586 1728 cera
1619 1680 1763 1729 illitae
1798 1689 1967 1735 erant.
2001 1695 2125 1743 quas
2165 1679 2228 1728 ad
2267 1680 2522 1745 quotidia-

1461 1769 1582 1803 num
1609 1771 1750 1804 usum
1774 1771 1944 1805 secum
1980 1754 2334 1817 circumferre,
2368 1762 2422 1805 et
2454 1756 2521 1806 ad

1460 1846 1663 1880 manum
1687 1832 1897 1888 habere.
1916 1832 2183 1893 solebaut;
2204 1834 2388 1897 quibus
2414 1833 2523 1890 illa,

1460 1923 1576 1972 qnoe
1622 1907 1795 1957 subito
1849 1909 1900 1957 in
1952 1917 2174 1959 mentem
2222 1910 2522 1972 veniebant,

1460 1985 1583 2032 stilo
1606 1984 1854 2049 impresso
1876 1985 2191 2047 scribebant,
2221 1995 2274 2036 et
2298 1988 2430 2044 aliis,
2452 1987 2518 2036 ad

1459 2076 1585 2126 quos
1608 2077 1671 2110 ea
1695 2051 1774 2110 res
1803 2063 2119 2125 pertinebat,
2141 2064 2438 2128 mittebant,
2462 2071 2523 2113 ut

1461 2138 1602 2187 vices
1647 2139 1978 2201 epistolarum
2031 2140 2110 2187 vel
2162 2141 2519 2190 mandatorum

1461 2220 1691 2276 agerent.
1757 2215 1861 2271 Sic,
1885 2215 1971 2263 ubi
1992 2216 2191 2269 charta,
2207 2215 2523 2278 membrana,

1459 2300 1514 2339 et
1557 2298 1919 2353 atramentum,
1958 2306 2061 2340 non
2101 2291 2330 2351 adesset,
2370 2300 2430 2340 ut
2465 2293 2519 2340 in

1459 2368 1664 2422 itinere,
1689 2369 1738 2415 in
1763 2382 1929 2426 coena,
1960 2368 2012 2417 in
2036 2375 2235 2427 senatu,
2258 2368 2521 2431 hujusmo-

1460 2445 1511 2494 di
1537 2446 1784 2496 codicillis
1811 2444 2105 2495 utebantnr.
2156 2445 2291 2494 Hinc
2314 2460 2520 2510 quoque

1459 2523 1684 2573 codicilli
1718 2539 1860 2588 saepe
1893 2537 1986 2586 pro
2021 2523 2256 2586 epistolis
2289 2537 2388 2572 non
2412 2524 2521 2572 lon·

1461 2602 1555 2666 gis,
1597 2601 1687 2650 sed
1726 2602 2064 2659 brevioribus,
2100 2600 2361 2661 dicuntur,
2400 2616 2516 2664 quae

1458 2693 1560 2727 non
1584 2680 1645 2728 ad
1670 2679 1931 2739 absentes,
1969 2678 2058 2727 sed
2089 2677 2139 2726 in
2164 2677 2344 2727 eadem
2371 2677 2519 2735 urbe.

1459 2757 1540 2804 vel
1573 2765 1715 2805 certe
1746 2755 2058 2810 suburbano,
2086 2765 2347 2804 morantes
2380 2755 2520 2804 mitti

1458 2834 1611 2883 moris
1635 2832 1787 2883 erat.’
1820 2833 2076 2884 Conferas
2097 2833 2301 2883 Manut.
2319 2832 2382 2882 ad
2407 2834 2519 2884 Cic.

1459 2911 1603 2959 Fam.
1628 2925 1700 2960 tv.
1727 2916 1805 2960 12.
1832 2925 1911 2961 ix.
1931 2916 2012 2961 26.
2048 2910 2199 2960 Idem.

1525 2988 1805 3052 Codicillos]
1844 2989 2082 3036 Privatas
2105 2987 2517 3038 laudatiuncnlas

1458 3064 1838 3126 interpretatur
1885 3063 2104 3126 Lipsius.
2170 3064 2400 3113 Scbedas
2440 3065 2517 3113 in-

1457 3141 1632 3204 telligo
1677 3140 2064 3203 provincialium
2102 3139 2166 3188 ad
2208 3139 2513 3202 principem,

1455 3219 1642 3281 quibus
1664 3217 1829 3264 eidem
1847 3265 1849 3269 ,
1864 3216 2208 3264 testimonium
2234 3215 2519 3265 redderent

1456 3295 1523 3343 de
1561 3309 1615 3343 re
1652 3294 1846 3357 optime
1881 3308 1911 3341 a
1949 3292 2172 3356 praeside
2203 3299 2368 3355 gesta.
2414 3293 2516 3341 Pa-

1453 3371 1596 3419 larol·

1523 3447 1800 3512 Codicillos]
1831 3447 2072 3495 Privatos
2088 3446 2516 3505 landatinncnlas‚

1455 3525 1619 3589 qualis
1637 3525 1724 3573 illa
1741 3524 1973 3573 Martial.
1987 3522 2201 3574 adhunc
2218 3525 2515 3587 Traianum,

1463 3616 1563 3651 ιη.
1584 3607 1634 3650 9.
1669 3602 1805 3664 Lips.

1524 3678 1798 3742 Codiciuos]
1835 3678 1903 3727 Hi
1929 3685 2049 3727 sunt
2074 3677 2368 3728 testimonia
2387 3676 2515 3727 arni-

1455 3769 1632 3805 corum
1669 3756 1799 3804 bene
1837 3764 1996 3818 gestas
2039 3757 2335 3819 provinciae.
2373 3755 2514 3804 Arri·

1458 3850 1585 3884 anns
1622 3836 1893 3898 Epictetus
1927 3849 2012 3885 ιη.
2034 3840 2083 3883 9.
2110 3843 2259 3884 vocat
2291 3832 2513 3881 κωδικέλ-

1456 3922 1570 3962 Mus
1599 3922 1653 3961 et
1682 3910 1937 3961 τινακίδας.
2002 3911 2201 3960 Similia
2233 3909 2405 3957 Tacit.
2441 3907 2513 3957 A·

1457 3991 1641 4054 gricol.
1665 4003 1782 4052 cap.
1807 3994 1857 4037 9.
1889 3995 1904 4018 ’
1928 3990 2044 4038 Non
2068 3988 2252 4036 studiis
2280 3985 2516 4050 privatis,

1458 4081 1557 4116 nec
1580 4082 1644 4115 ex
1669 4064 2113 4115 commendatione
2131 4070 2219 4113 aut
2239 4060 2515 4127 precibus!

1459 4141 1856 4206 Elegantissime
1894 4142 1944 4190 in
1967 4142 2094 4190 hanc
2118 4156 2223 4189 rem
2250 4139 2512 4189 Ausonius

1458 4219 1523 4268 de
1547 4233 1600 4266 se
1624 4219 1677 4267 in
1703 4219 1856 4267 Grat.
1878 4216 1998 4266 Act.
2029 4217 2092 4265 ad
2125 4216 2357 4267 Gratiau.
2394 4230 2515 4280 pag.

1458 4299 1574 4345 251.
1596 4301 1609 4323 ·
1630 4295 1824 4344 Consul
1844 4308 1963 4359 ego,
1988 4293 2121 4359 Imp.
2137 4293 2392 4359 Auguste,
2407 4308 2517 4344 mu·
