3060 4902
792 369 857 413 C.
912 363 1151 411 t‘Ltmt
1204 362 1538 416 ssscuNnt
1594 359 1869 410 PANRG.

358 510 452 558 sim
475 507 768 558 annotavit.
837 507 989 558 Alter
1013 511 1029 537 ⁸
1053 506 1235 556 natalis
1263 506 1427 570 impe·

355 584 632 644 ratorum,’
656 586 904 634 translate
926 585 1116 647 dictus,
1139 583 1428 633 habebatur

354 662 733 725 dicebaturque
781 661 970 723 primus
1015 661 1127 709 dies
1175 660 1427 722 cujusque

353 740 698 802 principatus,
716 747 803 787 ant
821 739 1022 800 imperii
1042 737 1286 799 suscepti.
1329 736 1429 783 Ta-

355 815 452 865 cit.
503 815 642 863 Hist.
690 830 753 864 tt.
794 819 877 864 79.
933 813 1183 862 ‘Initium
1225 810 1426 860 ferendi

357 893 423 941 ad
451 893 828 955 Vespasianum
862 889 1066 952 imperii
1094 886 1425 937 Alexandriae

354 975 607 1031 coeptum,
636 966 920 1015 festinante
954 962 1164 1012 Tiberio
1200 960 1424 1010 Alexan·

358 1043 475 1104 dro,
510 1044 597 1108 qui
624 1043 879 1092 Kalendis
918 1040 1070 1092 Juliis
1100 1044 1427 1087 sacramento

356 1122 473 1184 ejus
522 1121 748 1183 legiones
790 1118 1000 1180 adegit;
1047 1118 1193 1180 isque
1233 1115 1424 1178 primus

355 1196 685 1260 principatus
730 1195 841 1243 dies
883 1197 931 1242 in
981 1200 1247 1256 posterum
1290 1191 1426 1240 cele-

357 1272 573 1323 bratus.'
642 1272 920 1321 Eumenius
967 1272 1240 1320 Constant.
1289 1267 1425 1329 Aug.

356 1363 405 1399 c.
430 1353 481 1397 2.
516 1351 530 1375 ‘
551 1349 800 1398 Quamvis
838 1347 923 1396 ille
959 1345 1283 1395 felicissimus
1314 1343 1426 1392 dies

357 1425 595 1488 proxima
629 1424 878 1485 religione
905 1422 1198 1472 celebratus
1223 1418 1427 1482 imperii

358 1499 436 1549 tui
462 1499 652 1547 natalis
682 1497 952 1553 habeatur,
983 1496 1224 1560 quoniam
1251 1501 1302 1543 te
1328 1494 1429 1543 isto

356 1575 538 1624 babitu
577 1573 773 1637 primus
804 1572 1042 1622 ornavit!
1106 1574 1350 1621 Mamert.
1376 1573 1429 1622 in

355 1652 605 1702 Genetltl.
641 1650 856 1701 Maxim.
887 1649 1019 1713 Aug.
1047 1664 1093 1698 c.
1123 1653 1169 1698 l.
1196 1648 1262 1698 de
1288 1658 1429 1698 utro·

357 1743 462 1794 que
487 1728 572 1777 die
595 1726 794 1775 natali:
836 1728 851 1753 ‘
873 1724 976 1774 Hic
1001 1725 1120 1774 mihi
1145 1724 1255 1772 dies
1288 1724 1430 1773 vide-

360 1812 448 1855 tur
476 1803 744 1861 illustrior,
774 1803 1039 1864 magisque
1072 1800 1431 1860 celebrandus,

356 1883 522 1946 quite
547 1880 741 1944 primus
769 1879 983 1940 protulit
1019 1877 1071 1925 in
1109 1877 1306 1925 lucem:
1352 1883 1431 1924 et·

358 1959 497 2011 enim
524 1960 595 2007 illi
623 1959 717 2021 ipsi
746 1956 881 2015 dies,
905 1955 1087 2020 quibus
1112 1954 1311 2016 imperii
1340 1969 1428 2003 an·

354 2038 521 2100 apicia
546 2034 897 2094 suuisistis,ob
921 2034 1029 2082 hanc
1048 2033 1212 2081 sancti
1238 2040 1354 2081 sunt
1376 2040 1429 2080 et

358 2113 613 2175 religiosi,
658 2111 792 2175 quod
853 2110 983 2158 tales
1039 2108 1430 2157 declaraverunt

358 2187 734 2251 imperatores.'
806 2187 1024 2247 Adher-c,
1050 2187 1091 2233 si
1124 2185 1209 2248 qui
1240 2185 1426 2248 princi·

357 2278 453 2328 pes
512 2278 603 2325 per
662 2263 993 2324 adoptionem
1041 2261 1102 2309 ad
1157 2261 1427 2321 imperium

358 2348 733 2403 pervenerant,
766 2338 1018 2400 ejusmodi
1064 2338 1233 2386 ‘diem
1273 2338 1428 2400 adop-

360 2416 549 2467 tionis'
589 2417 745 2465 etiam
787 2416 1045 2465 habebant
1085 2414 1429 2479 colebantque

360 2503 607 2558 tanquam
653 2495 909 2552 natalem3
956 2494 1075 2558 quia
1118 2493 1328 2555 adoptio
1369 2495 1429 2543 iis

358 2572 554 2623 aditum
603 2572 665 2620 ad
712 2571 984 2634 imperium
1039 2570 1430 2633 praemuniebat.

357 2649 465 2705 Sic,
499 2655 634 2697 teste
671 2649 965 2709 Spartiano,
998 2647 1048 2694 in
1084 2647 1207 2695 vita
1240 2646 1429 2695 Hadri-

362 2724 449 2773 ani
476 2726 714 2780 Caesaris,
753 2739 873 2787 cap.
896 2729 945 2773 4.
983 2726 997 2749 ⁸
1018 2724 1214 2773 Quinto
1241 2723 1427 2771 Iduum

359 2802 584 2863 Augusti
611 2801 695 2849 die
722 2801 948 2849 natalem
976 2800 1269 2862 adoptionis
1294 2801 1430 2848 cele-

363 2876 708 2939 brarijussit:
754 2877 908 2924 tertio
936 2875 1120 2923 Iduum
1147 2876 1429 2924 earundem

362 2963 418 3004 et
443 2956 668 3003 natalem
690 2954 891 3017 imperii
913 2954 1139 3002 instituit
1161 2953 1429 3002 celebran-

362 3032 523 3082 dum.’
588 3033 705 3084 Jam
745 3033 1016 3094 quaeritur,
1054 3031 1167 3095 quis
1209 3033 1430 3080 ‘natalis

361 3108 569 3170 Trajani
594 3108 606 3126 ⁹
632 3110 710 3157 hic
735 3108 1073 3170 designetur:
1107 3115 1277 3156 utrum
1301 3109 1316 3135 ⁴
1344 3123 1429 3156 na-

365 3184 481 3233 talis
505 3184 830 3242 nativitatis:
854 3199 917 3233 an
958 3192 971 3211 ·
990 3184 1172 3232 natalis
1196 3184 1428 3247 adoptio·

364 3261 444 3308 nis
463 3259 497 3309 ?'
553 3261 665 3322 Ego
680 3274 795 3308 eum
822 3260 984 3309 habeo
1011 3274 1104 3322 pro
1130 3265 1144 3288 ‘
1163 3260 1248 3309 die
1272 3261 1430 3323 adop-

365 3338 521 3387 tionis
542 3335 576 3398 ς’
622 3337 759 3400 quia,
799 3337 873 3385 uti
913 3338 1091 3385 Nerva
1131 3337 1430 3385 Domitiano

366 3414 540 3463 occiso
579 3426 697 3461 xw.
730 3412 952 3461 Kalend.
986 3411 1210 3461 Octobr.
1235 3413 1283 3461 lt.
1307 3429 1353 3461 c.
1381 3414 1429 3460 d.

367 3495 448 3539 18.
480 3488 821 3552 Septembris.
868 3487 930 3535 Α.
964 3489 1022 3538 C.
1057 3492 1136 3537 97.
1173 3503 1431 3537 successe·

367 3572 479 3627 rat3
507 3564 579 3613 ita
615 3565 751 3613 idem
780 3565 973 3619 Nerva,
1009 3578 1103 3627 pro
1130 3579 1271 3613 more
1298 3566 1431 3613 illins

366 3644 639 3706 temporis,
660 3641 840 3690 eodem
874 3641 958 3689 die
997 3645 1075 3691 18.
1112 3643 1259 3703 Sept.
1288 3642 1349 3693 A.
1374 3644 1434 3691 C.

364 3725 448 3770 98.
504 3720 781 3783 Trajanum
809 3716 1098 3778 adoptavit,
1122 3733 1341 3781 eumque
1366 3719 1432 3767 si-

365 3797 470 3845 mul
494 3795 673 3856 tilium,
696 3794 847 3842 simul
875 3794 1133 3842 Caesarem
1155 3794 1432 3856 imperato·

368 3887 495 3928 rem,
534 3879 589 3920 et
626 3878 915 3919 consortem
954 3869 1233 3918 tribunitiae
1268 3878 1433 3933 potes-

368 3950 509 4003 tatis,
552 3947 698 3996 fecit.
779 3946 938 4008 Cujus
984 3947 1256 3996 sententiae
1305 3962 1433 3998 meae

367 4026 598 4074 rationes
648 4035 906 4086 exponam
952 4022 1004 4072 in
1054 4023 1310 4075 Excursus
1347 4038 1434 4074 ιν.

367 4102 615 4152 Schwarz.

437 4180 621 4235 Quibus
642 4177 817 4240 edicto]
848 4175 1050 4232 Quibus,
1075 4189 1264 4239 nempe
1288 4175 1433 4224 nobis

368 4256 569 4307 duobus
593 4253 892 4305 consulibus
924 4249 1177 4316 suffectis,
1214 4266 1433 4317 quorum

1951 360 1997 408 ι.
2025 342 2134 408 92.
2395 339 2571 407 1083

1503 506 1801 556 consulatui
1840 502 2123 554 attribuisti
2169 515 2397 550 mensem
2441 501 2570 563 Sep-

1506 582 1777 645 tembrem,
1819 596 2042 644 eumque
2084 579 2241 628 natali
2280 587 2370 628 tuo
2414 578 2571 640 insig-

1503 672 1652 719 nem;
1692 657 1853 722 etqui
1880 657 2055 706 edicto
2082 657 2277 719 pariter
2293 663 2347 704 et
2367 662 2571 718 specta-

1504 737 1622 784 culo
1647 735 1919 784 celebrare
1944 734 2194 783 debemus
2235 734 2377 783 illum
2404 734 2570 796 ipsum

1501 812 1725 860 natalem
1755 818 1916 860 tuum.
1984 809 2156 858 Ludos
2182 810 2313 857 enirn
2344 814 2400 857 et
2423 822 2572 872 spec-

1505 889 1679 938 tacula
1697 888 1909 949 edituri,
1928 888 2199 950 proposito
2223 887 2417 945 libello,
2435 885 2571 934 diem

1496 964 1664 1013 futuri
1698 965 1922 1013 muneris
1958 971 2010 1012 et
2037 971 2341 1027 apparatum
2379 961 2573 1011 indice-

1504 1040 1649 1103 bant,
1673 1055 1771 1103 quo
1794 1041 1958 1103 maj0r
1997 1038 2136 1089 foret
2172 1038 2473 1101 expectatio
2514 1038 2574 1087 il·

1503 1118 1602 1166 lius
1626 1118 1963 1167 solennitatis.
2032 1118 2279 1169 Quamvis
2298 1129 2420 1165 vero
2444 1115 2572 1164 alias

1502 1208 1626 1243 eura
1652 1194 1884 1242 ludorum
1916 1194 2429 1257 spectaculorumque
2455 1205 2575 1254 par·

1505 1272 1598 1320 tim
1628 1271 1690 1319 ad
1732 1271 1926 1333 aediles,
1966 1272 2154 1335 partim
2195 1270 2258 1318 ad
2301 1276 2575 1332 praetores,

1505 1349 1827 1410 pertineret3
1863 1347 1962 1398 fuit
2001 1357 2169 1397 tamen
2196 1354 2316 1396 tunc
2346 1345 2572 1409 cumpri-

1504 1423 1602 1472 mis
1625 1426 1908 1486 commlnm,
1931 1427 1945 1453 ‘
1966 1425 2169 1472 edicere
2187 1424 2406 1472 natalem
2431 1424 2572 1486 prin·

1506 1499 1673 1564 cipis.'
1713 1500 2575 1563 HincirascebaturCaligulacon·

1508 1577 1706 1627 sulibus
1732 1578 1856 1638 illis,
1881 1578 1968 1637 qui
1989 1578 2078 1625 has
2093 1584 2266 1639 partes
2290 1577 2368 1625 sui
2393 1585 2571 1625 mune*-

1507 1655 1578 1702 ris
1602 1656 1962 1716 neglexerant,
1993 1662 2124 1704 teste
2153 1655 2365 1703 Sueton.
2406 1653 2574 1715 Calig.

1508 1745 1555 1779 c.
1580 1735 1662 1779 26.
1696 1732 1711 1758 ‘
1736 1730 2046 1779 Consulibus
2086 1731 2260 1779 oblitis
2301 1730 2368 1779 de
2407 1730 2571 1779 natali

1506 1821 1601 1855 suo
1625 1806 1832 1856 edicere
1863 1805 2034 1870 (vides
2071 1806 2301 1856 edictum
2340 1806 2573 1855 consula·

1508 1883 1611 1946 re.)
1647 1884 1916 1946 abrogavit
1956 1882 2573 1948 magistratum,'fuitque

1508 1974 1602 2023 per
1623 1959 1846 2008 triduum
1864 1960 2187 2009 sine'summa
2208 1967 2471 2024 potestate
2491 1974 2573 2009 res

1508 2036 1749 2100 publica.’
1819 2037 1992 2099 Atque
2011 2038 2073 2088 de
2097 2039 2278 2086 eodem
2297 2039 2573 2102 imperato-

1506 2127 1580 2175 re,
1600 2113 1834 2174 Caligula
1861 2114 2243 2175 cognominato‚
2267 2115 2382 2169 Dio,
2407 2114 2439 2162 l.
2460 2127 2574 2162 ux.

1505 2205 1624 2252 pag.
1651 2194 1766 2239 655.
1792 2198 1986 2249 narrat,
2010 2205 2122 2238 eum
2155 2198 2262 2238 tum
2287 2190 2572 2238 Domitium

1506 2266 1836 2315 constituisse
1874 2268 2156 2326 consulem,
2182 2265 2432 2326 abrogato
2455 2278 2570 2315 con-

1505 2344 1704 2392 sulibus
1751 2345 2085 2406 magistu-atim
2150 2341 2286 2406 quod
2328 2340 2484 2389 ferias
2521 2341 2573 2389 in

1507 2437 1653 2470 suum
1693 2420 2050 2471 natalem'non
2094 2419 2423 2479 indixissent,
2457 2431 2573 2467 cnm

1509 2508 1760 2562 praetores
1786 2499 1963 2547 eodem
2000 2498 2357 2546 decursionem
2389 2509 2575 2559 eques-

1509 2587 1660 2639 trem,
1701 2578 2152 2640 veuationemque,
2198 2575 2574 2630 exhibuissent,

1509 2662 1662 2716 prout
1690 2654 1964 2715 quotannis
2000 2654 2224 2701 solitum.
2295 2653 2373 2700 De
2415 2650 2574 2700 verbo

1507 2738 1521 2757 ³
1541 2729 1746 2777 edicere
1765 2728 1778 2749 '
1802 2730 1906 2778 dixi
1934 2744 2106 2790 supra,
2132 2728 2194 2777 ad
2232 2742 2281 2790 p.
2305 2731 2418 2777 519.
2494 2729 2574 2776 De

1507 2808 1863 2856 celebratione
1923 2807 2109 2855 natalis
2164 2804 2386 2867 Augusti
2435 2804 2572 2853 idem

1508 2886 1610 2934 Dio
1635 2888 1668 2933 l.
1684 2899 1791 2934 mv.
1813 2901 1864 2947 p.
1887 2890 1998 2933 545.
2017 2884 2163 2947 cujus
2182 2884 2354 2943 verba,
2377 2891 2436 2931 ut
2459 2897 2575 2945 par·

1507 2974 1618 3009 cam
1636 2973 1809 3021 operae
1833 2960 2365 3021 typographorum,ex
2389 2950 2576 3006 Latina

1508 3035 1941 3097 interpretatione
1967 3032 2154 3082 afferre
2180 3034 2355 3087 liceat,
2376 3033 2392 3059 ‘
2411 3034 2576 3082 Nata·

1509 3114 1574 3160 lis
1612 3111 1833 3173 Augusti
1879 3112 1927 3159 in
1966 3111 2140 3171 Circo,
2183 3119 2237 3159 et
2268 3110 2423 3158 variis
2462 3111 2575 3160 aliis

1510 3187 1652 3236 urbis
1697 3187 1838 3241 locis,
1878 3185 2234 3235 venationibus
2277 3185 2574 3235 celebratus

1509 3272 1621 3323 est;
1662 3264 1818 3326 idque
1845 3263 1942 3310 etsi
1973 3277 2071 3312 non
2094 3261 2381 3323 decretum,
2400 3270 2575 3311 tamen

1511 3341 1783 3404 quotannis
1811 3339 1917 3388 fere
1942 3354 1971 3387 a
2005 3339 2315 3402 praetoribus
2341 3337 2578 3389 factum.’

1506 3418 1875 3479 Spectaculum
1900 3414 2027 3463 adeo
2045 3414 2189 3476 illud,
2210 3413 2274 3462 de
2295 3429 2394 3476 quo
2414 3415 2577 3477 loqui-

1512 3500 1598 3542 tur
1632 3494 1851 3547 Plinius,
1875 3491 2141 3553 sigillatim
2179 3500 2290 3539 erat
2316 3491 2578 3541 Circense.

1511 3570 1598 3618 Sic
1635 3571 1927 3634 appellatur
1963 3584 1991 3617 a
2017 3567 2294 3632 Spartiano
2328 3567 2377 3617 in
2417 3568 2579 3618 Didio

1509 3644 1740 3705 Juliano,
1760 3660 1806 3694 c.
1823 3651 1872 3695 Δ.
1902 3645 2052 3693 ‘Inde
2077 3643 2141 3692 ad
2163 3644 2410 3692 Circense
2428 3659 2577 3708 spec-

1512 3723 1737 3770 taculum
1764 3722 1891 3771 itum
1919 3720 2034 3770 est)
2105 3720 2187 3769 Ad
2214 3720 2578 3769 celebritatem

1511 3800 1647 3847 enim
1674 3799 1860 3847 natalis
1895 3798 2145 3861 principis
2171 3798 2395 3846 maxime
2419 3795 2578 3846 facie-

1513 3873 1604 3925 bat
1650 3875 1869 3938 ‘pompa
1915 3872 2214 3923 Circi-usis:
2300 3872 2452 3924 Quod
2512 3888 2578 3922 ex

1511 3951 1625 4001 loco
1651 3951 1841 4000 Diouis
1864 3949 2028 3999 Cassii
2049 3948 2200 3998 modo
2225 3949 2477 4005 excitato,
2503 3950 2577 3998 in-

1512 4027 1820 4089 telligimns;
1872 4041 2023 4089 quam
2073 4040 2313 4088 pompam
2360 4025 2581 4088 Dionys.

1514 4104 1868 4153 Halicarnass.
1909 4102 1996 4151 lib.
2023 4114 2122 4151 vn.
2154 4102 2350 4164 optime
2382 4101 2578 4151 descri-

1511 4178 1607 4227 bit.
1673 4180 1762 4228 Sie
1788 4186 1866 4243 et,
1887 4179 2134 4228 Suetonio
2155 4176 2440 4239 referente,
2461 4177 2580 4227 Tib.

1510 4268 1559 4305 c.
1583 4258 1664 4305 26.
1685 4255 1769 4306 hic
1792 4257 1967 4307 Caesar
1987 4256 2002 4284 ‘
2019 4256 2246 4309 natalem
2271 4269 2435 4316 suum,
2471 4256 2580 4322 ple·
