3060 4902
504 310 678 378 1070

504 471 629 522 bat!
695 469 767 520 At
786 470 802 499 ‘
819 468 1032 520 fulmine
1047 468 1246 526 afflati,'
1271 477 1573 533 exponente

503 549 873 605 Freinshemio,
912 550 964 597 in
1004 549 1187 598 Indice
1231 549 1298 598 ad
1347 552 1574 607 Florum,

505 626 765 679 dicuntur,
789 624 877 687 qni
914 638 1017 673 non
1054 638 1265 687 prorsus
1295 623 1573 681 feriuntur,

504 701 595 749 sed
633 700 746 762 ejus
784 699 992 750 fervore
1029 708 1083 748 et
1121 700 1278 748 halitu
1326 702 1573 763 perstrin-

503 784 710 840 guntur.
795 776 931 824 Vide
989 777 1062 825 ibi
1120 779 1362 839 exempla
1410 779 1574 840 plura.

503 854 659 903 Addo
694 868 793 916 ego
832 855 929 904 hoc
965 869 1032 904 ex
1071 854 1270 903 Heinsii
1306 854 1388 919 (at
1425 855 1582 918 eujus

503 930 658 994 viril)
692 929 1037 995 Panegyrico,
1058 932 1109 978 in
1136 939 1334 995 gratam
1355 930 1572 981 duorum

500 1024 702 1072 regum,
720 1010 940 1058 maxime
961 1010 1230 1058 assertoris
1255 1011 1414 1058 nostri
1433 1025 1572 1059 com·

500 1086 688 1148 munis,
711 1085 1007 1134 memoriam
1037 1100 1098 1134 ac
1133 1085 1356 1140 laudem,
1378 1101 1480 1150 quo
1502 1086 1571 1135 de

503 1161 609 1210 ibi:
657 1161 1055 1221 ‘Fredericnm,
1101 1162 1443 1209 Bohemorum
1491 1175 1571 1210 re·

500 1252 636 1300 gem,
684 1244 761 1285 tot
806 1250 966 1285 annos
1011 1238 1240 1297 exulem,
1284 1243 1570 1295 extorrem,

502 1312 798 1375 profugum,
822 1313 887 1361 ad
912 1327 1028 1362 suos
1050 1313 1127 1362 ire
1161 1315 1452 1363 revocasti:
1492 1321 1571 1364 tot

500 1388 823 1451 principibus
858 1403 924 1437 ex
958 1402 1021 1438 eo
1054 1390 1266 1452 genitis,
1286 1405 1412 1454 quos
1446 1399 1571 1439 ante

499 1464 623 1514 vitae
655 1478 800 1513 usum
837 1465 991 1515 sortis
1025 1466 1358 1515 inclementia
1392 1482 1455 1516 ae
1491 1477 1567 1516 to·

497 1540 639 1590 nitru
677 1538 899 1604 afflarat,
933 1556 1097 1605 spem,
1120 1541 1466 1605 splendorem,
1491 1543 1568 1592 ln·

496 1631 612 1667 cem
637 1617 928 1680 peperisti.’
959 1618 1112 1666 Beru.

562 1693 765 1756 Iisdem]
789 1692 1075 1742 Confirmat
1093 1693 1190 1742 hoc
1211 1693 1378 1756 ipsum
1396 1693 1568 1756 Epist.

496 1783 550 1818 v.
592 1774 671 1819 1⁵.
704 1771 969 1820 ‘Cornuto
1005 1770 1130 1833 qnid
1169 1770 1393 1819 melius?
1442 1772 1567 1833 quid

496 1847 727 1895 sanctius
748 1846 767 1892 Ρ
801 1845 925 1910 qnid
949 1847 998 1893 in
1017 1846 1153 1894 omni
1177 1860 1372 1908 genere
1395 1847 1567 1897 laudis

496 1921 559 1970 ad
586 1923 850 1982 exemplar
874 1920 1199 1983 antiquitatis
1235 1922 1566 1983 expressius?

494 2027 510 2045 .
543 2032 557 2047 .
591 2028 607 2044 .
643 1997 759 2044 Una
800 1996 1078 2057 diligimus,
1121 2010 1223 2044 nna
1264 1996 1564 2060 dileximus,

496 2088 673 2124 omnes
696 2072 808 2122 fere
832 2087 961 2136 qnos
986 2079 1114 2121 oetas
1143 2079 1318 2122 nostra
1340 2077 1394 2123 in
1417 2085 1560 2125 ntro·

495 2164 597 2214 qne
633 2164 758 2198 sexu
797 2148 1114 2198 aemnlandos
1152 2141 1307 2211 tulit‘3
1342 2166 1456 2215 qnae
1482 2167 1563 2201 so·

495 2228 656 2275 eietas
685 2225 1025 2275 amicitiarum
1061 2225 1350 2276 arctissima
1372 2241 1463 2277 nos
1486 2225 1564 2278 fa·

497 2300 793 2350 miliaritate
816 2300 1121 2364 conjunxit?
1150 2301 1369 2349 Patarol.

561 2378 765 2426 Eosdem
784 2378 1005 2441 omissos]
1033 2378 1293 2440 Lipsianae
1310 2377 1564 2427 editiones

492 2454 688 2503 habent
723 2457 905 2503 eosdem
939 2456 1148 2513 amicos,-
1182 2456 1360 2506 neseio
1394 2471 1459 2505 an
1495 2471 1563 2506 ex

493 2545 670 2579 errore
716 2531 1181 2593 typographorum.
1257 2532 1319 2580 In
1370 2533 1561 2582 ceteris

492 2606 727 2655 omnibus
772 2606 932 2667 libris,
975 2621 1127 2655 manu
1180 2607 1425 2672 typisque
1469 2621 1561 2656 ex-

491 2681 723 2746 scriptis,
756 2683 992 2731 occurrit
1026 2684 1242 2744 vulgata
1275 2684 1469 2745 lectio;
1503 2691 1560 2733 et

491 2760 604 2823 ipse
636 2759 839 2820 Lipsius
875 2760 926 2807 in
961 2761 1336 2809 commentario
1368 2775 1460 2809 sno
1481 2762 1558 2810 ni·

488 2833 558 2881 hil
583 2833 650 2881 de
669 2832 770 2880 hac
795 2833 1052 2883 varietate
1069 2835 1287 2884 monuit.
1311 2836 1558 2885 Schwart-

554 2908 695 2959 Sicut
714 2924 839 2958 nunc
859 2908 990 2971 spes]
1027 2909 1089 2958 In
1124 2909 1392 2960 codicibus
1426 2912 1559 2961 Μαι.

486 2987 743 3036 Vaticano
788 2992 937 3037 ³461.
978 2986 1277 3051 Parisiensi,
1334 2996 1556 3054 utroque

488 3063 712 3127 Veneto,
782 3063 1092 3126 Guelphico,
1158 3064 1557 3126 salisburgensi,

488 3155 623 3197 meo,
649 3148 706 3190 et
730 3142 782 3189 in
808 3142 1080 3203 Patavino,
1101 3148 1258 3204 atque
1283 3140 1332 3188 in
1358 3140 1556 3189 Haeki·

490 3231 587 3266 ana
627 3217 878 3281 editione,
918 3219 1069 3266 deest
1109 3217 1364 3281 particula
1398 3231 1556 3275 nunc,-

487 3307 638 3357 qnam
666 3302 838 3343 tamen
873 3295 986 3344 loco
1021 3308 1114 3343 suo
1145 3308 1354 3344 movere
1377 3294 1554 3345 nolim.

487 3367 638 3417 Idem.

552 3443 664 3492 Etsi
695 3443 876 3506 minus]
925 3444 1102 3507 Lipsio
1135 3443 1247 3492 haee
1287 3443 1394 3492 visa
1431 3449 1554 3494 sunt

484 3519 539 3568 in
565 3520 689 3569 sitio
711 3535 844 3583 esse,
870 3536 1008 3582 oegre
1043 3521 1153 3570 sine
1188 3519 1331 3569 libris
1366 3522 1551 3571 tollen·

487 3597 574 3646 do.
640 3597 788 3645 Idem
847 3597 986 3646 nisus
1032 3603 1116 3645 est
1157 3594 1424 3646 defectum
1476 3598 1553 3648 sie

484 3675 748 3737 supplere,
781 3679 838 3722 ut
872 3687 975 3729 nos,
1006 3673 1099 3721 etsi
1127 3674 1284 3721 minas
1312 3679 1465 3731 notos,
1496 3680 1553 3724 stt

484 3749 625 3798 bonos
659 3756 816 3800 tomen
854 3763 1127 3812 promovere
1167 3751 1327 3799 vellet.
1394 3750 1549 3802 Quod

481 3828 901 3889 supplementum
937 3825 989 3874 in
1033 3832 1336 3875 contextum
1378 3828 1552 3878 Pano-

480 3903 646 3966 gyrici
683 3902 939 3951 admisere
970 3902 1350 3966 Berneggerns,
1373 3904 1551 3954 Haelt·

482 3978 580 4040 ins,
628 3979 910 4027 Gesnerus.
992 3977 1066 4028 At
1118 3994 1295 4029 omnes
1338 3981 1548 4031 codices

480 4054 612 4102 Mss.
656 4064 712 4104 et
757 4055 921 4104 ceteri
964 4056 1080 4105 libri
1119 4056 1378 4120 impressi,
1416 4073 1546 4122 quos

481 4130 724 4193 vidimus,
786 4131 1038 4182 exhibent
1104 4134 1378 4183 lectionem
1436 4136 1546 4184 vui·

480 4212 676 4270 gaiam,
721 4221 875 4271 quam
919 4218 974 4258 et
1018 4222 1110 4259 nos
1152 4210 1545 4275 exprimendum

1197 326 1415 375 1101·AE
1464 325 1874 377 vammum
1928 325 2011 377 nt

1649 469 1939 521 curavimus
1964 485 1982 530 ς
2029 468 2126 519 nisi
2164 467 2304 535 qnod
2346 469 2404 519 in
2444 469 2728 523 codicibus

1649 549 1776 599 Μαι.
1797 549 2036 598 Vatican.
2059 551 2208 596 3⁴61.
2233 547 2535 604 parisiensi,
2573 559 2728 599 ntro·

1649 639 1749 686 qne
1807 625 2033 680 Veneto,
2091 623 2497 688 salisburgensi,
2553 626 2724 676 Guel-

1650 701 1995 764 pberbytano,
2015 706 2070 749 et
2094 715 2229 761 meo,
2253 703 2483 766 itemque
2510 703 2565 752 in
2590 718 2722 766 pun·

1648 778 1724 825 cis
1759 777 2094 834 editionibus,
2142 780 2397 841 particula
2438 786 2602 830 eme»
2648 783 2723 832 sit

1648 855 2018 916 praetermissa.
2085 855 2250 919 Lipsii
2273 855 2573 906 emendatio
2607 856 2727 907 fun·

1647 929 1725 979 dit
1747 930 2061 979 sententiam
2083 931 2212 980 satis
2237 932 2594 993 perspicuum
2632 933 2722 983 eui

1646 1014 1699 1054 et
1724 1005 2229 1055 verisimilitudinem
2251 1007 2510 1072 quendam
2534 1010 2718 1058 conei-

1649 1081 1782 1130 liare
1807 1082 2058 1133 videnutr
2069 1085 2343 1147 sequentia
2362 1083 2544 1148 verbs,
2558 1086 2574 1112 ⁴
2587 1098 2719 1149 quo·

1646 1172 1756 1206 rum
1771 1161 2098 1224 pra-eipnnm
2112 1168 2288 1210 votnm
2303 1167 2428 1209 ante
2441 1160 2640 1222 fuerat,
2657 1170 2722 1212 nt

1644 1235 1904 1283 memoriae
1930 1236 2182 1299 principis
2206 1235 2561 1286 elaberenter.
2601 1236 2720 1287 Ne·

1643 1325 1744 1374 que
1767 1325 1857 1360 eos
1880 1312 2337 1375 reprehendendos
2362 1322 2511 1376 poto,
2535 1315 2624 1378 qni
2660 1315 2716 1364 in

1643 1386 1745 1436 ista
1768 1386 2109 1451 ambignitate
2136 1389 2364 1452 Dipsium
2397 1391 2607 1439 interim
2632 1404 2718 1441 se-

1641 1471 1888 1527 quantur.
1954 1465 2169 1515 Certum
2196 1473 2372 1514 tamen
2387 1473 2487 1528 est,
2506 1467 2639 1517 bane
2661 1481 2720 1518 e-

1643 1539 2030 1589 mendationem
2054 1542 2349 1604 Lipsianam
2370 1542 2600 1592 omnium
2625 1555 2720 1592 au-

1601 1675 1606 1684 ·
1645 1615 1906 1677 tiqnornm
1946 1615 2194 1665 librorum
2238 1631 2493 1666 consensu
2541 1617 2716 1669 adhue

1645 1691 1882 1742 destitui.
1913 1693 2224 1742 Arntzenins
2239 1694 2358 1743 ideo
2369 1708 2470 1744 uon
2484 1694 2716 1745 subseri·

1641 1767 1864 1817 bendum
1879 1781 1994 1818 esse
2012 1770 2403 1832 Lipsioceuset;
2419 1772 2560 1833 quin,
2572 1772 2714 1836 siip-

1641 1858 1698 1893 se
1725 1845 1926 1894 Plinius
1948 1860 2029 1906 se,
2050 1851 2106 1894 et
2119 1847 2372 1909 collegam
2390 1861 2558 1903 num,
2581 1848 2714 1898 Cos·-

1638 1926 1840 1983 nutum,
1862 1930 2095 1971 vocasset
2122 1923 2288 1971 ‘siros
2318 1922 2520 1984 bonos,'
2556 1938 2712 1976 nemo

1639 2010 1742 2046 non
1767 1999 1919 2046 talem
1936 1998 2251 2061 jactantiam
2275 1998 2328 2046 in
2355 1997 2534 2048 Plinio
2555 1999 2715 2049 mira·

1641 2081 1806 2122 retur.
1884 2073 1988 2122 Sed
2039 2087 2139 2138 ego
2184 2075 2486 2137 neutiqua·
2530 2076 2714 2132 miror,

1640 2163 1809 2214 neque
1835 2165 1930 2214 pro
1943 2151 2199 2214 jactantia
2218 2150 2417 2211 nubem
2440 2165 2558 2202 enm
2577 2154 2713 2217 ipoe,

1640 2239 1718 2274 tv·
1744 2229 1826 2276 1⁵.
1859 2225 2074 2289 dixerit,
2102 2232 2118 2256 ⁶
2144 2228 2253 2278 Cur
2294 2228 2435 2278 enim
2479 2242 2584 2278 non
2625 2243 2713 2280 ne

1639 2317 1845 2366 quoque
1870 2304 2008 2353 inter
2033 2305 2193 2353 bonos
2228 2318 2498 2353 numerem
2512 2303 2554 2354 ?’
2619 2305 2714 2355 ln-

1640 2379 1792 2428 terim
1815 2381 1893 2428 vir
1917 2382 2132 2432 doctiss.
2158 2381 2234 2430 sie
2260 2382 2590 2445 intes-pnngit
2618 2396 2713 2432 ex·

1639 2456 1905 2521 plicatqne
1942 2459 2204 2520 vulgatam
2242 2458 2542 2520 lectionem,
2575 2457 2710 2508 ‘Ha-

1637 2530 1805 2580 beerat
1843 2533 1967 2581 hune
2010 2532 2232 2581 honoreus
2263 2533 2490 2595 pericu&
2524 2536 2716 2582 narb

1637 2606 1799 2656 Divus
1824 2609 2010 2662 Nerea,
2031 2614 2087 2660 ut
2112 2622 2216 2665 uss,
2242 2608 2336 2657 etsi
2369 2608 2531 2657 uui-u
2548 2615 2606 2658 ut
2627 2610 2712 2659 b·

1634 2695 1740 2742 nos,
1760 2697 2028 2744 promouere
2050 2683 2209 2730 vellet.
2274 2683 2468 2732 Sensus
2502 2691 2607 2746 est,
2630 2686 2712 2734 in·

1635 2760 1784 2822 quit:
1818 2759 1873 2807 Si
1899 2773 1998 2808 aon
2034 2759 2289 2808 extulerit
2321 2772 2414 2808 nos
2445 2758 2514 2808 ad
2536 2760 2708 2823 digni-

1635 2842 1793 2898 tates,
1837 2836 1955 2886 ideo
2000 2836 2136 2902 quod
2181 2837 2301 2887 boni
2338 2852 2607 2900 essentum
2637 2839 2698 2889 id

1635 2910 1764 2962 fecit
1790 2922 1982 2975 tamen,
2003 2921 2061 2963 nt
2080 2914 2325 2964 bonorem
2350 2915 2570 2965 baberet
2590 2926 2708 2966 nos-

1637 2990 1729 3038 tris
1776 2991 2057 3054 perieulis3
2091 2992 2210 3041 ideo
2247 2991 2468 3054 scilieet,
2504 2998 2564 3042 nt
2607 2994 2712 3042 sub

1636 3064 1769 3115 bono
1794 3067 2029 3129 principe
2068 3065 2323 3117 felicitate
2353 3068 2516 3117 seculi
2562 3066 2705 3119 stne·

1635 3156 1828 3203 remur,
1850 3144 1939 3207 qui
1967 3143 2062 3193 snb
2087 3145 2223 3193 malo
2255 3145 2444 3193 damna
2476 3147 2586 3208 pati
2610 3144 2707 3196 de·

1633 3218 1929 3270 bueramns.
1995 3221 2138 3271 Nihil
2174 3223 2398 3286 planias,
2435 3223 2563 3272 nihil
2608 3224 2708 3272 ltu-

1631 3296 1882 3345 rnanitate
1921 3296 2159 3347 Pliniana
2190 3298 2434 3361 dignius3
2475 3307 2532 3348 et
2565 3298 2704 3348 bane

1629 3372 2006 3435 expositionem
2040 3375 2317 3438 sequentia
2360 3374 2714 3425 confirmant?

1629 3450 1764 3501 Haee
1786 3451 2124 3502 Arntzenins.
2197 3454 2320 3503 Nou
2338 3460 2526 3517 repeto
2542 3468 2707 3520 nune,

1627 3543 1746 3592 qnae
1770 3537 1954 3579 eontra
1984 3531 2117 3581 hane
2152 3531 2448 3587 lectionem,
2482 3531 2706 3597 ejusque

1627 3604 2136 3668 interpretationem,
2158 3605 2337 3655 attulit
2360 3606 2631 3657 Gesnerns
2650 3607 2706 3657 iss

1627 3681 1868 3744 Epistola
1892 3681 1957 3730 de
1981 3695 2073 3730 sua
2108 3681 2265 3730 Plinii
2287 3682 2523 3733 Junioris
2545 3683 2700 3732 editi·

1628 3772 1745 3806 one.
1814 3757 1888 3807 At
1917 3758 2135 3822 primum
2159 3756 2365 3820 dubito,
2399 3772 2464 3806 an
2489 3769 2701 3809 senten·

1629 3834 1705 3884 tia
1727 3834 1849 3895 ista,
1876 3849 2031 3898 quam
2067 3835 2328 3898 expressit
2355 3834 2701 3901 Arntaenius,

1597 3972 1600 3977 .
1625 3908 1752 3959 fluat
1766 3923 1832 3959 ex
1852 3911 2025 3959 verbis
2039 3910 2308 3966 Plinianis,
2325 3919 2480 3974 prout
2496 3912 2700 3976 jacent.

1627 3985 1835 4034 Deinde
1859 3985 2038 4043 eredo,
2063 3987 2289 4036 Plinltsm
2315 4001 2497 4050 parum
2526 3989 2694 4039 landis

1626 4061 2010 4125 adscripturum
2048 4061 2211 4112 fnisse
2249 4063 2468 4128 Nersae,
2499 4066 2540 4114 si
2575 4066 2694 4129 qui-

1624 4137 1742 4185 dem
1768 4137 1983 4199 dixerit,
2014 4152 2070 4188 se
2105 4146 2163 4189 et
2195 4139 2484 4189 Cornutum
2525 4141 2694 4191 miuus

1624 4219 1683 4263 ut
1720 4211 1880 4263 bonos
1908 4213 2041 4265 viros
2065 4227 2097 4264 a
2121 4214 2301 4265 Nerva
2329 4228 2445 4266 esse
2481 4229 2695 4279 promo·
