3060 4902
750 408 823 457 c.
880 407 1123 458 remu
1170 408 1502 462 saeuum
1561 415 1835 467 pauno.
1914 405 2103 469 1.16.

339 548 663 616 Sinum]
718 552 1077 604 Romanorum
1134 556 1390 607 vincenti-

283 640 368 675 um
388 642 407 686 ς
427 627 755 678 cadentium
773 644 1133 695 casurumque
1146 630 1392 692 itostium3

287 701 639 766 fngientium,
712 706 1119 770 insequentium,
1188 708 1386 758 urbium

292 787 751 842 oppugnatarum,
808 781 1160 843 defensarum‚
1204 792 1388 847 capta·

300 870 437 912 rum,
459 864 728 918 natarum,
746 859 1060 910 excisarum.
1129 859 1387 911 Videatur

306 929 539 993 Appiau.
562 932 660 982 lib.
684 946 754 981 ιι.
777 934 936 984 Rern.

370 1007 469 1057 Sed
514 1004 888 1075 Imperatorem]
946 1010 1045 1060 Sed
1086 1011 1384 1075 Imperatore

309 1084 480 1134 ljvin.
550 1086 741 1136 Malim
767 1087 1128 1150 Imperatorem,
1164 1096 1219 1137 et
1242 1103 1384 1150 mox,

304 1167 649 1225 reportantem,
691 1164 1142 1223 distinctiunculis‘
1168 1168 1381 1216 mutatis

309 1240 518 1295 leviter.
537 1243 678 1306 ἅμα.

373 1317 724 1380 Imperatorem
742 1352 759 1368 .
773 1351 789 1367 .
806 1352 822 1368 .
840 1320 1182 1383 reportantem]
1228 1320 1382 1375 Hanc

307 1392 610 1457 lectionem,
631 1409 749 1457 qum
758 1395 869 1459 jam
896 1397 1071 1457 Lipsio
1093 1406 1307 1447 venerat
1329 1399 1379 1447 in

305 1478 563 1532 mentem,
605 1470 915 1520 confirmant
952 1486 1137 1522 novem
1173 1473 1379 1523 codices

308 1545 441 1594 Mss-
465 1547 593 1596 item
614 1547 747 1596 liber
769 1547 1072 1611 Vossianus,
1086 1557 1141 1598 et
1159 1557 1380 1616 uterque

308 1621 618 1684 Gaeianou
656 1622 980 1688 eandemque
1011 1624 1124 1688 jam
1164 1627 1379 1677 edidere

305 1700 678 1763 enipi-ianm,
712 1701 1096 1765 nemean-us,
1120 1709 1175 1751 et
1198 1703 1377 1753 Hack-

303 1776 405 1826 ius.
441 1777 523 1825 Ex
548 1778 938 1841 conjecturaitu
962 1780 1233 1843 legendum
1258 1795 1377 1830 ceu·

305 1853 410 1903 snit
454 1853 708 1904 Belin-ius:
753 1855 1097 1919 Imperatorem
1128 1871 1289 1907 nerant
1322 1873 1381 1908 ao

302 1930 508 1979 alidan
548 1930 759 1993 gloriam
797 1937 1137 1995 repon-tantan,
1163 1934 1252 1983 ltoc
1285 1939 1378 1996 est,

299 2012 628 2070 reportantem
651 2022 836 2070 neem,
860 2010 1377 2076 tranquillitatem&-

304 2081 415 2134 Atii
446 2086 607 2147 vulgo
637 2084 848 2140 liabent,
881 2085 1173 2149 Imperatore
1218 2103 1380 2139 ueram

301 2176 360 2210 ae
401 2162 605 2215 solidant
640 2160 848 2224 gloriam
884 2167 1172 2227 reportante.
1240 2167 1376 2218 Qum

305 2237 531 2301 vulgaris
556 2238 715 2287 lertio
746 2238 790 2287 si
821 2240 908 2288 cui
942 2240 1104 2302 magia
1128 2241 1375 2307 arrideat,

302 2313 475 2362 minus
500 2312 822 2363 reluctabar.
855 2315 1100 2365 Scitum.

371 2389 719 2454 Κιρκαίου
744 2404 924 2454 paeen,
949 2390 1374 2457 tranquillitatem]

305 2467 602 2530 Reperuate
618 2469 1035 2530 tranquillitatem.
1091 2469 1195 2518 Sed
1212 2485 1373 2534 repor-

300 2549 437 2592 tante
455 2557 642 2606 pacem,
662 2543 1061 2606 tranquillitatem
1082 2543 1141 2595 C.
1181 2537 1343 2596 Livia.

368 2619 565 2675 Pacem,
586 2619 1013 2685 tranquillitatem]
1048 2613 1371 2673 Vocabulum

294 2710 478 2759 paoem,
498 2712 565 2745 ex
584 2696 812 2745 editione
829 2695 1217 2749 vindobonensi
1243 2701 1372 2750 Cus-

299 2772 518 2834 piniani‚
538 2770 949 2822 Francofurtana
965 2773 1199 2835 Crateri,
1217 2776 1371 2827 Plan-

300 2849 502 2898 tiniana
534 2847 723 2911 Lipsii‚
760 2848 1092 2898 Sainturieusi
1133 2852 1369 2915 Tanaqu.

298 2924 475 2982 Fabri,
507 2924 945 2988 Argentorateusi
977 2933 1032 2976 et
1055 2927 1367 2991 Lugdunen-

299 3004 341 3052 si
385 3003 732 3066 Berneggeri,
775 3003 1108 3064 admisimus,
1150 3019 1215 3054 ex
1247 3006 1367 3056 aliis

298 3094 422 3130 vero
457 3080 603 3130 libris
636 3080 900 3141 impressis
924 3089 979 3129 et
1003 3081 1209 3144 scriptis
1230 3083 1366 3132 idem

298 3157 411 3208 fere
448 3159 649 3209 exulat.
719 3160 840 3209 Non
879 3166 1047 3209 tamen
1077 3166 1160 3210 est
1187 3173 1364 3224 super-

300 3232 459 3284 fluum
481 3251 497 3295 ς
533 3248 651 3284 eum
684 3242 738 3284 et
764 3234 830 3282 ad
855 3248 1124 3284 numerum
1147 3237 1367 3286 oratori-

298 3326 384 3360 um
406 3311 725 3372 explendum
748 3309 940 3372 facian
974 3326 1067 3361 nec
1090 3326 1222 3368 raro.
1246 3327 1364 3364 cum

297 3387 551 3437 vocabulo
572 3387 964 3451 tranquillitatis,
981 3388 1033 3437 in
1058 3403 1160 3438 uno
1183 3392 1365 3440 verbo·

294 3477 410 3512 rnin
433 3464 632 3513 ambitu
658 3464 1013 3528 conjunctum,
1044 3465 1202 3515 etiam
1225 3468 1363 3531 opud

294 3539 424 3589 alios
485 3537 733 3602 probatos
778 3540 1062 3602 scriptores
1103 3551 1365 3595 occurrat.

297 3614 383 3664 Ita
407 3615 643 3679 loquitur
663 3614 774 3664 Cic.
797 3615 863 3664 ad
887 3616 955 3666 Q.
979 3617 1041 3666 F.
1066 3631 1107 3666 ι.
1130 3621 1175 3666 1.
1210 3621 1226 3649 ⁸
1246 3619 1364 3669 Tibi

294 3694 418 3742 data
453 3698 538 3741 est
581 3705 782 3742 summa
821 3707 942 3755 pax.
979 3709 1180 3744 sununs
1222 3704 1363 3746 tran-

291 3766 565 3833 quillitas-⁹
601 3769 669 3818 Et
695 3768 747 3818 in
773 3768 928 3820 Orat.
951 3777 1134 3822 contra
1159 3773 1305 3823 Rull.
1323 3788 1363 3826 ι.

288 3849 338 3895 8.
361 3845 515 3895 simul
541 3844 675 3894 dicit
709 3844 727 3872 ⁶
743 3859 990 3896 summam
1015 3850 1360 3914 tranquillita-

292 3930 397 3972 tem
433 3921 578 3984 pacis
608 3928 771 3984 atque
797 3921 929 3972 otii.’
959 3923 1096 3974 Item
1129 3925 1245 3976 Liv.
1273 3926 1361 3977 lib.

287 4013 492 4051 xxxiv.
515 4004 567 4050 7.
608 4002 625 4030 ⁸
646 3999 730 4050 Ad
755 4002 1001 4065 conjuges
1019 4010 1219 4055 tantum
1243 4020 1360 4056 nos·

287 4085 394 4127 tras
429 4079 572 4143 pacis
607 4087 666 4128 et
703 4079 1091 4144 tranquillitatis
1129 4082 1356 4146 publica

284 4155 484 4209 fructus
509 4171 612 4206 uon
638 4157 917 4222 perveniet
934 4157 970 4206 t·
1000 4159 1240 4212 Selium.

350 4234 466 4284 Tan
507 4232 755 4298 maressa]
805 4233 913 4282 Pro
957 4237 1206 4296 particula
1238 4243 1357 4302 tam,

282 4315 433 4367 tmen
455 4313 656 4364 babent
679 4323 711 4361 e
739 4307 1013 4361 codicibus
1041 4311 1173 4364 Mas.
1207 4314 1354 4365 Vati-

2400 410 2532 475 501

1468 572 1629 608 canus
1654 560 1716 610 R.
1742 560 1808 611 Α.
1836 566 1979 612 1476.
2025 563 2353 623 Parmensis,
2371 566 2535 619 Guel-

1463 635 1832 700 plterbytanus,
1869 647 1924 688 et
1961 638 2093 689 liber
2123 641 2440 694 Vossianus:
2478 647 2531 695 iu

1461 711 1607 760 libris
1631 714 1853 777 excusis,
1882 715 2188 775 Beroaldus,
2207 717 2533 775 Aldus-,Jun-

1463 794 1536 843 ta‚
1581 787 1933 852 Philomusus,
1975 793 2283 852 Cratander,
2330 795 2533 848 Rhena-

1458 878 1573 928 nus,
1607 866 1892 932 Gryphius,
1931 869 2228 927 Ascensum,
2265 872 2331 921 R.
2366 880 2421 922 et
2456 874 2528 924 H.

1457 940 1734 1004 Stephani,
1752 944 2032 1008 Livineius,
2045 947 2397 1011 Boxhoruius,
2413 950 2533 999 Cel·

1460 1016 1632 1065 larius.
1658 1018 1978 1070 Particulum
2004 1027 2190 1077 tantum
2209 1025 2422 1074 exhibet
2444 1039 2533 1074 co-

1457 1092 1561 1141 dex
1589 1095 1824 1145 Venetus
1843 1113 1861 1159 ς
1881 1100 2070 1148 tandem
2092 1100 2260 1148 Paulli
2275 1101 2532 1164 Stephani

1457 1170 1634 1219 editio.
1691 1173 1824 1225 Quae
1872 1189 1995 1225 vero
2043 1185 2205 1227 ternae
2252 1180 2530 1242 particulo

1455 1246 1623 1295 minus
1666 1248 1993 1301 satisfaciunt
2025 1266 2215 1301 nexum
2252 1255 2529 1306 verborum

1456 1325 1775 1387 respicienti.
1826 1327 2045 1379 Nescius
2080 1330 2233 1391 enim,
2267 1333 2407 1382 unde
2442 1333 2536 1384 de-

1452 1398 1684 1461 pendeat
1718 1404 1979 1465 particula
2014 1406 2261 1456 caussalis
2296 1413 2384 1464 ut.
2407 1424 2527 1459 cum

1455 1476 1615 1525 verbo
1643 1478 1783 1527 modi
1817 1481 2167 1543 conjunctivi3
2206 1499 2322 1532 cum
2357 1487 2530 1548 potiu's

1453 1560 1792 1616 expectasaes
1813 1555 2123 1606 infinitivum
2149 1574 2264 1608 cum
2290 1575 2413 1609 casu
2438 1577 2530 1612 aa·

1453 1631 1688 1681 cusandi.
1757 1631 1931 1695 lgitur
1986 1636 2165 1700 recepi
2221 1637 2529 1699 particulam

1452 1712 1572 1767 tam,
1596 1723 1748 1771 quum
1774 1711 1968 1759 rectius
1990 1712 2227 1775 sequitur
2256 1714 2341 1762 illa
2366 1716 2531 1778 parti·

1452 1783 1568 1831 cula
1589 1788 1640 1832 ul
1660 1798 1680 1840 ,-
1719 1785 1751 1833 i.
1782 1799 1831 1833 e.
1851 1789 1949 1834 tam
1968 1787 2176 1846 consessa
2195 1796 2243 1838 et
2269 1790 2527 1850 manifesta

1451 1861 1661 1911 hostium
1702 1862 1945 1927 obsequia,
1987 1870 2042 1914 tut
2085 1879 2180 1914 non
2221 1882 2341 1929 optio
2366 1869 2531 1928 suerit

1451 1937 1684 1987 debellare
1703 1944 1752 1987 et
1782 1940 1970 1989 vincere
1990 1955 2266 2004 quemquam
2292 1945 2535 2007 mulum.

1452 2011 1574 2062 Hoc
1607 2020 1782 2063 autem
1817 2015 1985 2079 ipsum
2022 2016 2325 2068 adverbium
2355 2020 2527 2071 inteu-

1451 2088 1633 2152 dendi,
1667 2094 1785 2151 tam,
1816 2092 1924 2154 jam
1950 2092 2227 2155 prodidere
2251 2096 2525 2159 Cuspiniu·

1454 2177 1566 2226 nus,
1601 2166 1828 2229 Lipsius,
1860 2167 2064 2232 Tounq.
2102 2169 2290 2225 Faber,
2327 2170 2527 2222 Grute-

1450 2254 1556 2297 rus,
1580 2241 1965 2306 Berneggerus‚
1983 2245 2127 2293 Dela
2145 2246 2344 2310 Baune‚
2361 2248 2522 2298 Cera.

1450 2315 1604 2365 Idem
1629 2323 1797 2366 ratum
1835 2333 1950 2368 esse
1985 2321 2164 2371 volunt
2191 2331 2414 2384 quatuor
2436 2340 2523 2375 co-

1450 2391 1596 2441 dices
1621 2393 1882 2456 Vaticani,
1906 2402 2105 2457 noster,
2138 2404 2194 2444 et
2228 2397 2364 2445 alter
2388 2398 2522 2449 liber

1451 2469 1744 2520 Gudianus.
1794 2472 1991 2521 Plinius
2015 2480 2190 2521 nutem
2212 2475 2423 2535 consessa
2438 2478 2519 2525 ob·

1447 2546 1610 2609 aeqaia
1634 2548 1901 2605 παθητικῶς
1930 2546 2085 2610 dixit,
2107 2551 2252 2610 quasi
2277 2550 2518 2602 manifes-

1449 2627 1503 2670 ta
1523 2631 1576 2672 et
1599 2631 1746 2672 certa
1768 2623 2037 2688 obsequia.
2068 2639 2186 2688 quae
2212 2626 2312 2689 ipsi
2343 2628 2521 2679 liostes

1451 2698 1660 2762 publice
1695 2697 2037 2762 confitentur,
2058 2711 2219 2766 atque
2245 2711 2524 2754 testantur.

1448 2776 1569 2828 Hoc
1606 2778 1742 2828 enim
1779 2779 2109 2842 participium
2151 2793 2524 2835 annumeratur

1447 2852 1533 2915 iis,
1555 2869 1668 2919 qum
1693 2864 1750 2904 et
1772 2855 1944 2904 active
1969 2863 2024 2905 et
2045 2857 2246 2919 passive
2264 2873 2514 2924 usurpau-

1448 2940 1551 2980 tur.
1618 2933 1706 2982 Sic
1730 2941 1781 2981 et
1809 2934 1926 2984 Cic.
1956 2934 2158 2982 locutus
2183 2941 2264 2984 est
2287 2937 2338 2985 in
2365 2933 2520 2988 Verr.

1447 3021 1535 3056 ιιι.
1558 3013 1640 3057 56.
1675 3010 1691 3036 ‘
1709 3009 1784 3058 Ut
1817 3022 1995 3058 omues
2020 3008 2337 3072 intelligant,
2359 3027 2517 3076 quam

1445 3083 1755 3147 improbam,
1791 3099 1938 3148 quam
1976 3086 2323 3151 manifestam,
2363 3105 2515 3153 quant

1444 3159 1736 3211 confessam
1760 3176 1887 3222 rem,
1904 3165 2125 3225 pecunia
2150 3164 2404 3216 redimere
2427 3181 2517 3218 co·

1444 3240 1670 3289 nentur.’
1737 3240 1872 3290 Item
1899 3241 2101 3291 Plinius
2127 3244 2322 3307 Major,
2345 3259 2406 3295 ιι.
2436 3251 2512 3297 12.

1442 3315 1635 3365 ‘Nunc
1678 3315 1910 3366 confessa
1954 3318 2019 3367 de
2057 3319 2237 3369 iisdem
2279 3321 2514 3372 breviter

1443 3399 1603 3455 utque
1637 3393 1963 3456 capitulatim
2003 3396 2295 3460 attingam.'
2360 3401 2511 3451 Solet

1442 3470 1598 3519 etiam
1620 3470 2022 3532 antoninianus,
2040 3475 2513 3536 preceptor'Plinii

1439 3545 1692 3609 Juuioris,
1732 3546 1949 3596 eandem
1987 3548 2252 3599 notionem
2297 3553 2513 3613 partici-

1441 3621 1527 3685 pio
1551 3624 1566 3650 ‘
1586 3620 1854 3671 confessus
1872 3620 1886 3644 '
1907 3622 2180 3686 subjicere.
2223 3624 2408 3678 Instit.
2432 3628 2509 3679 0-

1440 3705 1539 3748 rat.
1577 3712 1630 3749 v.
1660 3704 1744 3751 14.
1779 3699 2094 3763 ‘Ceterum,'
2129 3701 2318 3767 inquit,
2357 3712 2372 3734 ⁶
2394 3704 2512 3758 ltaec

1440 3776 1728 3840 propositio
1761 3784 1849 3826 aut
1881 3776 2117 3828 confessa
2146 3789 2247 3844 est,
2271 3788 2363 3831 aut
2386 3797 2512 3846 pro-

1435 3850 1642 3902 banda.’
1708 3852 1778 3902 Et
1811 3851 1998 3903 ibidem
2024 3855 2198 3917 paullo
2220 3864 2358 3919 post,
2398 3865 2414 3887 ⁴
2434 3858 2510 3909 in-

1435 3928 1672 3978 dubitata
1711 3929 1986 3991 colligunt,
2025 3937 2079 3980 et
2120 3931 2349 3995 probant
2382 3948 2509 3986 cou-

1433 4002 1611 4066 fessa.'
1665 4002 1746 4053 Ac
1783 4005 2075 4057 Declamat.
2107 4020 2292 4059 cccxi.
2329 4011 2345 4039 ‘
2366 4012 2508 4062 Con·

1433 4079 1626 4143 sessis,’
1664 4080 1697 4131 i.
1721 4094 1769 4130 e.
1796 4080 2106 4148 manifestis,
2142 4086 2159 4112 ⁸
2181 4088 2503 4149 argumentis

1431 4156 1710 4206 ostendere
1728 4158 1875 4208 volo.'
1909 4157 2175 4216 Ceterum,
2193 4175 2381 4223 magna
2402 4164 2504 4213 uti·

1431 4247 1534 4298 que
1559 4239 1640 4296 est
1675 4234 2006 4298 imperatoris
2043 4236 2224 4300 gloria,
2257 4237 2302 4285 si
2324 4236 2503 4288 hostes

1430 4323 1494 4361 eo
1518 4308 1843 4376 redigantur,
1877 4317 1938 4361 ut
1971 4311 2247 4378 imperium
2271 4312 2385 4378 ejus
2412 4327 2505 4379 ag·
