3060 4902
739 335 802 382 c.
853 332 1094 382 rotun
1142 330 1470 382 sncunm
1522 330 1793 381 nunc.
1869 333 1917 380 1.
1958 319 2066 384 76.

299 475 372 528 bil
394 482 647 527 moretum
683 477 856 527 stetim
892 477 1168 527 introiisse.
1232 477 1357 526 Mox

297 556 437 605 idem
462 554 732 618 Appienus
766 556 960 605 diserte
987 562 1177 611 narret.
1200 552 1359 604 fuisse

298 645 496 681 morem
518 631 903 694 magistratibus
919 633 1112 681 curiam
1138 632 1357 681 intretu-

301 708 398 765 ris,
434 709 576 772 prius
607 705 907 773 οἰωνίζεσθαι,
938 723 1046 758 noes
1081 710 1357 764 consultare,

299 785 416 835 sive
441 786 706 850 auspicum
725 800 885 848 opere
907 786 1002 834 uti.
1036 785 1207 834 Etiam
1232 785 1359 834 Sne·

299 868 414 912 ton.
434 862 566 912 Caes.
603 875 718 925 cup.
747 867 827 911 81.
863 861 1045 925 refert,
1069 861 1360 926 ⁸Caesarem,

301 939 539 1004 pluribus
565 940 746 989 hostiis
767 940 932 1002 caesis,
951 953 1064 988 cum
1089 939 1240 988 litare
1253 953 1359 989 non

301 1017 554 1080 potuerit,
575 1017 832 1066 introiisse
855 1016 1065 1079 curiam,
1081 1022 1256 1080 spreta
1277 1030 1358 1066 re·

300 1094 513 1158 ligione.
577 1094 727 1144 Alius
753 1108 876 1143 vero
899 1094 1269 1158 quodammodo
1291 1094 1358 1143 ri-

302 1177 389 1220 tus
434 1177 569 1231 eret,
611 1185 782 1235 quem,
842 1169 1102 1220 referente
1143 1172 1358 1221 Sueton-

303 1246 444 1310 Ang.
466 1260 584 1309 esp.
616 1250 699 1296 85.
730 1246 958 1296 instituit
987 1246 1275 1310 Augustus,
1299 1252 1360 1296 ut

301 1328 572 1373 senatores
618 1325 778 1388 prius,
819 1339 971 1391 quem
1008 1324 1358 1384 considerent,

303 1407 419 1450 ture
436 1415 497 1450 ec
520 1415 663 1451 mero
679 1403 1036 1465 supplicarent
1054 1402 1191 1465 apud
1216 1416 1356 1451 aram

302 1478 418 1541 ejus
441 1479 562 1540 Dei,
598 1478 649 1527 in
682 1479 831 1542 cujus
873 1480 1067 1542 templo
1094 1479 1259 1529 coiret
1279 1492 1358 1527 se-

300 1562 470 1606 natus.
536 1555 751 1606 Putavit
785 1556 1009 1621 Lipsius,
1048 1556 1098 1605 id
1138 1554 1359 1605 fortasse

302 1631 463 1684 etism
505 1631 618 1682 fieri
664 1635 891 1698 potuisse
935 1634 987 1682 in
1045 1639 1058 1660 ⁸
1085 1639 1359 1694 augurato·

303 1708 427 1771 rio,'
455 1709 594 1773 quod
640 1709 768 1759 Aur.
813 1710 1002 1759 Victor
1039 1709 1268 1772 posuerit
1306 1709 1359 1758 in

304 1786 518 1850 regione
563 1786 759 1849 palatii.
825 1786 924 1835 Sed
971 1787 1214 1835 videntur
1256 1786 1360 1836 Ro-

304 1863 442 1912 mani
516 1863 731 1926 privetis
781 1866 935 1911 etiam
990 1862 1213 1926 auguriis
1268 1862 1360 1912 sli-

305 1937 513 2003 qusndo
537 1938 617 1988 usi
632 1953 762 1988 esse.
830 1938 1028 1989 Narrat
1047 1939 1358 1989 Plutarchus

299 2012 352 2062 in
375 2014 506 2064 Vita
527 2014 720 2064 'riberii
743 2022 798 2064 et
830 2015 941 2064 Caii
966 2016 1211 2078 Gracchi,
1240 2031 1358 2080 pag.

305 2096 422 2142 882.
479 2092 743 2143 Tiberium
765 2094 1078 2150 Gracchum,
1101 2094 1359 2143 tribunum

304 2168 492 2234 plebis,
526 2184 586 2218 es
622 2169 726 2227 die,
750 2185 851 2235 qua
879 2184 1042 2220 caesus
1082 2177 1183 2235 est,
1220 2177 1362 2220 ente·

304 2260 456 2312 quem
500 2246 553 2295 in
598 2247 918 2309 capitolium,
954 2247 1018 2296 ad
1064 2248 1364 2297 concionem

306 2323 485 2387 populi
509 2323 579 2372 ibi
603 2324 908 2384 habendam,
926 2330 980 2372 et
1004 2323 1066 2372 ed
1093 2324 1229 2386 leges
1246 2338 1364 2372 suas

305 2399 567 2457 ferendas,
589 2399 738 2449 domo
769 2399 1038 2463 prodierit,
1068 2399 1278 2448 simulac
1304 2399 1363 2448 il-

305 2477 517 2534 luxerit.
573 2476 866 2525 adhibuisse
923 2477 1189 2539 pullarium
1245 2491 1362 2526 cum

307 2556 505 2618 avibus,
538 2561 593 2602 et
632 2567 799 2602 escam
839 2552 913 2601 eis
947 2552 1224 2615 objecisse,
1263 2555 1363 2602 διο.

308 2632 392 2681 De
426 2629 716 2694 hujusmodi
754 2629 974 2692 pullario
1008 2628 1213 2678 disserit
1249 2631 1362 2679 Cic.

306 2706 371 2757 de
409 2707 583 2757 Divin.
621 2721 687 2756 11.
722 2711 803 2755 34.
847 2708 863 2736 ‘
886 2705 1078 2756 Attulit
1115 2706 1165 2754 in
1201 2720 1363 2756 cavea

306 2784 471 2848 pullos
501 2784 562 2841 is,
606 2784 692 2848 qui
726 2798 792 2833 ex
827 2797 889 2832 eo
926 2784 1035 2847 ipso
1072 2784 1364 2833 nominatur

308 2860 574 2925 pullarius.
639 2861 740 2911 Hae
773 2869 892 2910 sunt
927 2861 1087 2924 igitur
1122 2875 1261 2921 sves,
1288 2859 1362 2908 in·

307 2938 582 2987 temnntiae
632 2937 796 2988 Jovis.
835 2973 849 2987 .
875 2969 890 2985 .
914 2969 927 2984 .
959 2938 1087 2988 Cum
1143 2951 1362 3002 pascun-

306 3020 413 3075 tur,
435 3027 647 3063 neeesse
669 3022 771 3077 est,
796 3013 984 3077 aliquid
1009 3029 1072 3062 ex
1097 3029 1184 3062 ore
1209 3013 1362 3064 cede·

304 3103 384 3151 re,
424 3097 480 3139 et
528 3099 718 3140 terrem
763 3091 973 3152 μανίης
1023 3092 1361 3155 terripavium

303 3167 490 3230 primo,
511 3174 626 3230 post
648 3167 1007 3230 terripudium,
1030 3167 1224 3217 dictum
1250 3174 1361 3228 est;

304 3244 402 3293 boc
443 3244 646 3308 quidem
679 3245 791 3305 jam
834 3245 1114 3308 tripudium
1153 3244 1364 3295 dicitur.

306 3321 434 3370 Cum
457 3321 613 3382 igitur
635 3318 736 3369 offa
770 3322 958 3371 cecidit
993 3336 1058 3370 ex
1094 3336 1183 3372 ore
1220 3322 1363 3385 pulli,

305 3404 418 3447 tum
439 3396 726 3459 auspicanti
756 3397 1036 3460 tripudium
1058 3398 1362 3448 solistimum

303 3472 610 3522 sumtintur.¹
677 3474 863 3522 Festus
899 3472 966 3522 de
996 3474 1213 3523 Verbor.
1251 3475 1362 3538 Sig-

301 3549 444 3598 nific.
477 3548 575 3598 sub
601 3563 723 3598 voce
757 3552 773 3578 ⁸
794 3552 908 3614 puls
934 3550 966 3601 ι’
1007 3553 1237 3601 ‘Bonum
1275 3568 1362 3601 eti·

305 3625 507 3689 gnrium
545 3638 655 3674 esse
693 3628 964 3690 putabunt,
1003 3629 1044 3676 si
1090 3630 1235 3692 pulli,
1271 3645 1365 3693 per

304 3714 430 3766 quos
489 3702 907 3763 auspicabantur,
976 3706 1362 3766 comedissent;

304 3776 677 3839 presertim,si
703 3778 763 3827 iis
787 3779 1061 3829 edentibus
1084 3782 1277 3845 aliquid
1298 3783 1361 3830 sb

305 3867 396 3902 ere
418 3850 731 3903 decidisset.’
797 3855 934 3906 Quin
959 3865 1013 3907 et
1046 3867 1060 3888 ⁶
1083 3859 1362 3921 tripudium

305 3928 645 3992 solistimum‚’
680 3932 963 3994 auspicium
986 3933 1048 3980 ad
1074 3948 1179 3983 rem
1202 3937 1364 3984 susci-

304 4006 545 4069 piendam
564 4009 811 4070 optimum
834 4025 964 4067 esse,
988 4011 1136 4060 docet
1158 4013 1365 4061 Servius

307 4082 370 4133 ad
398 4084 607 4148 Virgilii
640 4087 751 4136 Ecl.
777 4101 907 4138 vm.
931 4092 1009 4140 30.
1078 4092 1264 4155 Neque
1290 4098 1363 4139 ta-

305 4176 423 4211 men
463 4178 612 4226 nego,
643 4166 797 4214 etism
841 4175 965 4216 tnnc
1004 4183 1067 4216 ex
1102 4170 1275 4219 volatu
1309 4175 1365 4217 et

304 4254 433 4291 voce
459 4241 625 4289 avium
651 4244 765 4304 capi
801 4244 1084 4306 auspicium
1121 4246 1363 4309 potuisse.

437 4321 612 4379 Delon.
634 4328 681 4372 et
713 4323 824 4372 Var.
848 4326 974 4373 Clas.

1268 4327 1451 4387 Paneg.
1472 4326 1579 4376 Vet.

2357 316 2483 384 961

1432 475 1654 526 Interim
1706 474 2022 540 probsbilius
2082 474 2205 525 mihi
2260 474 2490 540 videtur,

1431 553 1710 616 Trajannm
1749 562 1875 604 tunc
1898 554 1950 604 in
1972 553 2147 603 limine
2182 554 2375 619 palatii,
2398 567 2488 603 en·

1432 635 1642 694 tequam
1675 629 2032 692 egrederetur,
2051 645 2170 680 eves
2206 633 2493 682 consultas·

1431 719 1506 754 se.
1575 706 1640 755 In
1696 706 1874 755 codice
1921 706 2175 756 Vaticano
2228 711 2373 756 3461.
2431 713 2490 759 et

1431 781 1908 847 Guelpherbytano‚
1923 796 2017 845 pro
2032 785 2311 838 consultare,
2326 783 2491 848 scrip-

1432 866 1541 909 tum
1565 866 1648 910 est
1668 862 1996 917 consulatur&
2030 868 2086 911 et
2109 862 2160 909 in
2182 860 2360 911 codice
2384 861 2490 911 Pa-

1433 937 1626 993 tavino,
1663 951 1724 986 ec
1761 937 1892 986 libro
1929 937 2195 1000 vossiano,
2229 953 2324 1002 pro
2361 952 2490 989 voce

1430 1015 1865 1070 monitumnonito.
1901 1014 2065 1065 Idem.

1497 1092 1801 1156 emutare]
1835 1093 2079 1157 Notetur,
2125 1108 2189 1142 sn
2234 1093 2299 1144 de
2344 1107 2490 1143 more

1431 1169 1658 1234 publico,
1693 1186 1757 1221 an
1793 1171 2000 1235 Trsjnni
2037 1171 2275 1234 privato?
2344 1169 2489 1219 Nihil

1429 1260 1550 1295 saue
1587 1247 1661 1296 rei
1700 1248 1926 1311 majoris,
1956 1247 2053 1297 nisi
2076 1247 2358 1310 nuspiam,
2384 1246 2489 1295 Ro-

1432 1327 1570 1376 msni
1607 1327 2085 1404 aggrediebantur:
2124 1324 2262 1391 quod
2311 1332 2487 1374 tumen

1431 1404 1482 1452 in
1506 1402 1687 1453 domus
1711 1417 1916 1466 egressu
1954 1402 2005 1452 id
2043 1417 2246 1466 semper
2276 1400 2489 1466 sactum,

1433 1479 1568 1529 baud
1612 1480 1838 1530 subeunt
1877 1493 2012 1528 nnnc
2052 1478 2306 1541 exempla.
2372 1478 2491 1527 Nisi

1433 1555 1568 1605 istuc
1606 1553 1756 1614 facit,
1779 1554 1916 1621 quod
1947 1556 2131 1604 Victor
2168 1554 2219 1604 in
2258 1555 2487 1616 Regione

1432 1631 1628 1681 Palatii
1681 1629 2135 1696 ‘auguratorium'
2190 1631 2351 1694 ponit.
2414 1630 2493 1681 At

1433 1709 1608 1774 potuit
1630 1709 1892 1774 privatim.
1907 1720 1963 1759 et
1986 1724 2051 1758 ex
2072 1723 2213 1758 more
2237 1723 2342 1758 suae
2365 1721 2493 1771 gen·

1433 1786 1503 1835 tis
1543 1786 1750 1836 deditus
1792 1788 1907 1837 huic
1950 1785 2303 1850 superstitioni
2341 1798 2491 1845 esseg

1431 1877 1550 1913 nem
1586 1864 1636 1913 in
1672 1863 1972 1913 Alexandro
2007 1860 2291 1926 Lampridii
2324 1861 2488 1926 leges,

1433 1938 1773 2005 ’ὄρνεοσκόπος
1806 1939 2011 2007 (augur)
2045 1955 2256 2002 mugnus
2287 1936 2404 2002 fuit,
2432 1946 2492 1989 ut

1435 2026 1492 2068 et
1512 2018 1797 2080 Vascones,
1825 2027 1878 2068 et
1901 2018 2248 2081 Hispanorum
2272 2024 2328 2068 et
2349 2019 2491 2068 Pen-

1434 2095 1699 2143 noniorum
1723 2109 1941 2157 augures
1964 2093 2185 2144 vicerit!
2217 2094 2347 2158 Lips.

1505 2171 1810 2234 Consultare]
1848 2172 1927 2219 Ex
1952 2170 2223 2234 religione,
2242 2170 2306 2218 ed
2331 2183 2488 2234 eugu-

1435 2246 1513 2297 rie
1535 2246 1811 2310 captanda.
1845 2246 2063 2296 Potorol.

1499 2322 1901 2387 Per-turbabatur]
1921 2323 2096 2384 Forte,
2107 2319 2488 2385 proturbamur.

1437 2398 1604 2449 Lirin.

1501 2475 1892 2539 Submovebotur]
1928 2475 1969 2524 A
1998 2474 2285 2539 lictoribus,
2310 2477 2391 2526 vel
2421 2476 2489 2526 ab

1435 2554 1546 2619 ipse
1568 2553 1720 2605 officii
1752 2555 1919 2604 turbe.
1985 2553 2240 2614 Lucanus,
2264 2568 2353 2602 seu
2376 2554 2491 2618 quis

1433 2632 1584 2692 elius,
1623 2632 1685 2681 ad
1724 2632 1997 2681 Pisonem:
2044 2631 2173 2680 ‘nec
2214 2630 2349 2679 enim
2393 2631 2492 2680 tibi

1436 2709 1562 2757 dura
1580 2708 1825 2758 clientum
1842 2707 2014 2756 Turba
2031 2706 2274 2770 rudisque
2296 2707 2491 2769 placet,

1437 2786 1623 2834 misero
1673 2799 1787 2849 quae
1841 2782 1979 2834 freta
2023 2784 2218 2846 labore,
2266 2783 2354 2833 Nil
2394 2782 2494 2832 nisi

1437 2867 1690 2912 summoto
1739 2863 1883 2911 novit
1937 2860 2238 2925 precedere
2294 2859 2494 2922 vulgo.'

1437 2939 1574 3002 Lips.

1505 3016 1659 3064 Nemo
1678 3012 2065 3079 perturbabatur]
2090 3011 2189 3061 11ae
2204 3012 2321 3061 duae
2340 3025 2493 3060 voces

1438 3093 1650 3141 exulent
1685 3107 1715 3140 e
1752 3104 1863 3139 meo
1899 3089 2107 3151 codice;
2140 3103 2255 3153 quae
2279 3102 2401 3136 vero
2442 3088 2496 3137 in

1437 3168 1629 3219 ceteris
1664 3167 1898 3218 omnibus
1943 3166 2289 3215 inveniuntur.
2357 3163 2497 3213 Livi-

1437 3245 1584 3294 neius
1609 3245 1658 3293 in
1681 3245 1911 3307 margine
1942 3241 2183 3291 editionis
2206 3256 2312 3290 suae
2337 3254 2495 3290 anno·

1439 3328 1662 3376 tuerat,
1701 3334 1794 3385 pro
1822 3317 2204 3382 perturbabatur,
2249 3315 2384 3367 forte
2425 3318 2498 3366 le-

1439 3397 1662 3460 gendum
1689 3395 2067 3460 proter-babetur.
2132 3396 2203 3444 Et
2224 3408 2346 3444 sane
2369 3393 2497 3445 nibil

1438 3474 1696 3523 insolitum
1752 3480 1849 3529 est,
1905 3473 2029 3522 istas
2082 3471 2500 3537 praepositiones,

1434 3566 1540 3615 pro,
1557 3565 1658 3615 per,
1673 3558 1727 3600 et
1738 3566 1852 3613 prce,
1869 3550 1918 3599 in
1933 3549 2324 3612 compositione,
2342 3563 2499 3613 prop-

1440 3637 1519 3676 ter
1555 3627 1813 3676 scribendi
1847 3627 2172 3689 compendia,
2202 3640 2342 3690 soepe
2375 3640 2499 3676 con·

1438 3703 1604 3753 fundi.
1660 3703 1912 3767 Lipsisnae
1938 3702 2213 3763 editiones,
2230 3704 2351 3752 item
2368 3704 2499 3750 Ber-

1439 3783 1770 3846 neggerisna,
1793 3781 2066 3832 Heckiana
2088 3787 2141 3830 et
2159 3780 2499 3841 Gesneriena,

1440 3863 1693 3924 amplexae
1730 3868 1850 3910 sunt
1879 3857 2314 3924 proturbabuntur,·
2347 3862 2418 3910 nt,
2453 3855 2496 3903 si

1439 3938 1559 4001 quid
1587 3937 1828 4002 judicare
1864 3949 2086 3999 possum,
2122 3935 2229 3982 sine
2269 3932 2498 3994 euspicio

1440 4015 1652 4078 alicujus
1685 4012 1893 4067 codicis,
1928 4018 1984 4061 et
2018 4012 2128 4060 sine
2167 4010 2498 4059 necessitate.

1442 4092 1559 4142 Non
1601 4098 1678 4140 est
1723 4088 1952 4142 dubium,
1990 4087 2109 4152 quin
2157 4100 2252 4150 per
2287 4086 2496 4136 verbum

1438 4164 1809 4231 ‘proturbore’
1842 4164 2008 4226 major
2048 4162 2282 4227 qnuaedam
2327 4163 2400 4210 vis
2441 4167 2497 4213 et
2552 4164 2556 4167 ⁴

1439 4242 1662 4308 impetus
1686 4241 2003 4308 depellendi,
2024 4254 2175 4306 quem
2210 4253 2305 4303 per
2334 4241 2494 4290 solum

2252 4326 2282 4370 3
2316 4322 2362 4371 P
