3060 4902
789 318 850 365 G.
897 315 1141 365 Phuni
1188 312 1516 362 SECUND!
1568 313 1844 363 PANBG.

356 459 435 509 vis
469 471 572 508 non
596 457 924 519 indicaverit,
958 458 1094 509 uude
1129 473 1240 509 eam
1265 472 1412 509 acce-

360 536 530 601 perit:
566 551 737 600 neque
760 544 929 586 tamen
949 549 1063 585 eum
1088 538 1254 587 secuti
1275 543 1410 591 sunt,

356 614 455 663 uisi
513 614 859 675 Boxhornius‚
905 613 1225 676 Bernegger,
1274 613 1413 661 Hac-

356 691 496 746 kius,
538 691 808 750 Cellarius‚
851 689 1086 749 Patarol,
1130 690 1414 753 Gesnerus,

358 766 689 817 Arntzenius.
755 765 967 815 Atridet
1001 765 1121 815 mihi
1159 766 1272 815 baec
1310 765 1415 815 lec·

360 844 456 903 tio,
478 851 535 894 et
550 849 747 894 tantum
766 857 869 892 uon
890 842 1178 891 necessaria
1191 842 1415 903 videtur,

360 920 402 970 si
435 920 551 985 quis
583 927 753 983 putet,
783 920 862 968 bis
894 918 1065 967 verbis
1100 918 1416 968 adhortatio·

360 1010 478 1047 nem
513 998 784 1058 contineri,
817 1003 877 1045 ut
897 995 1145 1059 Trajanus
1169 996 1417 1059 suscipiat

361 1080 604 1139 quartum
638 1073 977 1123 consulatum.
1044 1071 1138 1135 At,
1167 1072 1211 1120 si
1246 1072 1417 1135 paullo

362 1150 655 1201 accuratius
700 1156 1001 1198 contextum
1039 1149 1284 1197 orationis
1329 1162 1417 1197 ex·

361 1226 554 1292 pendo,
579 1226 803 1276 noudum
838 1227 952 1289 ipsa
985 1225 1289 1283 adhortatio,
1326 1224 1417 1274 sed

361 1311 567 1354 tautum
600 1304 842 1360 rationes,
881 1316 996 1367 quae
1034 1302 1420 1364 premittuntur

365 1380 737 1438 adhortationi,
760 1386 815 1428 et
848 1379 1032 1444 quibus
1065 1378 1319 1441 Trajanus
1344 1377 1419 1426 iu·

364 1457 485 1509 duci
509 1458 674 1521 possit
696 1457 759 1506 ad
783 1458 935 1505 istum
971 1457 1290 1504 consulatum
1312 1469 1421 1503 sus-

365 1536 685 1600 cipiendum,
707 1536 782 1584 liis
814 1535 935 1599 ipsis
959 1533 1130 1582 verbis
1153 1534 1422 1583 continen-

368 1620 471 1663 tur.
539 1614 667 1677 Ipsa
705 1613 839 1662 enim
878 1608 1170 1670 adhortatio
1217 1609 1421 1658 demum

368 1690 606 1754 sequitur
647 1688 741 1738 sub
796 1688 949 1737 finem
1006 1687 1152 1750 hujus
1206 1686 1422 1750 capitin

367 1768 641 1824 ‘Annuas,
681 1768 878 1830 Caesar,
931 1764 1272 1828 optantibus,’
1324 1766 1423 1813 &m

365 1846 658 1908 Praeterea‚
685 1846 794 1910 jam
832 1853 952 1893 ante
987 1843 1239 1907 Trajanus
1278 1856 1423 1890 vere-

368 1922 573 1973 cundiae
598 1923 774 1971 horum
801 1921 1039 1978 virorum,
1073 1920 1158 1984 qui
1192 1918 1425 1968 consula-

369 2005 478 2050 tum
517 1998 730 2049 tertium
768 2001 1098 2060 acceperant,
1127 1993 1307 2043 habuit
1345 2009 1423 2043 ra-

369 2078 599 2138 tionem3
630 2076 768 2142 qnod
793 2076 1122 2137 intelligimus
1150 2087 1215 2122 ex
1249 2086 1297 2122 c.
1330 2086 1424 2122 Lx.

368 2160 419 2205 5.
440 2161 459 2184 ‘
476 2156 713 2205 Noverat
729 2151 1131 2202 moderationem
1150 2150 1428 2212 bominum,

367 2239 592 2282 noverat
626 2228 896 2293 pudorem,
939 2229 1024 2291 qui
1065 2240 1167 2275 non
1210 2228 1425 2275 sustine-

368 2316 489 2359 rent
533 2306 689 2356 tertio
733 2304 971 2355 consules
1010 2316 1139 2358 esse,
1174 2301 1271 2351 nisi
1309 2315 1426 2350 cnm

371 2391 458 2434 ter
481 2382 731 2434 consule!
776 2383 914 2445 Ergo
937 2379 1137 2429 Plinius
1158 2392 1291 2427 nunc
1314 2391 1426 2427 rec-

371 2470 427 2513 te
463 2463 638 2513 dicere
674 2462 868 2525 potnit,
899 2461 915 2487 ‘
942 2458 1119 2507 Habes
1154 2457 1312 2507 etiam
1347 2469 1426 2505 ra·

372 2539 569 2589 tionem
604 2535 926 2586 verecundiae
966 2533 1277 2596 collegarum
1315 2540 1427 2582 tuo·

375 2615 524 2666 rum!
589 2615 720 2667 Quas
742 2628 855 2663 cum
883 2613 957 2661 ita
979 2611 1102 2667 sint,
1126 2611 1314 2659 nnllam
1340 2609 1429 2660 ad-

369 2695 472 2744 huc
497 2692 648 2743 video
662 2691 1047 2752 necessitatem,
1066 2696 1126 2740 ut
1143 2702 1428 2751 repugnem

373 2777 453 2821 tot
474 2770 708 2820 codicum
733 2768 1112 2831 editionumque
1142 2763 1395 2827 suffragiis
1410 2784 1427 2826 ς

375 2863 408 2897 a
425 2847 615 2913 quibus
630 2859 912 2908 nunquam,
930 2843 1024 2892 nisi
1045 2848 1352 2892 cunctanter
1374 2850 1429 2891 et

375 2921 692 2983 verecunde,
717 2920 960 2970 recedere
984 2919 1158 2982 cupio.
1186 2917 1429 2968 Schwarz.

443 2999 695 3049 Rationem
747 2994 1060 3058 verecundie]
1109 2993 1210 3042 Ter
1258 3001 1429 3041 tecum

376 3081 615 3131 consules
645 3073 1149 3132 verecundabantur,
1184 3070 1307 3135 quia
1335 3069 1429 3119 tibi

377 3171 550 3222 pares,
583 3169 794 3219 quorum
829 3149 1133 3199 reverentiae
1169 3155 1226 3196 tn
1259 3145 1431 3196 mede·

375 3234 517 3284 beris
542 3240 723 3295 quater
745 3228 942 3278 consul.
975 3228 1126 3276 Rern.

450 3309 753 3371 Collegarum
796 3302 1001 3366 tuorum]
1059 3301 1105 3351 1.
1149 3314 1197 3348 e.
1237 3313 1432 3362 eornm,

378 3386 468 3454 qni
493 3394 661 3435 tecum
690 3383 843 3430 tertio
858 3380 1092 3430 consules
1116 3376 1281 3426 fuere.
1322 3375 1433 3425 sic·

381 3471 439 3513 ut
468 3463 605 3512 enim
630 3460 899 3522 Trajauus‚
932 3457 1198 3520 antiquum
1228 3453 1434 3516 reipub·

380 3541 500 3589 licae
522 3538 700 3587 liberae
721 3549 914 3584 morem
938 3541 1168 3587 secutus,
1184 3530 1235 3578 in
1255 3543 1435 3578 cousu-

381 3617 490 3665 latu
517 3628 609 3663 suo
629 3612 647 3640 ‘
674 3619 920 3674 praetores
945 3608 958 3630 '
985 3606 1265 3672 appellavit
1294 3607 1309 3634 ‘
1333 3606 1434 3654 col·

384 3693 525 3754 legas
547 3689 581 3752 ;’
616 3688 753 3754 quod
784 3687 981 3736 Plinius
1015 3699 1171 3747 snpra
1205 3681 1437 3738 tradidit,

384 3771 676 3818 unm-4.
711 3764 785 3813 ita
820 3763 982 3810 multo
1021 3759 1182 3821 magis
1216 3760 1231 3785 ‘
1253 3772 1436 3807 consu·

384 3848 463 3896 les
482 3846 519 3907 ς’
552 3857 719 3907 neque
750 3844 911 3891 solum
951 3855 1089 3902 eum,
1122 3838 1208 3903 qui
1236 3836 1437 3886 ordina·

384 3922 540 3983 rium,
571 3920 660 3969 sed
688 3919 801 3968 illos
837 3918 1012 3976 etiam,
1047 3915 1132 3980 qui
1167 3910 1438 3962 suffectum

383 3999 705 4051 consulatum
728 4010 844 4046 cum
869 3995 982 4056 ipso
1005 3997 1288 4055 gesserunt,
1307 3987 1440 4038 ‘col-

382 4079 526 4138 legas
551 4076 564 4097 ’
589 4075 873 4138 appellasse
898 4067 1186 4120 credendus
1210 4075 1308 4116 est.
1355 4066 1440 4115 De

386 4154 571 4220 quibus
593 4149 807 4215 Trajani
833 4147 1042 4210 collegis
1072 4145 1273 4196 Plinius
1307 4142 1441 4191 dixit

392 4245 483 4284 Lx.
515 4237 568 4282 5.
589 4236 644 4281 et
681 4241 796 4279 ur.
825 4231 874 4276 6.
937 4224 1163 4278 Quinam
1197 4236 1321 4273 vero
1353 4219 1441 4269 isti

1924 314 1973 362 1.
2004 295 2115 362 78.
2405 296 2537 362 973

1485 457 1641 506 tertio
1680 456 1916 507 consules
1953 454 2168 514 fuerint,
2211 452 2276 502 ad
2321 451 2539 501 citatum

1487 533 1796 597 Panegyrici
1822 534 2009 590 locum,
2031 541 2086 581 et
2123 530 2186 581 ad
2212 543 2329 580 ιιι.
2354 533 2400 578 l.
2436 529 2539 578 dis·

1487 609 1693 673 quirere
1733 617 1947 658 conatus
1986 623 2114 657 snm.
2179 606 2329 656 Licet
2365 612 2539 654 tamen

1488 687 1644 735 etiam
1682 687 1823 735 adire
1854 684 2049 735 Theod.
2080 683 2316 736 Jansonii
2347 682 2412 730 ab
2449 680 2540 729 ΑΙ-

1486 764 1754 813 meloveen
1781 763 1963 811 Fastos
1988 761 2138 810 Rom.
2164 758 2475 813 consulares,
2512 771 2546 805 a

1487 840 1599 887 viro
1619 838 1832 888 doctiss.
1850 845 1905 887 et
1924 834 2287 900 perindustrio,
2301 834 2387 884 Jo.
2409 832 2545 882 Lud-

1488 915 1662 975 Uhlio,
1700 930 1784 964 an.
1819 917 1964 964 1⁷4⁰.
1998 909 2389 961 Amsteloedami
2424 924 2544 958 auc-

1489 992 1645 1041 tiores
1668 993 2108 1055 correctioresqne
2131 989 2331 1049 editos3
2362 987 2453 1037 ubi
2476 986 2545 1036 ad

1490 1084 1677 1119 annum
1691 1069 2025 1118 centesimum
2048 1072 2163 1129 post
2181 1065 2438 1114 Christum
2453 1077 2544 1112 na·

1490 1153 1598 1196 tum
1619 1162 1671 1209 p.
1689 1149 1798 1195 13⁰.
1815 1151 2050 1193 recenset
2064 1142 2216 1206 hujus
2232 1140 2351 1189 anni
2364 1153 2545 1188 consu-

1491 1224 1566 1272 les
1590 1222 1895 1280 ordinarios,
1911 1228 1966 1270 et
1988 1217 2251 1269 suffectos.
2282 1212 2521 1267 &lamas-z.

1562 1301 1772 1348 Onerosu
1804 1298 1920 1362 erit]
1985 1297 2032 1347 1.
2068 1312 2113 1345 e.
2158 1298 2322 1344 instar
2370 1294 2544 1355 magni

1492 1377 1662 1425 oneris
1693 1377 1796 1425 erit
1831 1374 2098 1424 modestiae
2133 1382 2186 1422 et
2217 1370 2544 1421 verecundius

1491 1453 1698 1516 illorum,
1753 1454 2063 1516 collegarum
2129 1457 2350 1498 tuorum·
2437 1449 2541 1496 Pro

1492 1532 1700 1594 illorum,
1744 1531 1925 1581 codex
1952 1525 2379 1591 Salisburgensis,
2423 1526 2546 1574 item

1493 1608 1802 1670 Patavium,
1823 1613 1879 1655 et
1901 1619 2064 1668 meus,
2087 1603 2266 1653 eodem
2291 1617 2442 1651 seusu
2460 1602 2548 1650 ha·

1496 1683 1621 1733 bent
1641 1699 1816 1733 eorum.
1881 1681 2020 1733 Illud
2051 1680 2353 1729 vocabulum
2387 1684 2402 1707 ⁸
2427 1691 2548 1727 one-

1495 1775 1665 1811 rosum
1692 1760 1705 1782 '
1726 1760 2000 1826 aliquoties
2029 1757 2081 1807 in
2105 1757 2200 1805 boc
2223 1754 2549 1818 Panegyrico

1494 1838 1754 1897 occurrit3
1789 1851 1838 1887 v.
1861 1851 1911 1900 g.
1935 1836 2153 1884 nav-⁴.
2178 1845 2338 1881 tvm.
2360 1835 2411 1881 2.
2435 1843 2550 1879 xcr-

1493 1918 1547 1964 4.
1581 1914 1777 1964 Eodem
1800 1912 1954 1962 modo
1976 1910 2176 1960 Plinius
2202 1909 2368 1958 utitur
2390 1907 2550 1956 verbo

1495 1990 1512 2018 ‘
1538 2005 1756 2040 onerare
1777 1990 1811 2050 ς’
1842 2004 1892 2039 v.
1929 2004 1980 2052 g.
2004 1999 2211 2038 Lxxm.
2231 1990 2279 2036 6.
2311 1992 2365 2035 et
2388 1997 2553 2034 xxiv.

1499 2072 1546 2116 1.
1579 2068 1645 2116 ad
1683 2081 1834 2130 quem
1874 2067 2039 2115 locum
2079 2063 2196 2112 vido
2231 2068 2406 2111 notam
2436 2073 2554 2110 nos·

1500 2149 1632 2192 tram
1656 2142 1719 2192 ad
1746 2159 1795 2205 p.
1817 2147 1931 2193 541.
1964 2142 2118 2191 Idem.

1562 2220 1726 2269 Donec
1763 2224 1810 2269 te
1852 2219 2079 2268 consulem
2119 2212 2334 2276 uideant]
2381 2213 2551 2263 Nemo

1499 2311 1602 2346 uon
1641 2302 1898 2360 agnoscet,
1932 2293 2092 2342 sideri
2130 2291 2194 2340 ad
2239 2288 2551 2339 sententiam

1498 2372 1659 2422 Plinii
1691 2372 1958 2421 clariorem
1991 2366 2303 2417 reddendam
2340 2364 2552 2428 requiri,

1498 2458 1560 2501 ut
1581 2451 1829 2515 legamus,
1861 2448 2025 2498 Donec
2046 2451 2092 2496 te
2114 2444 2344 2495 emuniens
2366 2436 2552 2508 quarto

1499 2525 1655 2590 (sive,
1695 2523 1895 2589 rursus)
1925 2524 2137 2574 videant.
2203 2519 2306 2576 Au,
2340 2526 2396 2567 et
2429 2533 2554 2583 quo·

1500 2604 1672 2667 modo,
1695 2602 1943 2668 ejusmodi
1968 2614 2121 2650 voces
2145 2594 2450 2650 exciderint,
2476 2594 2553 2644 di-

1502 2696 1624 2731 cere
1664 2695 1766 2730 non
1803 2691 2100 2742 possumus3
2143 2674 2195 2723 in
2240 2673 2380 2722 nullo
2417 2673 2557 2721 enim

1502 2757 1685 2808 codice
1717 2758 1821 2805 Ms.
1845 2771 1906 2806 ac
1929 2768 1993 2803 ue
2015 2752 2222 2817 quidem
2245 2750 2376 2799 libro
2399 2762 2555 2798 excu-

1503 2848 1579 2891 so,
1624 2833 1800 2882 talium
1845 2829 2064 2894 vestigia
2105 2826 2557 2891 deprehendimus.

1504 2911 1679 2970 Certe,
1717 2910 1790 2959 sic
1820 2909 1927 2972 jam
1974 2907 2133 2954 visum
2179 2912 2261 2953 est
2305 2902 2561 2962 Livineio,

1503 2986 1642 3037 forte
1666 2985 1918 3035 excidisse
1952 2986 2197 3046 quarem,-
2231 2978 2365 3027 idem
2400 2986 2452 3024 et
2491 2977 2560 3025 vi-

1506 3078 1617 3113 sum
1646 3061 1838 3124 Lipsio,
1869 3073 1929 3108 ac
1967 3057 2162 3121 placuit
2194 3050 2558 3103 Rittershusio.

1505 3138 1840 3199 Arntzenius,
1871 3135 1969 3184 etsi
2009 3133 2072 3182 ab
2103 3130 2240 3180 omui
2273 3130 2559 3178 mutatione

1508 3217 1753 3270 abstinet,
1792 3220 1969 3263 censet
2005 3221 2198 3268 tamen,
2228 3220 2329 3255 non
2368 3205 2561 3254 incom-

1507 3294 1707 3342 modam
1741 3289 1853 3338 fore
1888 3286 2315 3340 emendationem,
2349 3282 2391 3330 si
2420 3282 2561 3344 siglis

1508 3380 1783 3430 expressus
1826 3363 1983 3413 fuerit
2023 3374 2281 3419 uumerus,
2326 3360 2469 3407 donec
2514 3363 2561 3407 te

1508 3447 1739 3495 consulem
1761 3443 1792 3491 I
1798 3443 1855 3492 V.
1883 3442 2106 3498 videant,·
2138 3445 2197 3487 ut
2227 3437 2405 3487 ultima
2425 3436 2562 3484 linea

1511 3525 1562 3571 in
1582 3537 1629 3570 m
1654 3534 1871 3584 sequens
1903 3533 1934 3567 v
1961 3513 2297 3566 absorbuerit.
2361 3509 2426 3561 Id
2451 3512 2563 3575 qni·

1510 3598 1628 3647 dem
1654 3596 1789 3646 forte
1812 3594 1923 3644 fieri
1961 3594 2212 3656 potuisset
2234 3589 2470 3653 aequiore
2494 3602 2562 3636 ω·

1511 3690 1576 3724 vo
1592 3691 1609 3736 ς
1626 3674 1737 3729 sed,
1755 3670 2072 3736 temporibus
2087 3669 2266 3722 Plinii,
2281 3660 2564 3729 ‘quatuor.'

1512 3755 1594 3802 vel
1625 3758 1640 3780 ‘
1659 3746 1934 3815 quartum,'
1957 3760 2059 3796 non
2090 3759 2184 3808 per
2201 3742 2355 3806 siglas
2375 3753 2451 3788 ιν.
2476 3736 2566 3786 sed

1513 3844 1610 3893 per
1647 3841 1758 3878 nn.
1791 3823 2212 3886 designabantur.
2279 3817 2339 3863 Iu
2384 3813 2565 3863 codice

1513 3905 1818 3960 Parisiensi,
1836 3897 1891 3952 e‘t
1911 3904 2115 3949 Veneto
2129 3901 2179 3946 2.
2197 3894 2382 3944 vitiose
2406 3891 2565 3955 scrip·

1515 3993 1624 4034 tum
1646 3992 1724 4030 est
1741 3989 1787 4030 te
1807 3980 1990 4028 consule
2004 3976 2210 4025 videant.
2259 3968 2566 4031 Significan-

1516 4070 1600 4111 ter
1625 4073 1745 4107 vero
1768 4058 1895 4104 dicit
1919 4054 2139 4110 Plinius,
2171 4050 2312 4097 donec
2336 4052 2383 4094 te
2401 4059 2565 4094 consu·

1517 4141 1607 4188 lem
1634 4135 1854 4190 videant5
1889 4132 1923 4179 i.
1951 4144 1997 4179 e.
2029 4128 2195 4176 donec
2231 4123 2422 4172 obeant
2461 4122 2565 4185 pri·

1517 4229 1655 4264 mum
1680 4209 1796 4260 novi
1818 4206 2115 4259 consulatus
2139 4203 2214 4254 tui
2241 4200 2393 4263 diem,
2410 4206 2465 4251 et
2487 4213 2571 4249 vo·
