3060 4902
535 394 668 460 608

533 560 696 617 gente.
713 558 869 617 parte.
935 552 1148 604 Dicitur
1170 562 1345 605 autem
1370 569 1493 618 gens
1519 554 1603 603 ΙΕ-

537 631 1195 696 gyptiorumsecundiaess‘ma,
1210 647 1309 681 non
1331 640 1434 681 tam
1454 646 1603 695 prop-

539 716 623 759 ter
641 716 940 759 consuetam
958 707 1326 757 fecunditatem
1346 723 1607 771 agrorum,

533 799 690 848 quam
712 792 927 848 propter
943 785 1195 834 hominum
1214 785 1604 834 fecunditatem.

536 861 739 910 Colum.
761 875 847 911 ιιι.
870 866 920 911 8.
947 861 963 888 ⁴
985 862 1303 913 Quibusdam
1325 859 1603 925 gentibus,’

535 938 724 1001 inquit,
747 942 763 966 ⁴
784 946 971 988 natura
994 952 1322 986 numerosam
1348 951 1604 1000 progene-

538 1013 689 1061 randi
725 1013 957 1063 sobolem
991 1012 1159 1076 dedit,
1185 1022 1240 1060 ut
1268 1013 1524 1076 AEgyptiis
1549 1018 1604 1061 et

536 1088 703 1151 Afris,
742 1090 925 1154 quibus
964 1091 1153 1153 gemini
1196 1098 1376 1151 partus
1416 1087 1603 1137 famili-

538 1180 677 1227 ares,
699 1181 760 1215 ac
785 1180 931 1227 paene
953 1168 1190 1215 solennes
1214 1165 1369 1214 sunt.’
1402 1165 1604 1216 Plinius

537 1243 732 1306 Major,
777 1257 881 1292 vn.
927 1248 977 1293 2.
1024 1249 1037 1270 ·
1059 1242 1399 1306 Tergeminos
1443 1244 1603 1300 nasci,

537 1318 678 1367 iuter
717 1326 923 1368 ostenta
964 1319 1201 1378 ducitur;
1254 1329 1602 1384 praeterquam

537 1395 593 1444 iu
633 1394 878 1459 AEgypto,
923 1395 1009 1444 ubi
1055 1395 1233 1445 fetifer
1280 1405 1404 1459 potu
1450 1397 1603 1446 Nilus

538 1472 703 1521 amuis
729 1504 743 1519 .
763 1502 777 1519 .
793 1502 807 1517 .
831 1472 899 1520 Et
920 1472 971 1520 in
990 1471 1214 1536 AEgypto
1237 1484 1483 1534 septenos
1503 1486 1604 1520 uuo

532 1556 688 1598 utero
706 1550 854 1597 simul
880 1549 1040 1611 gigni,
1062 1559 1243 1597 auctor
1267 1559 1345 1597 est
1363 1548 1605 1611 'Trogum'

535 1625 690 1674 Unde
724 1632 776 1673 et
809 1627 1016 1673 Solinus
1039 1639 1088 1674 c.
1111 1629 1157 1674 3.
1192 1627 1208 1653 ‘
1230 1627 1360 1674 Cum
1387 1622 1602 1675 fetifero

535 1710 664 1764 potu
693 1702 838 1750 Nilus
860 1715 960 1749 non
989 1707 1188 1749 tantum
1213 1708 1486 1760 terrarum,
1509 1699 1601 1748 sed

535 1779 691 1828 etiam
741 1778 1020 1838 hominum,
1062 1783 1295 1825 materna
1349 1775 1603 1827 fecundat

535 1853 693 1902 arva.‘
750 1856 818 1903 Et
841 1855 1043 1902 Seneca
1071 1855 1261 1903 Natur.
1285 1854 1486 1904 Quaest.
1512 1868 1601 1902 ιιι.

533 1933 619 1978 25.
657 1929 1029 1980 ‘Quorundam
1067 1944 1249 1979 caussa
1288 1944 1387 1978 nou
1428 1938 1602 1993 potest

534 2004 703 2060 reddi,
737 2019 892 2070 quare
931 2021 1064 2070 aqua
1099 2007 1328 2056 Nilotica
1366 2005 1600 2055 fecundi·

534 2096 652 2131 ores
677 2081 895 2130 feminas
918 2082 1097 2146 faciat,
1122 2085 1270 2141 adeo,
1295 2091 1351 2132 ιιι
1377 2097 1600 2148 quarun-

531 2158 651 2207 dam
698 2159 895 2206 viscera
944 2160 1099 2220 longa
1144 2161 1422 2208 sterilitate
1469 2174 1600 2221 prae·

532 2235 676 2284 clusa
696 2234 758 2283 ad
782 2243 1089 2297 conceptum
1118 2236 1468 2285 relaxaverit.’
1508 2236 1599 2284 Ni·

532 2311 603 2361 hil
640 2310 770 2359 adeo
809 2326 937 2374 opus
977 2310 1098 2374 fuit,
1135 2318 1191 2360 ιιι
1228 2313 1465 2367 Belirius,
1503 2327 1600 2375 pro

519 2386 867 2447 secundissima
898 2394 1060 2448 gente,
1093 2389 1269 2437 mallet
1301 2389 1600 2445 legeresru-

528 2478 645 2525 gum
661 2471 888 2527 proventu
912 2464 1184 2514 beatissima
1203 2469 1363 2526 gente.
1398 2465 1600 2514 Plinius

534 2554 678 2595 vero,
697 2540 880 2588 mirum
899 2542 947 2588 in
968 2541 1172 2589 modum
1192 2548 1601 2602 exaggeraturus

531 2616 737 2665 laudem
765 2616 1089 2665 liberalitatis
1110 2616 1340 2679 Trajani,
1364 2616 1514 2678 dicit,
1535 2617 1600 2664 is·

532 2700 663 2754 tam,
692 2695 1018 2755 quantumvis
1053 2692 1492 2752 fecundissimam,
1514 2694 1599 2742 ΞΕ-

533 2769 832 2831 gyptiorum
858 2775 1065 2830 gentem
1091 2781 1154 2815 ex
1183 2781 1396 2816 aunouae
1424 2769 1601 2830 inopia

532 2843 856 2892 interituram
879 2843 1114 2904 fuisse,si
1133 2858 1194 2891 ea
1211 2842 1391 2892 fuisset
1413 2844 1600 2905 libera,

531 2918 631 2970 hoc
665 2929 764 2982 est,
799 2921 843 2969 si
881 2935 983 2969 non
1018 2920 1256 2984 subjecta
1290 2919 1479 2969 fuisset
1509 2920 1599 2969 im·

534 2997 681 3059 perio
707 2997 958 3052 Romano,
981 2997 1128 3061 sique
1152 2998 1402 3047 caruisset
1427 2998 1599 3059 provi-

534 3073 714 3123 dentis
734 3085 891 3140 atque
915 3089 1039 3125 cura
1063 3076 1391 3139 imperatoris
1418 3076 1599 3139 benig-

532 3151 753 3200 nissimi.
797 3151 947 3199 Idem.

601 3225 758 3281 Quam
800 3227 1130 3289 torquebatur]
1180 3227 1441 3277 Labecula
1478 3229 1598 3278 huic

531 3300 648 3349 loco
675 3298 923 3362 adspersa
946 3300 1063 3349 fuit.
1111 3303 1316 3351 Etenim
1342 3317 1442 3352 non
1470 3318 1597 3367 pau·

530 3389 610 3425 cae
637 3373 909 3438 editiones,
941 3392 1036 3425 uec
1070 3379 1237 3427 minus
1278 3380 1486 3441 quidam
1510 3395 1594 3429 co·

531 3452 676 3503 dices
698 3456 901 3518 scripti,
925 3455 1115 3505 liabent
1144 3472 1235 3519 qua
1273 3458 1599 3518 torquebatur.

528 3529 606 3579 At
661 3531 825 3580 codex
870 3532 1202 3596 parisiensis,
1241 3533 1493 3588 Venetus,
1540 3543 1595 3583 et

528 3618 697 3664 meus,
720 3607 910 3655 rectius
936 3622 997 3655 ac
1019 3608 1307 3669 signantius
1333 3624 1472 3669 quam
1497 3615 1594 3657 tor-

528 3680 776 3744 quebatur.
845 3683 1077 3739 Scilicet,
1112 3693 1361 3745 qnantum
1398 3685 1593 3749 AEgyp-

530 3765 616 3808 tus
658 3766 782 3807 tunc
822 3759 1162 3821 torquebatur
1207 3759 1360 3822 fame,
1394 3769 1592 3810 tantum

529 3834 903 3895 erubescebat;
944 3836 1177 3899 utrisque
1212 3837 1359 3885 malis
1395 3840 1597 3901 pariter

528 3912 1047 3975 occurrit'l'rajauus.
1079 3912 1230 3962 Hanc
1256 3914 1593 3975 posteriorem

526 3988 925 4051 lectionemjam
948 3990 1168 4039 antehac
1195 3990 1473 4054 prodidere
1495 3993 1599 4042 Be·

527 4067 758 4124 roaldus,
804 4069 1102 4130 esitantem,
1142 4069 1330 4132 Alam,
1376 4070 1595 4132 Navius,

528 4144 757 4207 Lipsius,
781 4145 1063 4204 Gruterus,
1087 4146 1429 4202 Parisienses,
1462 4147 1594 4196 Ber·

523 4232 744 4281 negger,
767 4220 1001 4275 Patarol,
1024 4221 1184 4269 Ceva.
1234 4220 1388 4270 Idem.

595 4296 870 4361 Quibusqioe
910 4300 970 4348 de
1010 4297 1212 4363 campis]
1269 4299 1594 4351 Particulam

1233 409 1452 459 ⁸01·AE
1503 409 1913 460 VARIORUM
1968 411 2049 460 ΙΝ

1678 555 1956 616 &extrudit
1983 569 2072 619 que
2108 555 2310 617 admisi,
2335 555 2456 620 quia
2478 569 2589 606 eam
2615 559 2749 608 Cus-

1679 635 1939 697 pinianus.
1973 635 2198 698 Lipsius,
2237 635 2516 690 Gruterus,
2553 637 2748 686 Parisi-

1680 724 1846 772 enses,
1869 710 2032 770 Ceva,
2055 717 2110 760 et
2139 712 2480 761 recentissimi
2517 713 2748 765 editores

1679 785 1957 836 admisere.
2021 788 2066 836 E
2114 788 2305 837 ceteris
2352 789 2495 838 libris
2539 790 2746 840 excusis

1678 862 1989 927 scriptisque
2015 863 2194 913 eadem
2219 865 2416 914 exulat.
2453 865 2561 914 Pro
2588 867 2747 916 verbo

1678 939 2027 987 antecedente
2072 939 2389 999 refersissent,
2428 940 2567 990 Ceva
2604 943 2748 991 exbi-

1679 1013 1767 1062 bet
1801 1014 2131 1076 replevissent,
2155 1017 2293 1079 quod
2320 1031 2440 1065 vero
2463 1031 2526 1065 ex
2552 1019 2747 1079 glosse-

1679 1095 1817 1136 mate
1841 1088 2130 1138 dimanasse
2156 1089 2381 1139 videtur.
2429 1091 2580 1141 Idem.

1746 1164 2018 1228 Quibusque
2035 1168 2094 1215 de
2112 1165 2312 1228 campis]
2339 1167 2522 1221 Quibus
2537 1169 2597 1216 de
2618 1183 2748 1217 cam·

1672 1241 1751 1305 pis
1764 1256 1783 1298 ,-
1807 1240 1917 1296 sed,
1940 1242 2196 1305 quibusque
2217 1244 2274 1291 de
2294 1243 2475 1304 campis
2494 1245 2555 1292 C.
2579 1244 2746 1293 Livia.

1742 1318 1886 1366 Alius
1914 1319 2093 1382 amnis]
2126 1320 2271 1367 Alius
2299 1334 2452 1368 annus
2475 1321 2540 1368 V.
2558 1321 2620 1371 C.
2656 1322 2745 1370 La·-

1677 1409 1778 1443 vin.

1743 1470 1884 1519 Alius
1936 1470 2118 1535 amnis]
2183 1471 2354 1532 Nilus,
2406 1468 2747 1522 fecunditatis

1678 1555 1877 1595 auctor.
1957 1546 2062 1596 Sed
2118 1547 2287 1596 verior
2343 1548 2502 1596 lectio
2560 1564 2745 1597 «nnus.-

1678 1625 1807 1673 alius
1828 1622 1952 1672 alibi
1980 1633 2285 1687 proventus,
2303 1633 2359 1673 et
2378 1625 2571 1673 messis.
2605 1625 2746 1689 Lips.

1742 1701 1885 1749 Alius
1906 1697 2083 1760 amnis]
2120 1701 2313 1749 Verum
2345 1707 2443 1762 est,
2468 1703 2536 1751 ul.
2574 1717 2745 1751 annus.

1678 1775 1950 1824 claudian.
1970 1776 2035 1824 de
2052 1776 2115 1824 B.
2134 1776 2202 1825 G.
2229 1783 2244 1804 ‘
2264 1777 2526 1840 Memphis
2544 1778 2584 1826 si
2605 1776 2744 1828 forte

1675 1860 1935 1914 negasset,
1958 1852 2246 1901 Pensabam
2274 1852 2522 1901 Pharium
2558 1853 2745 1904 Gaetu·

1677 1928 1738 1976 lis
1773 1929 2023 1978 messibus
2046 1930 2269 1979 annum.’
2326 1931 2461 1980 Stat.
2486 1932 2630 1995 Sylv.
2656 1946 2746 1981 ιιι.

1678 2005 1832 2053 Metii
1861 2007 2064 2056 Celeris
2094 2007 2468 2070 Propemptico
2487 2023 2503 2055 ι
2541 2012 2556 2035 ‘
2575 2008 2745 2058 Trans

1676 2095 1882 2145 oequora
1903 2085 2054 2132 terris
2074 2084 2251 2132 Prima
2269 2085 2596 2133 Dicarchaeis
2614 2084 2748 2133 Pha-

1677 2158 1804 2206 rium
1833 2158 2004 2221 gravis
2029 2160 2208 2208 intulit
2231 2157 2456 2207 anuum.’
2508 2159 2678 2208 Licin.

1740 2237 1938 2300 Amnis]
1987 2239 2123 2287 Sane
2160 2239 2341 2288 melior
2381 2239 2558 2302 lectio,
2589 2254 2745 2303 quam

1674 2330 1757 2370 ea,
1781 2331 1950 2365 annus.
1987 2318 2135 2366 Facit
2160 2318 2296 2366 enini
2317 2324 2588 2381 stupentes
2609 2319 2748 2379 agri·

1675 2392 1811 2441 colas
1844 2393 1906 2441 ad
1941 2393 2198 2442 insolitum
2223 2408 2458 2451 messem,
2492 2401 2547 2442 et
2577 2396 2748 2458 requi·

1677 2479 1872 2526 rentes,
1894 2471 2071 2535 ecquis
2098 2471 2225 2520 alius
2261 2472 2447 2532 amnis,
2472 2472 2586 2520 scil.
2612 2487 2748 2535 1)ιέ-

1676 2550 1760 2595 ter
1806 2547 2003 2608 Nilum,
2051 2548 2190 2596 illam
2238 2547 2461 2598 dederit.
2531 2549 2745 2613 Quippe

1676 2623 1921 2686 agricolae
1945 2624 2173 2687 AEgyptii
2212 2632 2416 2687 putant,
2448 2622 2746 2674 fecundita-

1676 2705 1781 2748 tem
1817 2700 2048 2748 amnibus
2086 2708 2288 2749 tantum
2325 2702 2526 2764 deberi,
2561 2701 2748 2762 nescii,

1675 2777 1810 2839 quod
1854 2777 2012 2825 etiam
2057 2778 2258 2840 pluviis.
2336 2778 2470 2826 Haec
2512 2779 2749 2843 Berneg-

1675 2866 1827 2912 gerus
1865 2852 1927 2899 ad
1968 2853 2247 2915 marginem
2283 2854 2361 2901 sui
2397 2852 2555 2902 Plinii
2583 2853 2746 2903 aduo-

1679 2936 1830 2977 tarat.
1886 2930 2122 2979 Frischm.

1741 3008 1882 3055 Alius
1902 3009 2080 3071 amnis]
2123 3010 2341 3073 Nempe,
2364 3009 2450 3072 qui
2475 3024 2644 3073 eque,
2680 3025 2743 3061 ac

1677 3084 1849 3144 Nilus,
1919 3082 2257 3149 fecundasset
2321 3085 2630 3148 AEgyptutn,
2682 3096 2743 3137 ut

1675 3156 1860 3205 horrea
1916 3158 2149 3221 frugibus
2208 3159 2409 3223 impleri
2461 3161 2747 3221 potuerint.

1675 3233 1898 3283 Omnem
1923 3238 2057 3284 enim
2083 3250 2298 3285 annouae
2335 3237 2539 3300 copiam
2566 3253 2598 3286 a
2633 3240 2744 3288 solo

1677 3310 1799 3358 Nilo
1847 3325 1937 3359 sno
1976 3311 2104 3360 alias
2147 3313 2507 3375 expectabant
2545 3314 2744 3378 AEgyp·

1675 3386 1752 3434 tii.
1824 3386 1972 3435 Unde
2006 3402 2182 3450 supra,
2216 3401 2357 3438 xxx.
2390 3393 2440 3438 4.
2466 3389 2596 3438 dixit
2635 3392 2744 3440 Pli-

1672 3462 1804 3523 nius,
1853 3469 1867 3490 ‘
1894 3461 2146 3525 AEgyptus
2195 3464 2271 3512 sic
2317 3478 2472 3528 opem
2519 3466 2745 3516 Coesaris

1672 3536 1954 3599 invocavit,
2009 3547 2068 3588 ut
2124 3541 2261 3589 solet
2300 3555 2503 3591 amnem
2556 3543 2748 3593 suum.'

1672 3612 1830 3676 Ergo,
1862 3613 1996 3676 quod
2025 3615 2134 3676 jam
2171 3615 2559 3680 Berueggerus,
2604 3618 2748 3669 Bau·

1672 3690 1809 3753 dius,
1848 3698 1902 3740 et
1935 3692 2203 3741 Gesnerus
2237 3693 2553 3757 probarunt,
2589 3710 2743 3747 voca·

1673 3766 1850 3815 bulum
1895 3768 2048 3816 omnis
2082 3768 2216 3818 bene
2252 3779 2504 3834 recteque
2539 3771 2625 3824 hic
2666 3774 2744 3824 lo·

1672 3858 1786 3893 cum
1836 3844 2027 3892 babere
2071 3852 2278 3908 potest;
2322 3853 2381 3895 ut
2423 3849 2599 3906 mirer,
2647 3864 2745 3901 cur

1673 3920 1879 3983 Lipsius
1914 3922 2221 3984 praeoptarit
2252 3937 2441 3983 annm,-
2476 3925 2616 3989 quod
2653 3941 2746 3977 no-

1671 4011 1786 4044 men
1804 4010 1940 4046 nunc
1959 4012 2167 4062 quoque
2182 3999 2388 4062 recepit
2404 4000 2745 4056 Arutzenius.

1669 4071 1923 4134 Equidem
1939 4072 2051 4135 jam
2087 4080 2208 4121 ante
2232 4072 2283 4122 id
2318 4073 2602 4127 ediderunt
2637 4077 2748 4127 Pu·

1673 4151 1928 4204 teolanus.
1974 4150 2339 4211 cuspinianus,
2385 4152 2746 4215 Philomusus,

1668 4231 1726 4276 et
1757 4224 2047 4287 Gruterus;
2083 4225 2325 4290 idemque
2361 4228 2615 4290 scriptum
2661 4239 2746 4281 est

1669 4304 1721 4351 in
1756 4302 1939 4352 codice
1973 4303 2197 4365 Veneto,
2233 4313 2291 4352 et
2323 4316 2462 4366 meo,
2495 4312 2554 4354 ut
2589 4314 2646 4356 et
2685 4307 2743 4358 iu
