3060 4902
756 380 824 426 c.
875 373 1122 425 Ριιιιιι
1174 362 1508 425 suenum
1556 374 1835 423 vanae.
1914 376 1962 421 ι.
2007 357 2117 425 28.

308 532 413 572 noa
444 527 553 571 tam
587 520 642 571 id
678 534 831 572 suum
857 519 1026 571 videri
1061 519 1219 570 debet
1253 519 1390 585 quod

313 600 548 656 abstulit,
591 613 750 664 qnam
796 597 939 662 quod
982 595 1145 646 dedit.
1229 597 1391 659 Nam,

317 688 436 725 cum
460 674 599 724 intra
625 674 794 739 ipsum
821 673 1093 722 volvantur
1113 671 1358 728 omnia...
1375 704 1388 719 .

313 753 564 817 quicquid
601 753 652 800 in
690 751 832 799 cives
865 755 1038 798 manat
1071 765 1100 796 a
1136 747 1391 812 principe,

314 828 583 878 redundat
608 829 661 877 in
684 826 1009 890 principem;
1042 833 1096 874 et
1122 824 1218 885 rei,
1241 835 1291 873 et
1315 823 1389 872 fa-

313 917 438 960 me,
459 904 597 953 bene
627 904 848 954 consulit
876 900 1143 951 munificus
1168 902 1388 964 impera-

319 988 424 1029 tor.
475 980 734 1029 Lucratur
757 978 893 1028 enim
915 977 1144 1040 gloriam,
1164 991 1279 1025 cnm
1300 977 1390 1026 dat

318 1058 596 1122 pecuniam
622 1054 983 1106 reversuram!
1016 1055 1258 1104 Schwars.

390 1135 546 1195 cnjus
572 1133 669 1197 est]
708 1135 831 1184 Seu.
875 1134 1009 1183 Ben.
1040 1145 1141 1181 νιι.
1175 1137 1226 1182 4.
1268 1131 1386 1183 ’Λᾶ

314 1225 475 1276 reges
505 1216 740 1275 potestas
766 1211 989 1259 omnium
1024 1210 1286 1273 pertinet;
1322 1208 1387 1258 ad

315 1289 554 1351 singulos
599 1286 929 1352 proprietas.’
973 1287 1102 1348 Cap.
1143 1292 1191 1335 5.
1242 1286 1388 1335 ‘Sub

318 1365 523 1426 optimo
557 1374 698 1426 rege,
722 1363 892 1413 omnia
911 1377 1006 1412 rex
1030 1363 1252 1426 imperio
1276 1377 1390 1426 pos·

317 1438 480 1496 aldet,
505 1439 694 1502 singuli
717 1438 975 1487 dominio.'
1010 1438 1164 1487 Beru.

389 1517 598 1567 Ταίιιιιι
613 1516 738 1580 ipse]
766 1515 1102 1564 Constantius
1122 1514 1296 1564 amicis
1314 1515 1390 1563 in-

315 1592 680 1655 crepantibus,
693 1592 826 1657 qnod
845 1590 1021 1641 fiscum
1038 1592 1392 1655 indiligentius

325 1675 563 1724 curaret,
581 1667 868 1731 respondit,
898 1676 912 1696 ⁸
934 1668 1106 1715 Bonus
1132 1670 1394 1731 princeps,

320 1746 412 1809 qui
435 1746 606 1808 magis
631 1761 661 1793 a
684 1745 786 1793 suis
809 1744 1043 1809 diligitur
1065 1760 1216 1810 quam
1240 1746 1392 1794 time·

320 1829 433 1883 tur,
455 1821 615 1870 babet
635 1820 888 1886 quidquid
921 1822 1061 1872 cives
1088 1821 1394 1886 possident.'

321 1897 479 1947 Idem.

384 1973 994 2037 Qamtnm·mnes,hubet]
1018 1973 1165 2024 Idem
1183 1975 1233 2024 in
1251 1989 1392 2024 meu-

319 2056 376 2099 te
418 2049 601 2098 babuit
643 2048 764 2098 Lat.
799 2047 987 2099 Pacat.
1027 2052 1062 2100 l.
1091 2066 1138 2100 c.
1166 2051 1392 2103 V‘Quam

320 2122 477 2173 affert
525 2138 761 2173 caussam
818 2125 1242 2187 concupiscendi,
1285 2127 1393 2191 qui,

321 2208 575 2266 qnantum
598 2200 789 2266 ubique
809 2202 1128 2263 est‚habet?’
1152 2204 1393 2254 δώωσι-τ.

389 2277 527 2328 Car.
550 2288 760 2326 xxvttt.
792 2276 905 2326 Alio
926 2293 999 2327 me
1013 2278 1169 2340 cocat]
1206 2278 1393 2329 Atten-

321 2351 456 2402 dant
495 2352 723 2401 rhetores
760 2353 1052 2414 elegantem
1095 2355 1396 2405 transeundi

307 2428 631 2489 formulam
666 2443 973 2494 quamquam
1007 2430 1253 2494 singulari
1278 2439 1392 2483 arte

319 2507 411 2555 hic
444 2510 626 2554 utatur
659 2515 850 2553 orator.
913 2505 1049 2554 Dum
1084 2507 1217 2555 euim
1253 2508 1395 2558 laudi

318 2581 662 2654 liberalitatis
703 2582 936 2646 Trajani,
974 2586 1256 2647 congiariis
1302 2587 1394 2636 ali·

318 2657 625 2722 mentisque
664 2657 848 2707 dandis
890 2667 1077 2722 partae,
1115 2661 1262 2710 nimis
1305 2662 1394 2711 diu

320 2735 582 2784 lubaerere
622 2735 786 2784 videri
825 2744 1064 2799 poterat3
1105 2752 1260 2801 nnnc,
1292 2753 1394 2788 nou

320 2825 456 2860 vera
491 2810 726 2875 quidem,
759 2813 851 2860 sed
888 2814 1126 2864 simulata
1172 2817 1398 2866 transiti-

309 2901 425 2937 one
449 2887 517 2935 ad
543 2895 903 2951 argumentum
922 2903 1130 2952 novum,
1148 2905 1287 2952 usus,
1305 2906 1395 2940 ex·

321 2965 459 3013 citat:
489 2964 635 3026 qnasi
670 2964 936 3014 auditores
970 2974 1027 3015 et
1061 2967 1304 3032 lectores,
1329 2983 1394 3017 ne

319 3041 561 3102 longiore
579 3041 725 3088 unius
747 3042 949 3090 virtutis
972 3043 1268 3093 laudatione
1291 3044 1392 3093 for-

322 3122 383 3167 te
407 3117 783 3178 languescant:
824 3117 987 3168 nihilo
1014 3121 1180 3170 minua
1206 3129 1398 3183 tamen,

319 3193 515 3242 idonea
540 3205 657 3239 usus
680 3193 1039 3254 excusatione,
1065 3197 1398 3260 prosequitur

321 3266 469 3316 idem
507 3276 888 3328 argumentum,
927 3269 1395 3337 liberalitatemque

320 3344 546 3407 Trajani
581 3343 748 3392 adbuc
779 3345 1102 3407 potissimum
1127 3362 1158 3396 a
1180 3346 1284 3397 flue
1310 3348 1396 3397 ho·

321 3419 623 3469 nestissimo
637 3419 979 3470 commendat.
1004 3421 1397 3479 Ceterum,‘nu·

319 3509 530 3547 nerosa
568 3494 763 3559 gloria'
790 3496 959 3547 Plinio
987 3498 1183 3548 dicitur
1206 3502 1397 3563 ampla,

320 3573 633 3635 multiplex,
668 3579 724 3621 et
765 3573 979 3637 copiosa
1017 3574 1215 3638 gloria;
1260 3577 1398 3627 sicut

323 3649 523 3704 eidem,
548 3649 716 3709 Epist.
745 3661 836 3698 nt.
856 3653 907 3699 9.
943 3651 958 3677 ‘
981 3653 1400 3704 numerosissima

324 3725 546 3779 caussa’
570 3727 913 3791 «licitumque
938 3730 1101 3779 multa
1118 3732 1295 3795 capita
1312 3731 1398 3780 lta-

321 3805 443 3867 bet,
462 3812 518 3852 et
536 3803 785 3852 latissime
808 3811 975 3866 patet.
1031 3807 1120 3855 Sic
1140 3815 1196 3857 et
1219 3815 1400 3857 auctor

321 3882 576 3932 carminis
613 3881 678 3931 ad
725 3882 902 3931 Pison.
937 3897 1013 3932 vs.
1042 3887 1127 3934 66.
1161 3884 1251 3939 ait,
1287 3893 1300 3914 ⁴
1324 3885 1400 3935 Te

323 3972 607 4009 numerosa
637 3959 790 4009 lande
821 3968 1034 4010 senatus
1057 3962 1254 4025 excipit
1275 3961 1308 4008 :⁹
1346 3969 1400 4013 et

325 4047 407 4084 vs.
453 4038 568 4086 125.
620 4035 638 4063 ‘
666 4036 852 4086 Virtus
896 4050 1170 4087 numerosa
1211 4037 1400 4101 juvat!

329 4110 485 4161 Iden.

392 4189 658 4239 Pecunio-
670 4187 958 4253 prendisti]
973 4187 1174 4239 Plinius
1190 4191 1401 4241 verbum

327 4265 702 4328 ‘profundere’
724 4267 812 4316 bic
828 4265 884 4316 iu
903 4265 1056 4316 lande
1074 4266 1253 4330 ponit3
1287 4281 1402 4319 cum

2400 358 2532 424 575

1466 518 1591 569 alibi
1623 519 1953 583 prodigorum
1984 531 2101 568 esse
2134 514 2342 567 dicatur
2373 516 2389 544 ‘
2410 530 2530 581 pro·

1462 594 1704 646 sundere'
1744 605 1833 646 aut
1872 603 1885 625 ⁸
1911 593 2182 646 effundere
2220 594 2533 658 pecuniam.’

1466 673 1579 723 Cic.
1604 670 1714 722 Off.
1740 687 1807 723 ιι.
1832 676 1912 720 15.
1947 679 1960 700 ⁴
1987 669 2182 727 Mutti,’
2205 671 2388 736 inquit,
2414 672 2538 735 ‘pue

1467 748 1708 798 trimonia
1739 748 2037 798 effuderunt
2064 747 2353 797 inconsulte
2377 748 2532 809 largi·

1466 825 1637 874 eudo.’
1702 827 1769 875 Et
1797 840 1841 874 c.
1867 828 1943 874 16.
1979 824 1996 851 ‘
2020 823 2255 886 Prodigi,
2282 823 2370 886 qui
2403 837 2529 887 epu·

1464 900 1550 956 lis,
1573 908 1628 950 et
1661 899 2110 955 viscerationibus,
2130 904 2186 948 et
2212 899 2531 962 gladiatoriis

1466 977 1781 1040 muneribus,
1818 977 2052 1026 ludorum
2098 975 2531 1039 venationumque

1465 1062 1744 1118 apparatu,
1773 1053 2018 1117 pecunias
2054 1050 2411 1116 profundunt,’
2432 1054 2532 1102 ἅς.

1467 1132 1569 1181 Sed
1610 1134 1775 1181 utitur
1815 1130 2014 1180 Plinius
2049 1130 2205 1179 nihilo
2237 1129 2402 1178 minus
2435 1130 2534 1179 hoc

1468 1208 1627 1257 verbo
1662 1208 1725 1256 ad
1767 1207 2173 1271 magnitudinem
2206 1205 2534 1256 liberalitatis

1462 1284 1681 1348 Trajsni
1723 1284 2145 1347 exprimendam3
2188 1282 2324 1333 haud
2364 1297 2536 1344 secus,

1467 1373 1529 1408 ac
1565 1360 1678 1409 Cic.
1711 1358 1941 1422 Philipp.
1965 1373 2052 1408 ιιι.
2070 1364 2126 1409 2.
2151 1359 2309 1407 verbo
2330 1366 2344 1388 ⁴
2370 1356 2531 1407 effun-

1465 1434 1625 1485 dere’
1661 1450 1780 1484 usus
1816 1435 1983 1485 estad
2012 1435 2432 1499 exaggerandam
2469 1436 2531 1484 C.

1469 1512 1594 1561 Oct.
1625 1512 1845 1562 Caesaris
1879 1511 2333 1575 magnificentiam.
2398 1512 2532 1561 Vide

1467 1587 1607 1638 infra
1641 1589 1769 1641 Obs.
1794 1597 2022 1640 nostram
2055 1588 2120 1638 ad
2146 1604 2265 1653 cap.
2290 1600 2465 1638 xxxv.
2487 1593 2536 1636 5.

1470 1664 1623 1713 Idem.

1532 1743 2004 1809 Averteressamum]
2042 1745 2206 1795 Notat
2228 1745 2312 1795 bic
2334 1745 2534 1794 Plinius

1469 1821 1682 1869 solenne
1726 1821 1999 1871 artificium
2045 1822 2296 1871 malorum
2342 1823 2535 1884 princi-

1468 1910 1611 1958 pum,
1642 1898 1754 1962 qui,
1783 1899 2035 1947 variorum
2070 1898 2324 1947 scelerum
2363 1897 2534 1946 crimi-

1468 1987 1692 2036 numque
1731 1975 1831 2024 sibi
1875 1974 2088 2038 conscii,
2129 1974 2194 2023 ad
2240 1973 2534 2022 leniendam

1471 2051 1647 2112 populi
1673 2050 2098 2115 indignationem,
2117 2057 2205 2099 aut
2227 2050 2290 2099 ad
2316 2051 2536 2113 compri-

1469 2125 1705 2174 mendam
1729 2127 1985 2178 sinistram
2017 2125 2223 2184 famam,
2246 2126 2531 2176 identidem

1469 2201 1830 2264 largitionibus
1880 2205 1957 2253 usi
2004 2211 2142 2252 sunt.
2232 2202 2534 2265 cujusmodi

1469 2280 1709 2341 exempla
1735 2281 1840 2342 jam
1876 2281 1959 2328 alii
1992 2281 2233 2328 attulere.
2298 2280 2410 2328 Nos
2445 2293 2536 2329 an·

1469 2362 1576 2403 tem
1613 2355 1943 2404 observamus
1974 2356 2137 2404 varias
2162 2356 2406 2420 loquendi
2429 2355 2535 2404 for-

1470 2433 1655 2494 mulas,
1677 2446 1803 2496 quas
1830 2432 2029 2482 Plinius
2052 2431 2115 2481 sd
2139 2432 2271 2481 hanc
2306 2446 2412 2482 rem
2445 2447 2534 2483 ex·

1472 2511 1787 2573 primendam
1825 2512 2051 2561 adhibet.
2118 2512 2348 2561 Primum
2385 2510 2535 2572 dicit,

1471 2586 1487 2614 ‘
1515 2588 1732 2649 pecunia
1764 2587 1969 2651 profusa
1993 2587 2182 2637 famam
2205 2594 2444 2637 avertere
2469 2588 2534 2637 ab

1471 2663 1816 2714 insectatione
1857 2662 2084 2727 flagitii;'
2135 2679 2272 2719 mox,
2312 2663 2534 2712 ‘tristes

1468 2738 1729 2789 hominum
1774 2753 2035 2789 sermones
2076 2741 2274 2789 laetiore
2318 2739 2537 2788 materia

1472 2817 1706 2865 detinere
1726 2817 1757 2879 ;’
1804 2817 2014 2874 deinde,
2049 2825 2063 2847 ⁴
2087 2818 2359 2879 congiariis
2398 2817 2533 2865 redi-

1471 2905 1616 2941 mere
1650 2894 1854 2956 culpam
1882 2902 1935 2943 et
1964 2894 2322 2943 crudelitatem
2337 2892 2372 2953 ς’
2408 2899 2536 2948 tum,

1472 2976 1488 2999 ‘
1513 2968 1848 3031 benefacere,
1884 2978 1961 3029 ut,
1999 2983 2111 3032 quae
2145 2970 2277 3017 male
2313 2967 2537 3032 feceras,

1474 3045 1682 3106 impune
1704 3043 1919 3093 fecisses
1936 3044 1969 3104 ;'
2004 3053 2282 3107 praeterea,
2302 3044 2317 3070 ‘
2340 3044 2538 3107 impen-

1473 3121 1559 3170 dio
1596 3122 1796 3171 veniam
1828 3120 2100 3186 quivere:
2120 3128 2208 3169 anit
2231 3127 2245 3148 ⁸
2270 3134 2490 3168 exorare
2505 3119 2540 3180 ς’

1473 3199 1673 3255 adhaec,
1700 3201 1714 3226 ‘
1739 3200 2072 3264 congiarium,
2095 3199 2203 3248 sive
2236 3197 2445 3257 donum,
2469 3196 2534 3246 ad

1472 3274 1646 3322 odium
1667 3275 1742 3322 sui
1763 3274 2076 3332 leniendum,
2095 3272 2411 3323 tumentibus
2430 3273 2538 3335 ple-

1473 3349 1550 3397 bis
1590 3350 1771 3398 animis
1807 3348 2112 3412 objectare!
2191 3350 2320 3401 Quae
2360 3363 2537 3398 omnes

1472 3424 1705 3477 formulae
1731 3426 1843 3478 fere
1877 3428 2013 3476 idem
2038 3426 2362 3490 significantz
2402 3426 2540 3475 unde

1472 3504 1526 3553 in
1552 3505 1668 3569 ipsa
1688 3504 1947 3554 brevitate
1973 3503 2214 3553 Pliniana
2238 3502 2438 3566 copiam
2462 3503 2537 3551 di-

1473 3583 1627 3631 cendi
1674 3595 1936 3645 agnoscas.
2020 3581 2128 3631 Cic.
2166 3580 2318 3629 Verr.
2360 3593 2414 3627 v.
2460 3583 2539 3628 lo.

1474 3658 1567 3714 ait,
1589 3660 1604 3686 ⁸
1636 3659 1750 3707 Non
1785 3659 1900 3707 ullis
1938 3665 2079 3707 recte
2108 3655 2284 3717 factis,
2314 3670 2414 3705 non
2447 3655 2538 3703 de-

1477 3735 1632 3797 nique
1667 3734 1840 3800 aliquo
1875 3733 2121 3784 mediocri
2149 3732 2304 3793 bono,
2327 3739 2403 3781 tot
2427 3739 2539 3780 tan-

1476 3818 1633 3874 taque
1668 3811 1780 3872 ejus
1817 3810 1940 3859 vitia
1964 3811 2229 3858 sublevata
2251 3823 2385 3871 esse,
2406 3807 2541 3855 exis·

1475 3886 1830 3937 timabuntnr.’
1876 3886 2021 3937 Idem
2048 3885 2199 3933 Verr.
2221 3897 2276 3934 x.
2299 3888 2348 3933 9.
2373 3892 2386 3913 ⁴
2408 3883 2540 3932 Haec

1475 3978 1601 4012 vero
1623 3962 1754 4027 (tam
1779 3962 1969 4012 acerba
1990 3959 2166 4024 mala‚)
2187 3975 2301 4026 quae
2328 3959 2409 4007 vel
2434 3959 2541 4007 vita

1477 4038 1659 4089 redimi
1686 4045 1829 4089 recte
1851 4045 2087 4103 possunt,
2109 4039 2362 4085 aestimare
2387 4046 2542 4096 pecu·

1476 4117 1559 4167 nia
1594 4132 1694 4165 non
1730 4117 1905 4181 queo!
1976 4114 2123 4165 Idem
2157 4113 2308 4162 Verr.
2334 4112 2542 4158 ιἰι.78.

1477 4196 1493 4223 ‘
1519 4194 1839 4244 Avaritioene
1862 4194 2071 4244 crimina
2094 4187 2404 4253 frugalitatis
2435 4187 2543 4234 lau-

1479 4270 1630 4321 dibus
1652 4271 1963 4335 deprecetur
1978 4268 2015 4316 ?’
2083 4269 2202 4318 Quo
2226 4265 2401 4328 verbo,
2420 4270 2434 4291 ⁴
2456 4263 2544 4311 de-
