3060 4902
735 368 799 417 c,
847 367 1085 416 eumn
1135 368 1465 418 saeuum
1517 371 1791 421 ermen.
1867 359 2053 423 1.65.

301 517 552 577 quantum
578 509 716 561 iufra
742 518 812 569 te,
837 512 1206 563 cernerentur!
1253 513 1362 563 Ali·

312 588 366 638 bi
394 588 605 652 passim.
641 589 806 638 Licin.

365 665 520 729 Leges
559 681 703 729 supra
733 667 1018 731 principem]
1061 665 1362 730 Apollonius

302 742 635 806 Vespasiano
670 756 731 791 n.
767 747 849 792 20.
888 751 942 791 et
986 748 1068 794 24.
1104 743 1361 806 ‘Legem'

298 821 489 886 iuquit,
513 823 528 849 ‘
547 823 850 885 imperatori
876 822 1125 871 dominari
1150 823 1359 884 debere,

295 900 421 963 quia
444 901 492 948 iu
520 899 619 948 illis
657 898 882 948 ferendis
905 900 1005 948 erit
1029 899 1359 963 moderatior,

296 976 342 1025 si
361 990 449 1025 eas
471 990 574 1026 nou
600 976 966 1026 contemserit.’
1000 977 1151 1025 Bern.

363 1053 586 1117 Idemque
630 1053 838 1116 Coesars']
872 1054 1003 1102 Idem
1047 1053 1228 1102 Coesuri
1273 1053 1358 1103 Li·

298 1130 402 1183 vin.
427 1131 478 1180 in
503 1138 652 1180 textu
676 1149 691 1192 ς
723 1131 812 1180 sed
851 1131 900 1179 in
927 1132 1171 1195 margine,
1204 1131 1358 1180 Idem·

307 1222 398 1271 que
427 1207 629 1256 Coesuri.
653 1208 721 1256 V.
740 1209 801 1257 C.

363 1285 426 1333 11⁸
449 1283 622 1345 legem]
657 1283 927 1345 Palam‚in
949 1285 1092 1345 leges.
1127 1286 1272 1349 Lips.

364 1362 427 1410 In
463 1361 636 1425 legem]
670 1362 792 1411 ‘Sic
838 1377 916 1410 me
953 1363 1211 1424 custodio,
1245 1371 1358 1413 tau·

296 1453 451 1503 quam
486 1439 711 1500 legibus,
746 1452 871 1502 quas
897 1452 962 1487 ex
986 1438 1163 1488 abdito
1195 1453 1254 1489 ac
1278 1448 1355 1489 te·

294 1516 469 1565 nebris
516 1516 566 1564 iu
609 1516 780 1564 lucem
824 1515 1056 1576 evocavi,
1103 1516 1354 1566 rationem

296 1590 596 1641 redditurus
621 1591 754 1640 sim.’
829 1592 1012 1641 Seuec.
1033 1591 1099 1641 de
1127 1593 1289 1644 Clem.
1313 1608 1352 1643 ι.

294 1668 453 1718 Bm.

367 1745 739 1795 eburonatibus
760 1744 856 1808 his]
898 1745 1268 1797 Observantibus
1289 1749 1354 1796 iis

293 1821 464 1871 Liviu-
487 1823 539 1870 in
572 1830 751 1882 textn3
787 1823 876 1872 sed
903 1823 954 1872 iu
975 1825 1226 1888 margine,
1255 1825 1352 1874 Ob·

292 1897 593 1949 sematibus
613 1898 688 1947 lois
709 1900 777 1949 V.
792 1899 851 1950 C.
873 1898 945 1950 R.

362 1975 760 2039 ohan-vantibus]
798 1977 1146 2038 senatoribus,
1181 1986 1236 2028 et
1258 1979 1350 2028 uli·

291 2053 503 2119 quaudo
526 2054 828 2104 conantibus
854 2052 1057 2104 futuris.
1090 2055 1222 2120 Lips.

359 2131 496 2180 Idem
525 2129 790 2190 jurandum
830 2130 922 2194 est]
976 2131 1039 2180 In
1086 2131 1348 2182 codicibus

292 2208 424 2258 Mss-
446 2208 733 2276 Yaticanis,
773 2206 975 2256 Veneto
1014 2210 1061 2257 2.
1096 2209 1349 2258 Salisbur-

293 2284 461 2349 gensi,
478 2298 612 2345 meo,
634 2291 690 2333 et
711 2282 844 2334 libro
865 2284 1134 2345 vossiano,
1158 2286 1350 2335 inutili·

290 2366 375 2411 ter
417 2362 672 2423 scriptum
719 2366 803 2410 est
842 2359 968 2410 idem
1008 2359 1351 2421 jusjurandum

290 2443 382 2489 ese.
412 2438 670 2489 Schwarz.

356 2515 576 2566 Maxime
598 2516 818 2579 interest,
854 2531 946 2565 non
981 2514 1214 2580 pejerare]
1250 2518 1348 2567 Be·

293 2593 501 2645 roaldus
523 2601 578 2643 et
597 2594 874 2645 Catauaeus
898 2609 991 2657 pro
1024 2595 1248 2658 maxime,
1274 2596 1348 2646 in-

291 2671 520 2720 solenter
556 2670 747 2720 babent
790 2671 1018 2720 maxima.
1086 2672 1350 2730 Ceterum,

292 2760 470 2796 omnes
508 2746 626 2795 libri
655 2760 810 2795 mauu
834 2749 1073 2811 typisque
1097 2751 1351 2812 exscripti

291 2822 484 2872 babent
502 2822 730 2885 peierare,
745 2833 936 2886 praeter
957 2823 1119 2889 Lipsii
1144 2832 1198 2875 et
1223 2825 1349 2874 Ber·

289 2898 529 2963 teneri,
572 2899 779 2963 Hackii,
816 2899 992 2963 Cevae,
1024 2908 1078 2949 et
1129 2901 1350 2952 Gesneri

291 2975 564 3030 editiones.
602 2976 652 3023 in
690 2975 874 3039 quibus
913 2975 1104 3039 legitur
1131 2977 1351 3042 pq'erari.

289 3051 476 3113 Miror,
491 3052 722 3115 Lipsium
744 3053 867 3101 nihil
892 3059 1178 3109 annotasse,
1194 3054 1348 3112 uude,

290 3135 347 3179 et
400 3142 515 3188 cur,
577 3128 708 3177 hanc
754 3129 1028 3179 lectionem
1072 3133 1348 3195 receperit.

290 3209 500 3266 Fateor,
514 3210 643 3259 hauc
660 3209 781 3259 mihi
800 3210 1043 3272 majorem
1070 3211 1118 3259 in
1142 3211 1347 3261 modum

289 3286 546 3343 arrisisse,
576 3302 692 3336 cnm
714 3287 916 3350 pejerari
953 3287 1017 3336 ad
1050 3301 1222 3336 omnes
1254 3288 1346 3337 im-

291 3364 438 3427 perio
475 3363 707 3413 Romano
744 3364 1018 3427 subjectos,
1049 3362 1260 3426 pq‘emre
1281 3363 1345 3413 ad

290 3455 448 3491 unum
468 3441 769 3505 Traianum,
786 3439 969 3491 referri
995 3455 1146 3505 posse
1172 3440 1347 3492 videa·

290 3526 408 3579 tur3
430 3518 574 3582 parui
593 3526 765 3567 tamen
785 3517 1085 3567 auctoritati
1109 3518 1345 3569 codicum

288 3595 421 3645 Mss-
461 3602 517 3645 et
553 3595 887 3656 plurimarum
930 3595 1235 3654 editionum,
1290 3604 1347 3647 et

288 3671 627 3734 explicationi
669 3671 956 3731 Arntzenii,
1012 3673 1096 3735 qui
1153 3682 1347 3736 mouet,

284 3749 300 3776 ⁶
319 3747 613 3797 interfuisse
626 3747 857 3811 Trajani,
879 3761 979 3796 uon
1005 3746 1254 3810 pejerare,
1279 3748 1345 3798 ad

288 3824 586 3887 exemplum
630 3822 824 3886 facti3'
858 3837 922 3873 ne
967 3825 1190 3885 scilicet,
1233 3825 1345 3888 ipse

287 3900 552 3965 pejerans,
593 3899 885 3963 exemplum
932 3899 1145 3964 perjurii
1188 3901 1344 3951 etiam

287 3978 401 4027 aliis
425 3975 704 4039 preberet.
740 3977 891 4026 Idem.

351 4052 586 4116 Interest]
623 4054 755 4103 Nam
780 4053 1068 4118 principum
1100 4059 1266 4103 status
1290 4062 1346 4104 et

282 4131 730 4195 salusjuramento
743 4130 1026 4195 nitebatur,
1043 4133 1179 4197 quod
1198 4139 1345 4196 quot-

285 4209 452 4269 annis,
470 4207 598 4270 ipsis
624 4206 873 4257 Kalendis
897 4208 1174 4271 Jauuariis,
1198 4222 1344 4259 sena·

285 4291 368 4334 tus
384 4282 688 4349 praestabat.
754 4285 953 4348 Scripsi
989 4284 1056 4336 de
1095 4286 1193 4336 boc
1235 4286 1341 4336 ritu

281 4360 543 4413 ad'racit.
565 4358 755 4412 Annal.
791 4373 912 4412 xvi.
947 4365 1028 4415 22.
1098 4364 1337 4415 Excursu

2357 360 2486 427 873

1436 512 1502 563 A.
1527 529 1579 577 p.
1599 520 1713 565 540.
1739 515 1789 564 in
1814 516 1971 566 verba
1990 532 2004 566 z
2023 516 2040 544 ‘
2061 515 2324 580 Principio
2344 519 2483 579 anni,

1437 591 1601 640 vitare
1638 593 1916 643 Thraseam
1969 595 2176 643 solenne
2224 595 2484 658 jusjuran-

1435 667 1596 715 dum.'
1661 669 1849 733 Itaque
1872 671 1913 718 si
1937 670 2066 719 fides
2090 671 2326 728 solvitur,
2346 671 2486 721 labat

1436 757 1610 793 eorum
1638 753 1890 808 potestus.
1922 747 2055 810 Lips.

1497 821 1755 886 Abiturus]
1802 823 1971 886 Hujns
2005 823 2157 871 moris
2194 824 2357 873 multa
2393 840 2480 873 ex-

1434 901 1629 963 empla,
1667 900 1718 948 in
1755 901 2023 963 Cicerone,
2054 900 2244 961 Dione,
2273 901 2481 950 Plutar-

1433 975 1550 1026 cho.
1617 977 1763 1026 Bona
1786 985 1841 1026 et
1872 978 2085 1038 provida
2108 978 2381 1036 institutio,
2400 995 2479 1028 re-

1433 1052 1621 1115 ligione
1652 1053 1988 1116 jurisjurandi
2032 1054 2260 1117 incipere
2297 1055 2483 1119 magis·

1434 1137 1645 1190 tratum,
1672 1139 1725 1178 et
1747 1129 1912 1179 finire.
1948 1130 2094 1179 Idem.

1493 1206 1728 1255 Abiturus
1767 1209 2009 1256 consulatu
2035 1208 2245 1274 jurasti]
2293 1209 2357 1258 Iu
2394 1225 2480 1259 co·

1431 1284 1548 1333 dice
1572 1286 1824 1333 Vaticano
1847 1289 1993 1334 3461.
2030 1300 2123 1349 pro
2161 1301 2286 1335 voce
2321 1287 2477 1336 abitu-

1428 1378 1528 1423 rus,
1546 1377 1814 1425 perperam
1839 1364 2088 1425 scriptum
2105 1373 2184 1413 est
2205 1365 2448 1414 habitum
2463 1381 2484 1422 ,⁶

1429 1453 1545 1502 quae
1568 1440 1825 1502 scriptura
1859 1441 2013 1488 etiam
2054 1454 2084 1488 a
2125 1441 2290 1503 prima
2324 1456 2479 1490 manu

1430 1525 1652 1580 apparet
1685 1517 1735 1565 in
1777 1517 1954 1567 codice
1993 1518 2387 1581 Salisburgensi,
2423 1527 2478 1568 at

1429 1595 1494 1643 ab
1520 1594 1622 1642 alia
1644 1608 1795 1644 manu
1819 1602 2049 1644 correcta
2068 1603 2166 1646 est.
2237 1596 2339 1646 Hic
2358 1610 2479 1644 vero

1428 1679 1678 1733 notamus,
1704 1672 1982 1735 Trajauum
2008 1673 2055 1721 in
2092 1674 2361 1722 consulatu
2384 1688 2479 1722 suo

1427 1750 1588 1798 tertio
1623 1756 1702 1798 ter
1737 1748 1971 1811 jurasse:
2003 1749 2243 1812 primum,
2283 1763 2383 1798 uon
2421 1750 2475 1797 in

1426 1826 1570 1874 curia
1594 1831 1648 1873 et
1672 1833 1872 1888 senatu,
1890 1825 2022 1889 qnod
2041 1826 2341 1889 Patarol‚et
2364 1827 2476 1890 qui·

1426 1900 1544 1951 dam
1588 1903 1694 1964 alii,
1735 1901 2027 1966 perhibent,
2063 1902 2154 1952 sed
2195 1903 2246 1951 in
2291 1917 2477 1965 campo

1424 1979 1640 2039 Martio,
1663 1986 1839 2028 vetere
1861 1979 1947 2028 illa
1971 1977 2242 2041 potestatis
2261 1980 2476 2043 popula-

1425 2055 1494 2103 ris
1529 2054 1673 2116 sede,
1707 2053 1795 2103 ubi
1833 2055 2112 2105 solenniter
2151 2056 2477 2105 renuntiatus

1424 2139 1504 2182 est
1526 2133 1721 2182 consul.
1789 2134 1869 2181 De
1893 2147 1994 2197 qno
2009 2132 2344 2196 jurejurando
2369 2134 2477 2181 Pli-

1423 2210 1537 2257 nius
1554 2210 1659 2273 egit
1682 2209 1913 2272 proximo
1935 2208 2125 2272 capite.
2190 2207 2397 2258 Deinde
2420 2208 2477 2258 in

1426 2287 1626 2347 rostris,
1648 2285 1734 2335 ubi
1758 2299 1833 2347 se,
1855 2293 2096 2349 tanquam
2125 2286 2385 2335 consulem
2420 2285 2477 2335 in

1425 2369 1669 2425 suggestu
1703 2360 2011 2410 ostendebat
2045 2362 2253 2424 populo,
2286 2369 2344 2409 et
2365 2361 2478 2410 reli·

1425 2440 1579 2503 gione
1615 2438 1956 2502 jurisjurandi
1996 2438 2195 2503 legibus
2236 2437 2476 2503 subjicie-

1423 2517 1535 2567 bat.
1601 2517 1680 2565 De
1732 2531 1832 2582 qno
1876 2514 2218 2580 jurejurando
2272 2516 2475 2565 Plinius

1424 2597 1535 2659 egit
1577 2594 1628 2644 in
1674 2595 1820 2644 initio
1859 2594 2006 2657 hujus
2048 2594 2254 2658 capitis.
2332 2595 2473 2644 Num

1425 2687 1550 2721 vero
1565 2671 1923 2735 jusjurandum
1943 2671 2038 2719 boc
2061 2686 2152 2734 pro
2169 2671 2347 2720 rostris
2363 2671 2475 2735 ipso

1423 2749 1587 2814 primo
1612 2757 1666 2798 et
1689 2748 1939 2812 auspicali
1962 2747 2045 2797 die
2068 2747 2385 2810 consulatus,
2419 2748 2474 2797 b.

1423 2839 1471 2873 e.
1492 2823 1734 2874 Calendis
1756 2823 2035 2883 sanant-iis,
2052 2838 2114 2872 an
2133 2824 2233 2872 alio
2252 2825 2473 2888 quodam

1422 2900 1505 2949 die
1532 2902 1781 2964 proximo,
1804 2916 1916 2950 cnm
1950 2901 2055 2964 jam
2084 2901 2256 2950 munia
2288 2915 2472 2950 cousu-

1422 2978 1558 3026 latus
1580 2976 1819 3026 obeunda
1854 2976 2246 3040 aggrederetur,
2278 2991 2309 3026 a
2339 2978 2474 3026 Tra-

1413 3053 1542 3117 jano
1564 3052 1634 3103 sit
1658 3052 1967 3117 praestitum‚
1992 3050 2206 3101 definire
2230 3065 2329 3101 uon
2353 3066 2471 3115 pos·

1421 3146 1550 3181 sum.
1616 3131 1770 3194 Apud
1795 3130 1909 3179 Liv.
1930 3142 2089 3178 xxxi.
2112 3132 2193 3177 50.
2217 3129 2326 3177 baec
2349 3129 2475 3190 legi·

1423 3222 1565 3258 mus:
1589 3210 1605 3236 ⁸
1626 3208 1685 3255 L.
1702 3207 1940 3256 Valerius
1961 3206 2194 3269 Flaccus,
2218 3206 2335 3269 quia
2353 3206 2472 3255 Fla·

1420 3299 1538 3333 men
1566 3283 1726 3333 Dialis
1757 3290 1888 3344 erat,
1909 3281 2086 3344 jurare
2109 3281 2160 3330 in
2196 3282 2337 3344 leges
2369 3296 2476 3331 non

1423 3367 1664 3426 poterat:
1721 3360 2077 3423 magistratum
2134 3366 2304 3408 antem
2357 3361 2473 3422 plus

1421 3438 1649 3502 quinque
1674 3436 1803 3497 dies,
1826 3436 1926 3484 uisi
1957 3435 2043 3500 qui
2066 3435 2115 3485 iu
2141 3436 2279 3500 leges
2303 3437 2474 3499 juras-

1421 3523 1522 3570 set.
1554 3527 1652 3562 uon
1693 3512 1882 3563 licebat
1922 3527 2103 3576 gerere
2108 3544 2257 3564 .....
2285 3515 2473 3578 Datus,

1421 3591 1504 3655 qui
1537 3590 1741 3653 juraret
1775 3604 1870 3653 pro
1906 3588 2090 3653 fratre,
2121 3591 2179 3640 L.
2216 3592 2472 3654 Valerius,

1423 3675 1623 3731 praetor
1658 3666 1988 3731 designatus.⁹
2050 3669 2203 3719 Nunc
2237 3670 2344 3732 agit
2367 3671 2471 3721 Pli-

1421 3746 1535 3794 nius
1554 3744 1618 3794 de
1641 3746 1792 3795 tertio
1805 3746 2165 3811 jurejurando,
2189 3749 2327 3812 qnod
2342 3750 2471 3797 Tra·

1411 3822 1586 3884 janus,
1614 3822 1723 3884 jam
1766 3822 2093 3885 depositurus
2138 3826 2473 3886 consulatum,

1419 3898 1604 3948 iterum
1631 3899 1680 3947 in
1708 3900 1888 3948 rostris
1914 3900 2178 3962 praestitit,
2208 3902 2296 3949 ubi
2323 3902 2470 3964 jura·

1419 3975 1514 4037 vit,
1535 3988 1590 4023 se
1614 3974 1665 4023 in
1690 3977 1954 4024 consulatu
1973 3977 2221 4025 scientem
2246 3978 2469 4040 pruden-

1421 4058 1630 4114 temque
1680 4050 1803 4099 nihil
1846 4059 2026 4099 contra
2070 4052 2210 4112 leges
2261 4051 2469 4101 fecisse.

1420 4127 1538 4178 Qua
1562 4128 1611 4175 in
1643 4141 1698 4175 re
1729 4141 1831 4175 non
1854 4127 2057 4191 quidem
2088 4128 2326 4191 exempla
2360 4132 2471 4192 plu·

1420 4204 1550 4253 rium
1585 4204 1800 4252 aliorum
1836 4205 2140 4266 principum.
2164 4205 2249 4269 qni
2287 4220 2352 4254 ex
2386 4222 2471 4257 su-

1420 4280 1601 4346 perbia
1632 4280 1880 4343 ejusmodi
1907 4280 2249 4344 jurajuranda
2284 4285 2471 4335 omise-

1419 4365 1557 4416 runt,
1592 4357 1684 4409 scd
1718 4359 1959 4424 exempla
1981 4358 2318 4427 privatorum,
2343 4363 2473 4430 pris-
