3060 4902
511 533 639 583 dent
662 532 820 583 vitam
853 532 1167 596 longiorem:
1202 534 1392 597 partim
1421 539 1581 598 anget

512 609 796 659 dictionem
835 608 1173 670 admirantia3
1210 609 1331 658 dum
1357 610 1582 672 Plinius,

512 688 658 751 quasi
709 685 1058 749 mirabundus,
1102 686 1299 736 indicat
1354 688 1580 737 futuram

511 764 777 827 ingentem
841 762 1230 812 multitudinem
1289 761 1581 819 infantium,

512 853 640 903 qnos
663 839 949 902 Trajanus‚
987 839 1029 888 si
1055 841 1288 903 longiore
1313 838 1582 890 frueretur

511 915 641 972 vita,
671 915 910 978 jussurus
941 921 1085 964 esset
1107 914 1292 965 referri
1327 916 1378 964 in
1404 930 1582 965 nume·

511 1005 625 1041 rum
664 991 1119 1041 alimentariorum.
1187 993 1331 1053 Ergo
1374 1000 1583 1041 senten·

512 1069 638 1120 tiam
666 1070 822 1120 Plinii
847 1070 984 1119 hunc
1008 1070 1060 1118 in
1085 1069 1295 1120 modum
1318 1072 1582 1133 explicare

511 1147 696 1196 velim:
735 1147 810 1202 Si,
849 1146 986 1211 quod
1029 1154 1287 1209 optamus,
1323 1150 1434 1196 dent
1471 1148 1581 1203 tibi.

514 1222 699 1276 Cesar.
722 1226 911 1271 ‹etatem
947 1222 1057 1282 Dii,
1076 1237 1214 1284 quam
1244 1224 1456 1279 mereris,
1480 1237 1583 1272 ser-

509 1304 710 1362 ventque
753 1299 983 1359 animum,
1038 1313 1174 1361 quem
1218 1301 1476 1348 dederunt:
1534 1304 1583 1350 et

509 1379 703 1437 quanto,
719 1375 778 1439 [i.
794 1375 957 1435 e0l1ei‚
976 1383 1171 1439 quanto
1188 1374 1338 1436 tum,]
1361 1375 1585 1436 mnjorem

508 1450 768 1508 infantium
804 1450 1012 1511 turbam,
1049 1465 1198 1514 quam
1242 1450 1450 1515 quidem
1484 1453 1583 1502 hoc

509 1536 770 1591 tempore,
803 1529 976 1577 iterum
1010 1535 1151 1593 atque
1181 1529 1372 1591 iterum,
1403 1530 1451 1577 in
1477 1529 1581 1577 sin-

507 1606 656 1667 gulos
684 1619 844 1655 annos
866 1607 1250 1666 nonos,jubebis
1271 1604 1461 1656 incidi!
1502 1606 1583 1652 Si·

507 1681 619 1731 mili
642 1680 971 1729 sere-ratione
992 1681 1217 1743 loquitur
1242 1681 1438 1730 Florus.
1477 1681 1582 1729 Hic

510 1759 666 1814 enim,
692 1766 963 1821 postquam
1001 1771 1074 1806 tv.
1094 1761 1145 1807 2.
1169 1760 1249 1806 89.
1280 1758 1449 1807 varios
1473 1758 1583 1808 Jul.

512 1834 738 1883 Caesaris
765 1833 1048 1895 triumphos
1074 1840 1447 1894 enumerasset,
1470 1839 1582 1881 tau·

509 1911 627 1961 dem
663 1912 809 1976 qnasi
840 1910 1258 1966 admirabundus,
1295 1918 1308 1938 ‘
1329 1912 1394 1961 Et
1420 1926 1583 1975 quan-

512 1996 568 2040 to
611 1990 811 2053 majora
847 1989 1032 2044 erant,’
1057 1990 1243 2055 inquit,
1267 1989 1282 2017 ‘
1308 1989 1374 2038 de
1396 1990 1582 2054 quibua

508 2078 612 2119 non
647 2066 980 2129 triumphavit
1002 2064 1046 2117 l'
1081 2066 1426 2126 Boxhornius,
1462 2065 1582 2114 Cel·

508 2142 686 2203 larius,
710 2152 763 2192 et
787 2144 870 2207 qui
897 2144 1031 2193 hunc
1054 2151 1174 2192 snnt
1200 2144 1387 2206 secuti,
1418 2158 1512 2206 pro
1535 2150 1582 2194 et

509 2226 704 2282 quanto,
739 2219 952 2269 edidere
983 2226 1048 2276 et,
1072 2222 1273 2284 quando.
1340 2220 1445 2269 Sed
1469 2221 1583 2270 haec

506 2297 727 2345 mutatio
753 2311 818 2345 ne
847 2296 996 2346 nnius
1032 2298 1236 2361 quidem
1271 2295 1469 2345 codicis
1505 2297 1582 2345 in-

507 2371 647 2422 dicio
670 2373 962 2435 adjuvatur.
1021 2374 1105 2421 De
1129 2372 1227 2422 hoc
1251 2381 1422 2421 autem
1449 2373 1583 2430 loco,

509 2463 572 2498 ac
598 2447 662 2498 de
688 2449 897 2498 notione
922 2457 1079 2512 atque
1104 2463 1197 2498 usu
1224 2447 1494 2512 particulae
1514 2454 1581 2506 et,

509 2525 767 2586 copiosius
790 2539 886 2586 ago
912 2524 962 2573 in
983 2526 1197 2573 Excurs.
1215 2537 1406 2572 xxxn.
1433 2525 1584 2573 Idem.

573 2600 774 2649 Jubebis
807 2599 981 2660 incidi]
1034 2600 1383 2662 Cuspinianus
1423 2609 1583 2663 auget

506 2675 598 2724 has
623 2690 798 2735 voces,
825 2675 1026 2725 adscito
1053 2677 1155 2725 alio
1181 2677 1359 2738 verbo,
1379 2678 1582 2742 videbis,

496 2751 686 2812 jubebis
705 2751 872 2800 incidi.
939 2751 1077 2801 Quia
1111 2765 1231 2800 vero
1269 2751 1482 2800 verbum
1507 2753 1580 2802 υἰ-

507 2827 639 2876 debis
670 2829 779 2890 jam
816 2827 868 2876 in
914 2828 1144 2890 pluribus
1185 2829 1428 2891 antiquis,
1462 2843 1580 2879 cum

507 2905 734 2970 scriptis.
759 2911 868 2954 tum
890 2905 1091 2953 excusis
1116 2904 1264 2953 libris
1296 2904 1577 2968 invenitur,

511 2983 596 3030 vix
627 2981 836 3030 dubium
872 2988 973 3044 est,
996 2981 1118 3045 quin
1142 2982 1487 3044 Cuspinianus
1523 2983 1576 3032 in

510 3059 732 3122 quodam
758 3065 959 3119 vetere,
978 3058 1067 3105 sed
1086 3059 1196 3120 jain
1221 3072 1283 3105 ex
1310 3058 1404 3106 bac
1429 3064 1578 3121 parte

507 3139 754 3196 corrupto
777 3134 976 3193 codice,
1002 3134 1105 3183 ista
1128 3131 1228 3182 duo
1252 3134 1409 3182 verba
1428 3134 1578 3182 simul

497 3210 689 3273 juncta
712 3209 985 3272 repererit.
1034 3210 1129 3258 Est
1152 3209 1271 3258 mihi
1296 3216 1467 3258 antem
1491 3223 1578 3258 ve·

511 3283 891 3340 risimillimnm,
914 3284 1012 3333 hoc
1039 3283 1249 3333 verbnm
1272 3284 1576 3349 videbisjam

510 3360 632 3408 olim
675 3375 704 3408 a
749 3359 907 3408 sciolo
963 3359 1186 3424 quodam
1231 3361 1443 3412 librario
1487 3370 1578 3411 aut

511 3443 814 3486 correctore
839 3438 1106 3488 contextui
1140 3439 1388 3488 orationis
1417 3439 1580 3487 intru-

509 3528 622 3563 sum
644 3513 825 3578 fuisse,
847 3517 954 3581 qni,
979 3532 1094 3566 cum
1125 3530 1292 3580 neque
1325 3517 1423 3566 vim
1462 3531 1580 3580 par-

510 3590 686 3639 ticnlae
726 3596 791 3646 et,
829 3606 995 3655 neque
1035 3606 1212 3640 verum
1253 3607 1397 3641 nsum
1442 3593 1582 3642 vocis

508 3671 707 3728 quanto,
728 3667 853 3715 satis
874 3667 1225 3727 intellexerit;
1258 3668 1392 3716 bunc
1409 3668 1580 3718 locum

511 3744 592 3804 ita
641 3742 1040 3803 emendandum,
1086 3758 1147 3792 ae
1191 3745 1380 3807 partim
1435 3745 1582 3807 quasi

505 3818 680 3882 ,animo
698 3819 1042 3882 supplendum
1061 3820 1285 3883 putavit,
1306 3821 1392 3882 Ee,
1409 3825 1584 3884 quanto

512 3896 737 3954 mitiorem
769 3895 1032 3954 infantium
1068 3895 1256 3946 turbam
1291 3897 1462 3946 iterum
1493 3897 1582 3947 ite-

509 3986 707 4034 rumque
737 3972 957 4030 videbi-53
1002 3978 1151 4022 tanto
1187 3973 1435 4036 majorem
1476 3978 1584 4022 tnr-

515 4046 634 4100 bam
655 4046 849 4109 jubebis
882 4047 1048 4097 incidi.
1117 4049 1248 4098 Cum
1281 4047 1469 4098 deinde
1498 4048 1584 4098 alii

514 4122 1009 4184 animadverterent,
1026 4131 1301 4187 utrumque
1318 4122 1456 4172 istud
1473 4135 1585 4172 ver-

503 4196 636 4261 ⁸bum
675 4200 758 4248 vix
781 4199 1051 4249 commode
1076 4214 1179 4249 nna
1202 4201 1365 4249 locum
1390 4199 1586 4249 habere

509 4286 684 4339 posse,
718 4277 1029 4329 alterutrum
1054 4274 1435 4329 exturbandum
1455 4288 1580 4328 cen-

1205 393 1426 442 NOTA-3
1475 392 1885 443 vsluoltust
1940 394 2024 443 ΙΝ

1655 539 1889 585 suerunt.
1941 533 2302 586 Extnrbarunt
2324 542 2497 586 autem
2519 535 2731 601 plurimi

1658 612 1867 662 verbum
1880 612 2091 673 jurbebis‚
2109 619 2313 662 retento
2338 616 2506 664 altero
2526 615 2730 666 videbis.

1657 689 1872 751 Verum,
1893 690 2015 737 milri
2047 703 2342 751 persuasum
2378 691 2570 752 liabeo,
2590 693 2728 754 poti·

1656 778 1749 813 ore
1787 765 1911 827 jure
1952 764 2313 814 vindicandum
2360 780 2471 816 esse
2509 766 2727 818 verbum

1643 839 1861 899 jubebis.-
1898 842 2117 905 primum
2154 842 2382 907 quidem,
2403 844 2642 908 quoniam
2666 842 2727 894 id

1657 919 1955 967 auctoritati
1995 918 2224 981 Traiani,
2278 920 2424 983 cujus
2475 921 2726 983 auspiciis

1655 993 1762 1043 ista
1781 994 2028 1044 alimenta
2051 995 2516 1053 distribuebantur.
2537 1011 2731 1046 couve-

1657 1068 1883 1119 nientius
1903 1079 2014 1121 est:
2053 1079 2296 1135 poterant
2311 1074 2447 1122 enim
2468 1074 2614 1123 multi
2634 1073 2725 1124 alii

1658 1145 1852 1203 videre,
1872 1147 2079 1196 nomina
2102 1148 2541 1197 alimentariornm
2558 1147 2727 1198 infan-

1658 1223 1783 1271 tium
1813 1223 2001 1272 tabulis
2023 1222 2377 1273 frumentariis
2401 1224 2595 1285 incidi3
2631 1226 2728 1275 sed

1657 1299 1810 1347 solius
1836 1299 2162 1362 imperatoris
2179 1307 2293 1347 erat
2308 1299 2499 1362 jubere
2516 1313 2577 1350 ea
2600 1300 2731 1350 inci·

1656 1373 1729 1423 di.
1799 1375 2026 1435 Deinde,
2061 1376 2188 1440 quia
2219 1375 2417 1425 Plinius
2446 1376 2543 1425 ltoc
2566 1376 2727 1427 verbo

1658 1453 1815 1502 etiam
1861 1453 1988 1502 alibi
2030 1454 2081 1502 in
2122 1453 2304 1503 eadem
2340 1454 2562 1504 materia
2604 1468 2727 1505 usus

1657 1535 1758 1579 est.
1826 1530 2015 1592 Capite
2040 1530 2175 1580 enim
2203 1544 2369 1580 xxvi.
2388 1535 2438 1579 8.
2487 1536 2503 1561 ⁶
2527 1532 2727 1583 Omnes

1658 1605 1870 1667 tamen,'
1903 1606 2091 1671 inquit,
2135 1606 2445 1671 ‘antequam
2486 1616 2539 1658 te
2582 1610 2727 1659 vide·

1658 1689 1797 1741 rent,
1821 1682 2109 1738 adirentve,
2135 1683 2315 1747 recipi.
2346 1683 2729 1747 incidi,jussis-

1659 1757 1735 1806 ti.’
1771 1759 1840 1807 Et
1862 1770 1933 1806 ιι.
1954 1762 2003 1808 5.
2039 1764 2053 1787 ·
2072 1758 2311 1808 Anseres
2330 1773 2598 1808 nnmerum
2615 1761 2727 1824 ejus

1655 1834 1905 1895 congiarii
1948 1834 2216 1898 facilitate,
2261 1835 2615 1900 majoremque
2670 1838 2728 1886 in

1659 1919 1924 1972 posterum
1978 1912 2188 1974 suscipi,
2234 1912 2563 1963 liberalitatis
2619 1919 2726 1965 tum

1657 1983 1761 2035 fide
1786 1986 2032 2048 jussisti.'
2103 1988 2392 2051 Praeterea,
2414 2002 2582 2053 neque
2606 2004 2727 2039 ver·

1657 2059 1775 2110 bum
1804 2061 1995 2121 jubebis
2026 2064 2162 2113 hunc
2186 2064 2236 2112 in
2272 2065 2441 2113 locum
2466 2076 2727 2128 reponen-

1657 2135 1800 2197 dum,
1848 2153 2058 2200 prorsus
2102 2138 2350 2203 suffragio
2397 2140 2726 2203 antiquitatis

1655 2212 1978 2264 destituitur.
2023 2215 2086 2263 Id
2111 2217 2246 2265 enim
2269 2215 2437 2266 codex
2464 2218 2725 2274 Venetus.

1656 2295 1710 2338 et
1735 2288 1867 2337 liber
1889 2290 2028 2351 prior
2048 2290 2228 2352 Gudii,
2253 2291 2525 2357 exhibent,
2560 2301 2721 2358 atque

1655 2366 1885 2428 Scaliger
1919 2375 1976 2419 et
2010 2368 2063 2418 J.
2097 2368 2158 2418 F.
2194 2369 2489 2420 Gronovius
2534 2370 2724 2433 probs-

1655 2448 1809 2503 runt3
1844 2441 2088 2508 idemque
2116 2446 2227 2508 jam
2262 2446 2315 2495 in
2347 2446 2551 2496 excusis
2575 2447 2725 2499 libris

1655 2521 1883 2578 edidere,
1929 2522 2155 2585 Lipsius,
2206 2523 2553 2587 Parisienses,
2594 2525 2725 2576 Ber·

1655 2611 1872 2661 negger‚
1915 2598 2151 2648 Patarol.
2221 2600 2340 2649 Non
2377 2614 2523 2661 vero,
2554 2599 2656 2650 nisi
2692 2614 2725 2651 e

1656 2673 1856 2722 librarii
1896 2675 2107 2725 audacis
2143 2675 2427 2725 mutatione
2465 2682 2562 2738 est,
2584 2676 2724 2739 quod

1658 2750 1872 2813 legimus
1910 2752 1961 2799 in
1997 2750 2182 2801 codice
2208 2752 2520 2814 Guelpltico,
2541 2751 2728 2803 videbis

1654 2826 1706 2875 in
1738 2827 1856 2876 dies.
1925 2827 2191 2883 Ceterum,
2213 2828 2424 2877 verbnm
2444 2828 2595 2878 incidi
2620 2829 2725 2878 Pli-

1656 2903 1769 2951 nius
1794 2902 1965 2952 denno
2003 2902 2238 2958 adhibet.
2270 2904 2407 2969 quod
2429 2906 2540 2966 jam
2562 2919 2727 2969 snpra

1656 2987 1923 3040 posuerat,
1965 2993 2130 3029 xxvr.
2170 2984 2220 3030 8.
2252 2981 2447 3030 ‘incidi
2477 2981 2725 3044 jussisti:

1656 3054 1773 3105 Quo
1797 3056 1956 3105 verbo
1980 3056 2178 3105 Plinius
2200 3057 2435 3121 respexit
2456 3057 2726 3123 antiquum

1655 3145 1854 3181 morem
1879 3132 2141 3182 incidendi
2171 3134 2380 3197 nomina
2404 3134 2726 3184 alimentari-

1654 3220 1801 3257 ornm
1837 3208 1888 3257 in
1923 3209 2108 3271 titulis,
2134 3208 2243 3258 sive
2279 3208 2467 3258 tabulis
2500 3206 2727 3260 frumen·

1657 3284 1819 3349 tariis,
1853 3285 2015 3349 iisqne
2058 3286 2169 3334 sine
2213 3285 2373 3335 dubio
2410 3285 2590 3347 eneis,
2658 3287 2726 3338 Id

1656 3363 1790 3410 enlm
1816 3362 1982 3412 adlruc
2005 3377 2098 3413 sno
2121 3371 2355 3424 tempore
2378 3363 2625 3413 usitatum
2649 3365 2732 3415 in·

1658 3437 1799 3486 dicat
1813 3439 2209 3487 Valentinianus
2223 3438 2409 3487 Senior
2427 3439 2729 3502 imperator.

1657 3509 1708 3560 in
1734 3514 2106 3562 constitutione
2135 3513 2342 3563 Codicis
2373 3514 2633 3564 Theodos.
2657 3515 2727 3566 de

1658 3586 1894 3636 Annonis
1940 3588 2152 3645 Civicis.
2199 3590 2315 3652 lege
2357 3594 2407 3637 6.
2479 3589 2724 3642 ‘Quibus

1658 3661 1993 3725 (gradibus),’
2021 3664 2207 3728 inquit,
2239 3667 2253 3693 ⁸
2279 3664 2459 3714 titulus
2487 3664 2728 3729 figendus

1661 3746 1743 3787 est
1764 3752 1959 3794 oeneus,
1980 3740 2031 3787 in
2057 3753 2227 3804 quem,
2263 3748 2317 3789 et
2342 3742 2490 3803 panis
2522 3740 2727 3803 modus,

1660 3822 1717 3865 et
1740 3814 2082 3877 percipientis
2116 3829 2323 3878 nomen,
2354 3815 2568 3868 debebit
2598 3817 2728 3868 inci·

1661 3892 1751 3941 di:
1816 3891 1917 3940 Ille
1949 3891 2167 3942 ‘titulus
2199 3892 2411 3948 oenens,¹
2441 3900 2500 3944 nt
2522 3893 2728 3944 Gotho-

1657 3968 1833 4019 fredus
1855 3968 1988 4018 bene
2018 3976 2417 4032 commentatur,
2453 3975 2578 4019 tom.
2596 3981 2651 4022 v-
2677 3984 2730 4036 p.

1658 4049 1774 4096 243.
1812 4052 1929 4096 erat
1967 4044 2148 4095 tabula
2179 4049 2359 4105 oenea3
2397 4044 2502 4101 nbi,
2531 4054 2731 4109 prseter-

1654 4123 1818 4174 Plinii
1837 4124 1969 4186 loca,
1988 4122 2148 4172 etiam
2177 4120 2327 4171 affert
2349 4122 2519 4172 locum
2543 4138 2609 4174 ex
2631 4124 2731 4175 Se-

1659 4212 1791 4250 neca
1813 4199 1878 4248 de
1898 4197 2084 4251 Benef.
2098 4212 2217 4263 cap.
2235 4202 2319 4248 28.
2352 4201 2367 4228 ‘
2386 4199 2729 4253 Frumentum

1661 4275 1927 4342 publicum
1955 4281 2060 4326 tam
2083 4273 2189 4340 fur,
2208 4286 2360 4340 qnam
2387 4275 2646 4339 perjurus,
2666 4284 2728 4328 et
