3060 4902
778 386 840 430 c.
887 383 1123 435 eumn
1174 383 1504 436 saeuum
1557 381 1834 434 nnuc.
1911 371 2100 457 ¹·49·

338 535 451 577 men
474 539 661 576 omnes
682 521 892 578 codices
922 529 1050 578 Mss.
1085 534 1141 578 et
1177 528 1396 592 antiqui-

334 615 449 650 ores
495 602 762 652 editiones
805 603 924 652 huic
964 605 1077 653 loco
1116 603 1400 653 vindicant.

334 677 593 728 ‘Cubile’
638 680 760 729 alias
807 681 970 728 lectus
1012 679 1203 728 dicitur
1242 694 1271 728 a
1310 694 1398 728 cn-

335 756 535 807 bando:
568 758 667 807 hoc
690 758 802 806 loco
826 758 1066 807 videntur
1083 758 1258 806 cubilia
1276 757 1398 819 poni

332 847 427 897 pro
463 833 740 892 cubiculis,
762 834 810 882 b.
832 849 881 882 e.
917 848 1012 897 pro
1044 832 1395 889 conclavibus,

333 909 383 957 in
405 910 595 973 quibus
620 909 812 959 cubilia
833 916 1159 970 sternuntur;
1185 916 1239 958 ut
1258 909 1395 972 apud

333 985 503 1035 Tacit.
525 985 717 1036 Anual.
741 1001 780 1035 1.
799 991 881 1036 49.
911 986 927 1012 ‘
950 986 1068 1035 Nou
1107 985 1337 1035 adversis
1365 999 1396 1034 e

333 1063 534 1119 eastris,
558 1062 652 1111 sed
685 1060 868 1110 iisdem
906 1075 936 1109 e
970 1059 1243 1116 cubilibus,
1267 1074 1395 1124 quos

334 1137 479 1186 simul
516 1146 797 1187 vescentes
831 1137 963 1197 dies,
1006 1138 1156 1188 simul
1197 1137 1396 1200 quietos

335 1227 451 1268 nox,
480 1213 755 1268 babuerat.
787 1213 1066 1263 discedunt
1099 1214 1147 1262 in
1185 1212 1398 1277 partes.'

336 1289 468 1339 Item
504 1289 649 1353 apud
684 1291 899 1340 Sueton.
925 1291 1053 1341 Ner.
1088 1305 1135 1340 c.
1158 1295 1240 1338 25.
1270 1290 1394 1339 ‘Sa-

331 1380 444 1415 cras
483 1380 706 1416 coronas
746 1367 799 1416 iu
842 1367 999 1415 cubili
1044 1367 1184 1416 circa
1227 1369 1393 1416 lectos

334 1441 540 1507 posuit)
611 1444 778 1493 Erant
800 1457 919 1491 vero
952 1445 966 1473 ‘
988 1443 1229 1492 cubicula
1253 1443 1395 1492 diur-

333 1532 416 1575 na.
451 1517 855 1583 nocturnaque,’
895 1524 1031 1567 teste
1072 1519 1183 1582 ipso
1219 1519 1393 1568 Plinio

332 1603 528 1657 nostro,
566 1596 739 1657 Epist.
774 1609 812 1644 1.
836 1600 886 1644 3.
915 1603 931 1625 ‘
951 1593 1191 1652 Diurna,'
1228 1597 1392 1659 expli·

331 1679 477 1722 caute
508 1669 799 1733 8cbeffero,
835 1679 988 1720 erant
1023 1671 1310 1733 conclavia,
1340 1674 1392 1722 in

330 1762 461 1810 que,
492 1749 689 1798 secreti
729 1749 922 1810 negotii
958 1762 1155 1809 caussa,
1183 1751 1392 1799 secede-

330 1825 473 1889 baut,
490 1820 574 1881 tit,
603 1825 844 1875 submota
878 1825 1026 1875 turba
1049 1825 1393 1884 familiarium,

329 1903 442 1965 soli,
472 1903 561 1952 vel
597 1917 713 1952 cum
756 1904 954 1966 paucis,
986 1909 1197 1966 possent
1233 1918 1395 1967 expe-

328 1977 454 2042 dire,
498 1995 617 2044 qua
653 1978 800 2029 factu
841 1987 992 2029 erant
1031 1995 1193 2044 opus:
1236 1981 1391 2031 ‘noc-

329 2055 520 2119 turna,’
554 2071 668 2121 qun
707 2057 874 2120 Epist.
909 2069 969 2107 tt.
1003 2060 1084 2106 17.
1119 2056 1391 2106 ‘cubicula

328 2132 497 2182 noctis
530 2139 588 2181 et
622 2131 821 2181 somni’
854 2139 1123 2192 vocantur,
1156 2132 1243 2181 ubi
1269 2133 1391 2182 lecti

324 2217 498 2266 erant.
524 2209 574 2258 in
594 2210 782 2273 quibus
805 2210 1032 2274 quietem
1054 2224 1393 2276 somnumque

324 2287 627 2349 capiebant.
712 2288 1069 2338 Domitianum
1114 2302 1239 2337 vero
1288 2302 1391 2338 nou

326 2363 535 2425 quidem
559 2362 610 2411 in
632 2363 649 2392 ‘
667 2362 842 2425 lecto‚'
864 2369 1035 2413 tamen
1060 2363 1110 2412 in
1146 2370 1161 2393 ·
1181 2363 1388 2414 cubicu-

326 2438 413 2500 lo‚'
432 2438 776 2491 interfectum
812 2438 972 2491 refert
1002 2440 1217 2491 Sueten.
1241 2457 1287 2490 c.
1311 2445 1392 2490 16.

323 2518 343 2549 ⁴
360 2518 572 2583 Itaque,
595 2519 862 2567 summotis
884 2518 1141 2575 omnibus,
1166 2519 1217 2567 in
1249 2518 1392 2567 cubi·

320 2595 501 2644 calum
535 2607 591 2644 se
632 2594 853 2659 recepit,
889 2604 1046 2660 atque
1080 2595 1153 2644 ibi
1193 2595 1392 2645 occisus

324 2670 446 2721 est!
498 2669 744 2720 Schmun.

388 2746 616 2809 &nique
633 2746 862 2811 secessus]
897 2747 1001 2798 Ubi
1033 2761 1173 2798 saeva
1196 2755 1250 2798 et
1276 2748 1393 2798 tris-

325 2824 404 2873 tia
425 2823 835 2874 machinabatur.
871 2824 1041 2873 Tacit.
1066 2825 1115 2873 in
1144 2824 1318 2888 Agrie.
1344 2840 1391 2874 c.

323 2903 413 2950 ⁸9.
443 2907 459 2928 ‘
477 2900 735 2965 Quodque
770 2914 920 2948 saevae
956 2901 1285 2963 cogitationis
1315 2902 1391 2952 in·

323 2976 522 3026 dicium
567 2984 702 3040 erat,
741 2984 947 3027 secreto
991 2991 1084 3027 suo
1137 2976 1392 3028 satiatus!

324 3052 463 3115 1⁴⁶9·-

390 3131 457 3180 Ῑιι
498 3132 638 3197 quos]
683 3131 885 3182 vitiose
926 3131 1176 3195 scriptum
1215 3139 1298 3181 est
1337 3131 1388 3181 in

326 3205 631 3263 Parisiensi,
656 3214 709 3255 et
735 3207 787 3256 in
809 3209 1012 3256 Veneto
1036 3212 1081 3256 1.
1107 3206 1307 3263 codice,
1336 3209 1390 3255 in

326 3296 436 3343 quo.
492 3281 577 3331 Ita
598 3283 651 3332 in
676 3283 773 3332 hoc
794 3285 970 3346 capite
998 3284 1152 3332 etiarn
1178 3285 1278 3333 alia
1298 3285 1389 3332 bu-

318 3358 410 3420 jus
456 3360 663 3421 generis
704 3360 893 3409 ruenda
933 3367 1232 3417 occurrunt,
1272 3376 1388 3425 quae

324 3432 439 3482 fere
459 3434 622 3484 taedet
649 3436 727 3485 rel
750 3437 937 3485 leviter
960 3445 1239 3497 annotare;
1265 3451 1314 3485 v.
1341 3452 1392 3500 g.

325 3523 503 3573 supra,
529 3525 625 3574 pro
646 3511 815 3567 Poeuu.
839 3511 1004 3561 codex
1028 3511 1390 3577 Guelpherby-

326 3593 481 3636 tanus
527 3586 687 3637 babet
724 3589 986 3645 Poenates,·
1037 3604 1132 3652 pro
1183 3595 1389 3652 apertus,

324 3662 498 3713 codex
528 3664 763 3714 Venetus
795 3668 843 3715 2.
878 3672 1051 3729 apum
1085 3680 1177 3728 pro
1211 3667 1390 3715 divini·

321 3743 420 3799 tas,
440 3738 559 3789 cod.
585 3739 904 3803 Gnelpherb.
937 3747 991 3789 et
1026 3739 1161 3790 liber
1181 3741 1389 3792 Vossia-

325 3828 422 3866 nus
447 3816 704 3867 diversitas
719 3833 741 3874 ,·
775 3830 871 3880 pro
894 3816 1082 3879 timore,
1107 3817 1272 3867 codex
1295 3819 1388 3868 Sa·

323 3893 661 3955 lisbnrgensis
716 3899 934 3951 tumor-n
992 3908 1087 3956 pro
1140 3894 1390 3955 agebatur,

325 3968 444 4020 eod.
466 3969 640 4018 Vatic.
661 3972 807 4018 8461.
831 3969 1153 4033 Guelpherb.
1179 3978 1234 4019 et
1256 3969 1390 4019 liber

323 4046 629 4110 Vossianus,
660 4044 953 4107 angebatur,-
990 4059 1083 4108 pro
1105 4060 1247 4108 nunc,
1271 4044 1388 4095 cod.

323 4122 494 4173 Paris.
548 4130 607 4172 et
662 4129 887 4186 uterque
941 4122 1193 4186 Venetus,
1260 4127 1388 4175 tunc.

323 4199 582 4249 Schwartz.

394 4276 590 4336 Quanto
610 4287 738 4330 mc
766 4272 938 4340 tutior]
973 4273 1260 4340 Singularis
1284 4274 1389 4328 lec·

2402 371 2534 438 729

1474 530 1549 579 tio
1572 535 1650 578 est
1672 529 1823 593 liujus
1845 529 1963 591 loci,
1983 543 2138 594 quam
2162 529 2395 593 suggerit
2417 532 2535 581 uni·

1473 618 1566 654 cus
1589 605 1755 655 codex
1782 605 2205 668 salisburgensis.
2275 606 2359 655 Ibi
2394 609 2531 659 enim

1472 688 1641 731 totum
1664 683 1798 731 huuc
1819 684 1987 732 locum
2014 684 2087 732 ita
2112 690 2380 732 exaratum
2403 684 2534 748 legi-

1472 771 1616 806 mus:
1657 759 1847 814 Quanto
1877 764 1930 807 tu
1961 758 2128 818 πιτύαν,
2155 764 2285 807 tanto
2313 761 2537 809 securior.

1474 833 1659 881 Eadem
1696 835 1880 897 domus,
1917 839 2021 896 post
2051 835 2154 895 ejus
2188 841 2400 891 mortem,
2437 851 2532 886 iton

1469 911 1790 973 crudelitatis,
1822 913 1906 959 sed
1937 912 2128 967 umoris,
2162 911 2404 972 excubiis5
2437 929 2531 964 non

1469 987 1725 1036 solitudine
1748 993 1792 1036 et
1815 988 2055 1044 claustris,
2086 989 2169 1037 sed
2202 988 2378 1038 civium
2410 993 2530 1040 cele·

1470 1060 1666 1123 oritate,
1686 1063 1974 1122 defenditur.
2018 1064 2134 1113 Non
2155 1066 2532 1116 contemnenda

1472 1138 1682 1187 videtur
1718 1140 1832 1188 liaec
1874 1140 2046 1195 lectio,
2085 1140 2128 1189 si
2169 1140 2400 1204 inprimis
2438 1158 2534 1207 pro

1471 1216 1654 1265 vocula
1677 1216 1794 1279 ejus,
1820 1226 2107 1280 reponatur
2130 1219 2293 1276 iltius,-
2326 1220 2416 1271 sed
2444 1236 2532 1272 ve-

1470 1292 1741 1344 hementer
1775 1310 1976 1357 vereor,
2007 1310 2074 1344 ne
2110 1296 2175 1344 ab
2207 1296 2417 1359 ingenio
2450 1312 2530 1347 ar·

1471 1369 1583 1431 guti
1627 1370 1823 1418 librarii
1863 1370 1975 1420 haec
2012 1371 2267 1421 correctio
2307 1373 2377 1422 sit
2412 1388 2530 1438 pro·

1470 1443 1632 1493 fecta.
1679 1445 1827 1493 Idem.

1540 1522 1798 1584 Postquam
1817 1535 1910 1569 uon
1931 1521 2254 1583 crudelitatis]
2291 1521 2529 1572 Antehac

1469 1599 1626 1661 vulgo
1662 1599 1714 1646 in
1749 1598 1949 1647 excusis
1981 1597 2364 1661 exemplaribus
2395 1599 2531 1659 lege·

1470 1673 1625 1723 batur
1665 1679 1914 1736 postquam
1945 1673 2050 1733 ejus
2085 1689 2178 1723 non
2214 1674 2533 1736 crudelitatis,

1468 1751 1551 1811 «isc.
1615 1748 1702 1797 Ita
1745 1749 1903 1798 etiam
1945 1750 2224 1799 Catanaens
2265 1751 2316 1799 in
2363 1750 2529 1814 prima

1469 1826 1700 1876 editione
1723 1827 2100 1877 Mediolanensi
2125 1842 2207 1882 au.
2232 1831 2375 1877 1506.
2410 1842 2529 1892 pro-

1468 1901 1710 1964 diderat;
1768 1903 1860 1953 sed
1908 1904 1959 1952 in
2004 1903 2179 1954 indice
2234 1911 2527 1954 erratorum

1467 1978 1954 2042 typographicorum
1989 1981 2119 2028 calci
2150 1979 2353 2044 adjecto
2369 1981 2531 2043 jussit

1468 2068 1750 2117 pronomen
1776 2055 1876 2115 qius
1896 2056 2076 2105 deleri.
2133 2057 2309 2120 Atque
2339 2057 2412 2105 ita
2436 2057 2527 2106 de-

1466 2132 1627 2181 letum
1669 2132 1916 2196 deinceps
1954 2133 2228 2183 exhibetur
2257 2135 2308 2182 in
2342 2133 2529 2182 editio·

1468 2207 1618 2257 nibus
1652 2208 1885 2257 Catanaei
1924 2210 2141 2258 Venetis
2175 2223 2257 2258 an.
2296 2214 2439 2259 1510.
2477 2215 2532 2261 et

1471 2287 1616 2333 1519.
1680 2283 1821 2334 Quin
1842 2284 1978 2333 idem
2010 2299 2289 2349 pronomen
2312 2286 2411 2346 <ius
2432 2286 2531 2336 eti·

1468 2375 1550 2410 am
1592 2360 1830 2409 omissum
1871 2368 1953 2410 est
1993 2360 2045 2409 in
2085 2360 2314 2410 editione
2354 2359 2532 2413 Paulli

1464 2436 1719 2499 Stephani
1756 2433 1842 2486 ani
1872 2439 2018 2488 1601.
2051 2442 2105 2486 et
2143 2435 2192 2485 in
2231 2436 2530 2487 Genevensi

1468 2527 1552 2562 an.
1588 2517 1733 2562 1648.
1771 2514 1825 2562 in
1860 2517 1913 2563 4.
1954 2512 2075 2563 Jam
2115 2514 2407 2576 suspicatus
2445 2520 2529 2564 est

1469 2589 1752 2653 Livineius,
1773 2589 1825 2638 in
1852 2590 1977 2638 vitio
2000 2603 2112 2640 esse
2136 2603 2199 2639 ea
2223 2591 2398 2653 verba,
2415 2591 2531 2640 vul-

1465 2679 1532 2729 go
1556 2666 1718 2724 edita,
1739 2666 2021 2730 quamlibet
2040 2666 2364 2715 consentiant
2382 2665 2529 2729 libri3

1468 2748 1523 2793 at
1560 2757 1739 2807 parum
1775 2742 2001 2794 feliciter
2040 2757 2135 2807 per
2173 2743 2405 2792 additam
2442 2758 2527 2793 vo-

1466 2834 1581 2870 cem
1622 2820 1784 2869 uditus
1822 2820 2132 2869 sententiam
2177 2822 2395 2882 explere
2439 2835 2529 2869 vo-

1463 2898 1580 2955 luit,
1607 2907 1663 2947 ut
1688 2898 1967 2960 legeretur,
1985 2902 2232 2960 postquam
2252 2898 2411 2945 aditus
2427 2896 2528 2956 <ius

1465 2990 1559 3023 non
1594 2975 1732 3022 crud.
1766 2976 1847 3033 esc.
1916 2974 2121 3035 Lipsius
2142 2973 2294 3020 etiam
2320 2972 2531 3021 haesita·

1466 3050 1705 3101 bnudus:
1739 3051 1753 3079 ‘
1784 3046 2117 3112 Legeudum‚'
2149 3048 2335 3113 inquit,
2369 3049 2533 3110 ‘post-

1464 3142 1604 3189 quam
1639 3139 1729 3183 ρας
1774 3133 1861 3174 ant
1899 3126 2077 3174 vocula
2109 3123 2278 3187 deest,
2314 3125 2532 3174 dominus

1462 3203 1579 3262 eius,
1602 3201 1805 3251 talisve.
1875 3201 1956 3250 An
1994 3201 2166 3263 placet
2189 3202 2325 3250 herus
2352 3201 2456 3265 legi
2478 3200 2527 3250 θ’

1465 3280 1804 3328 Heumannns
1819 3278 1869 3327 in
1885 3280 2119 3329 Poecile:
2141 3280 2156 3308 ‘
2178 3279 2280 3329 Hic
2299 3280 2391 3329 tibi
2412 3280 2533 3330 sub·

1464 3352 1666 3404 scribo:
1701 3353 1799 3401 uisi
1822 3354 1955 3416 quod
1983 3368 2076 3416 pro
2099 3353 2219 3415 ejus,
2241 3355 2528 3406 rescribere

1464 3431 1563 3482 tuis
1596 3429 1804 3493 gestio!
1871 3427 2108 3480 Candide
2142 3430 2209 3480 de
2238 3431 2314 3479 bis
2354 3446 2528 3481 emen·

1465 3508 1624 3557 dandi
1647 3507 1931 3557 rationibus
1956 3506 2214 3556 Baudius:
2248 3515 2262 3538 ⁸
2283 3507 2532 3572 Utjuris-

1464 3584 1722 3641 consulti,'
1754 3585 1945 3648 inquit,
1978 3590 1993 3614 ‘
2016 3584 2125 3632 sine
2158 3585 2303 3647 lege3
2339 3584 2414 3634 ita
2436 3599 2532 3635 nos

1465 3661 1579 3710 sine
1619 3663 1931 3710 auctoritate
1967 3661 2319 3710 erubescimus
2355 3660 2533 3725 loqui!

1464 3737 1683 3787 Plurimi
1706 3737 1908 3787 codices
1927 3738 2059 3786 Mss.
2082 3737 2299 3800 vestigia
2321 3751 2535 3801 corrup·

1464 3816 1583 3865 telae
1609 3816 1851 3865 retinent.
1909 3815 2131 3864 Codices
2154 3816 2291 3863 enim
2314 3814 2534 3863 Vatica-

1464 3893 1515 3942 ni
1561 3897 1705 3942 1775.
1750 3899 1805 3942 et
1848 3896 1994 3942 1776.
2035 3892 2156 3940 item
2204 3890 2532 3953 parisiensis,

1464 3977 1686 4035 uterque
1706 3970 1959 4031 Venetus,
1983 3983 2144 4025 meus,
2167 3976 2219 4016 et
2244 3968 2375 4017 liber
2397 3968 2528 4017 Vos·

1464 4045 1640 4095 sianus
1673 4044 1862 4094 liabent
1901 4045 2023 4094 Post
2054 4045 2155 4105 <ius
2192 4059 2287 4092 non
2322 4045 2528 4095 crudeli·

1463 4122 1600 4172 tutis.
1669 4123 1838 4174 Quam
1861 4121 2135 4171 lectionem
2155 4119 2342 4184 prodat
2360 4121 2528 4173 codex

1466 4197 1890 4261 Salisburgensis‚
1921 4196 1972 4245 iu
2007 4196 2240 4259 proxima
2270 4202 2393 4245 nota
2414 4197 2528 4261 jam

1464 4272 1702 4339 exposui.
1770 4271 1952 4326 Ceteri
1985 4271 2088 4324 duo
2130 4272 2341 4324 codices
2380 4274 2532 4326 Vati·
