3060 4902
508 303 641 371 756

507 469 521 492 ³
537 463 609 513 Et
628 461 778 512 viridi
804 462 854 511 in
878 475 1062 525 campo
1082 463 1334 526 templum
1355 462 1420 511 de
1442 478 1573 513 mar·

506 553 647 590 more
673 553 876 603 ponam,
902 574 915 589 .
938 571 951 585 .
970 571 983 586 .
1006 539 1068 587 In
1105 539 1276 588 medio
1309 541 1430 588 mihi
1455 540 1571 589 (3ae-

505 630 593 665 sar
627 615 748 678 erit,
788 617 1141 679 templumque
1182 615 1422 665 tenebit.’
1487 617 1570 666 Ad

504 707 658 756 quem
683 693 847 741 locum
873 692 1082 740 Servius
1114 693 1222 740 liaec
1255 697 1569 743 commentati

502 775 624 817 tur:
663 769 836 817 ‘Nam
871 782 1077 830 semper
1110 768 1158 817 ei
1195 777 1427 818 sacratus
1456 771 1567 819 Nu·

499 845 626 895 mini
664 844 807 894 locus
840 852 941 901 est,
975 844 1123 907 cujus
1154 844 1478 894 simulacrum
1513 846 1565 895 in

501 920 672 971 medio
690 920 972 976 collocatur
993 935 1006 966 ε
1041 921 1142 969 alia
1167 921 1302 969 enim
1327 922 1390 969 ad
1417 937 1566 971 orna·

499 1003 608 1046 tum
656 1003 852 1046 tantum
899 996 1203 1060 pertinent.'
1272 997 1565 1061 Aliquando

499 1081 672 1124 tamen
726 1072 1011 1136 Augustus,
1068 1073 1400 1122 mortalitatis
1456 1089 1562 1125 suae

498 1149 759 1210 conscius,
815 1149 981 1198 noluit
1024 1156 1252 1197 statuam
1306 1166 1450 1199 suam
1509 1153 1561 1200 in

496 1226 693 1288 templo
741 1227 992 1284 Deorum,
1036 1225 1225 1274 nedum
1273 1226 1324 1275 in
1370 1228 1564 1285 medio,

495 1301 637 1364 poni.
706 1301 807 1350 Dio
831 1300 985 1356 enini,
1004 1299 1097 1348 lib.
1122 1314 1245 1348 mu.
1270 1300 1450 1359 refert,
1478 1318 1560 1351 vo-

491 1377 647 1426 luisse
672 1375 957 1439 Agrippam
980 1375 1033 1425 in
1057 1376 1298 1425 Pantheo
1334 1384 1560 1427 statuant

494 1452 718 1517 Augusti
755 1455 1031 1510 collocare.
1067 1469 1356 1518 nomenque
1388 1458 1561 1519 operis

491 1530 539 1579 ei
582 1530 909 1592 adscribere;
953 1536 1191 1579 neutrum
1238 1540 1410 1581 autem
1453 1533 1561 1582 Au-

490 1615 643 1671 gusto
683 1607 1017 1663 admittente,
1060 1607 1111 1655 in
1160 1607 1397 1656 Pantheo
1441 1609 1559 1672 ipso

491 1686 715 1735 Caesaris
748 1684 1027 1746 superioris
1058 1691 1303 1741 statuam,
1325 1685 1376 1733 in
1402 1689 1558 1737 vesti·

488 1761 613 1811 bulo
637 1767 808 1809 autem
833 1774 978 1809 suam
1012 1765 1068 1809 et
1093 1748 1338 1824 Augusti,
1361 1763 1556 1825 posuis-

410 1885 413 1888 ,
485 1852 562 1887 se.
595 1836 841 1885 Schwarz.

552 1913 723 1975 Sedes]
754 1914 889 1961 Nam
912 1911 1144 1976 Jupiter,
1175 1919 1229 1962 et
1266 1912 1352 1963 isti
1389 1915 1555 1978 majo·

486 2005 599 2039 rum
635 1991 886 2054 gentium,
917 1990 1157 2039 sedentes
1196 2005 1337 2055 saepe
1376 1991 1554 2057 pinge-

485 2066 695 2117 bantur.
728 2067 866 2129 Lips.

550 2143 1010 2207 Augustius-ibasque
1025 2142 1149 2205 aris]
1185 2143 1350 2193 Facili
1370 2152 1422 2195 et
1439 2144 1550 2194 fere

482 2220 682 2282 vulgari
694 2234 993 2284 errore,pro
1006 2220 1378 2283 augustioribus,
1390 2224 1490 2272 scri
1497 2238 1551 2287 p·

482 2302 592 2345 tum
639 2303 720 2346 est
761 2296 1138 2359 angustioribus,
1183 2299 1232 2346 iu
1284 2299 1550 2349 codicibus

481 2371 785 2433 Parisiensi,
810 2380 1031 2437 utroque
1056 2374 1283 2429 Veneto,
1307 2382 1360 2424 et
1389 2375 1548 2424 Salis-

479 2446 757 2511 burgensi,
811 2449 964 2498 immo
1009 2457 1063 2499 et
1108 2450 1183 2499 sic
1228 2450 1424 2501 editum
1481 2453 1547 2502 ab

478 2523 637 2585 Aldo,
673 2524 859 2581 Navio,
901 2525 1187 2579 Elzeviriis,
1224 2525 1547 2576 Kirchmaie-

477 2615 553 2657 ro,
584 2608 637 2649 et
675 2600 919 2650 Cellario.
986 2600 1218 2649 Similem
1261 2612 1545 2653 commuta·

474 2677 666 2724 tionem
702 2676 883 2723 harum
910 2689 1090 2723 vocum
1128 2676 1420 2726 notavimus
1459 2694 1544 2728 su-

473 2766 784 2816 pra,xxru.
820 2758 869 2800 5.
937 2751 1040 2801 Sed
1082 2767 1208 2815 arae,
1248 2754 1452 2818 altaria,
1487 2764 1543 2806 et

473 2831 685 2893 templa,
712 2837 853 2879 recte
879 2829 1123 2879 dicuntur
1147 2837 1161 2859 ‘
1179 2840 1429 2895 augusta;
1463 2835 1541 2884 uti

473 2906 635 2956 Ovid.
670 2907 812 2955 Fast.
849 2920 885 2956 1.
914 2910 1029 2955 609.
1068 2907 1282 2970 cecinit,
1314 2908 1542 2959 ‘Sancta

469 2992 663 3033 vocant
702 2992 922 3046 angusta
961 2990 1168 3048 ραι-εις
1203 2995 1421 3045 augusta
1450 3001 1539 3036 vo-

469 3066 654 3109 cantur
676 3060 893 3121 Templa
915 3059 1245 3108 sacerdotum
1272 3060 1371 3110 rite
1395 3060 1537 3112 dica·

470 3144 522 3183 ta
545 3135 740 3184 mauu!
774 3135 1013 3184 Schwarz.

535 3211 889 3261 Grandioribus
926 3212 1164 3276 victimis]
1199 3212 1280 3263 Ad
1323 3212 1537 3278 publica

465 3294 519 3336 et
556 3287 791 3337 solennia
825 3288 1241 3352 sacrificia,quae
1278 3304 1393 3338 cum
1431 3290 1536 3352 pri-

463 3363 560 3412 mis
598 3364 849 3426 majorum
888 3364 1121 3426 gentium
1166 3364 1279 3412 Diis
1321 3364 1534 3421 fiebant.

462 3438 673 3487 omniuo
712 3438 932 3501 majores
957 3439 1180 3488 victitnae
1217 3439 1532 3488 adhibeban-

464 3520 568 3563 tur.
649 3513 791 3563 Gen.
836 3527 917 3562 tv.
963 3517 1014 3562 6.
1069 3512 1224 3563 affert
1268 3521 1529 3564 vetustum

459 3588 718 3655 quoddam
766 3591 1296 3653 senatusconsultum,
1333 3590 1384 3640 in
1427 3606 1529 3655 quo

458 3664 841 3727 liaeclegimus:
879 3677 968 3713 ua.
1004 3679 1090 3714 εΑ.
1125 3677 1216 3714 ua.
1250 3679 1362 3715 rm.
1394 3680 1528 3716 can·

459 3754 730 3791 svauvur.
765 3753 876 3790 v'ri.
929 3755 992 3790 m.
1044 3755 1344 3793 awroutvs.
1394 3757 1527 3793 cou-

457 3832 570 3869 svt..
597 3831 835 3867 uon-ns.
861 3830 1190 3867 sutomnvs.
1211 3832 1352 3869 tovi.
1379 3833 1526 3870 nuu-

454 3907 528 3944 Τι.
567 3906 652 3942 ετ.
685 3905 932 3943 omanis.
968 3907 1080 3948 ms.
1113 3905 1334 3945 vavs.
1365 3909 1524 3946 vinn-

455 3984 669 4021 sta'rvu.
704 3984 1029 4020 asumma.
1066 3983 1179 4020 vv.
1215 3985 1526 4022 Pnocvxus-

453 4060 562 4096 sn.
587 4060 749 4096 sA‘rts.
780 4060 1120 4098 nanauuvnt.
1176 4048 1362 4110 Neque
1385 4049 1524 4099 enim

451 4123 688 4171 omnibus
724 4124 836 4172 Diis
875 4124 1052 4172 eadem
1093 4123 1348 4173 sacrificia
1373 4139 1522 4189 seque

452 4201 731 4251 convenire
769 4200 1041 4265 putabant.
1111 4200 1261 4251 Unde
1304 4201 1413 4252 Cic.
1451 4201 1517 4250 de

1200 318 1419 367 NOTAE
1470 316 1876 366 VAluoRUM
1928 317 2009 368 IN

1648 463 1774 526 Leg.
1799 477 1862 512 ιι.
1883 468 1932 513 8.
1966 462 1982 491 ⁴
1997 462 2126 513 Quae
2143 461 2330 524 cuique
2347 458 2483 509 Divo
2501 458 2711 511 decora

1647 548 1915 605 grataeque
1932 540 2032 588 sint
2049 538 2252 592 hostiae,
2267 536 2610 601 providente?
2639 538 2712 586 Et

1647 631 1693 664 c.
1722 621 1797 665 12.
1832 616 1978 665 ‘Jam
2013 614 2139 663 illud
2164 629 2229 663 ex
2255 614 2511 663 institutis
2536 615 2710 677 ponti·

1646 691 1800 741 ticum
1831 702 1884 741 et
1913 691 2237 754 haruspicum
2271 705 2372 739 uon
2404 690 2708 742 mutandum

1645 776 1745 831 est,
1767 769 1953 833 quibus
1990 768 2166 817 hostiis
2201 767 2568 815 immolandum
2602 768 2709 816 cui·

1642 859 1740 907 que
1766 847 1913 905 Deo;
1945 845 2027 893 cui
2062 842 2361 905 majoribus.
2392 843 2475 891 cui
2515 843 2706 892 lacten·

1644 921 1814 982 tibus;
1847 921 1928 970 cui
1957 920 2195 975 maribus,
2218 920 2303 968 cui
2328 917 2571 967 feminis)
2639 919 2704 968 In

1639 998 1825 1059 quibus
1863 995 2037 1046 verbis
2070 997 2324 1059 ‘majores
2360 994 2579 1044 bostiae’
2613 1009 2706 1059 op-

1640 1082 1903 1136 ponuntur
1935 1073 2265 1123 lactentibus.
2333 1071 2479 1121 Idem
2507 1073 2616 1122 Cic.
2638 1071 2705 1122 de

1639 1149 1780 1212 Lege
1820 1148 2004 1213 Agrsr.
2052 1164 2114 1198 ιι.
2156 1153 2238 1199 3-1.
2284 1149 2480 1198 ‘Erant
2516 1148 2703 1200 hostias

1636 1226 1855 1288 majores
1894 1226 1945 1275 in
1984 1224 2095 1274 foro
2128 1224 2449 1280 constitutae‚
2481 1239 2600 1287 quae
2637 1224 2704 1274 ab

1635 1300 1712 1349 his
1748 1302 2058 1365 praetoribus
2095 1301 2160 1350 de
2201 1301 2464 1357 tribunali,
2498 1302 2637 1352 sicut
2672 1315 2704 1351 a

1634 1378 1779 1426 nobis
1805 1379 2097 1427 consulibus
2121 1377 2187 1427 de
2211 1378 2411 1428 consilii
2437 1379 2705 1429 sententia

1636 1456 1889 1518 probate,
1914 1456 1978 1504 ad
2008 1469 2300 1519 praeconem
2333 1461 2387 1504 et
2425 1454 2490 1503 ad
2527 1455 2703 1505 tibici-

1634 1545 1750 1586 nem
1809 1530 2251 1580 immolabantur.’
2341 1529 2702 1592 Reprehendit

1632 1607 1765 1656 adeo
1780 1608 1981 1656 Plinius
1997 1607 2349 1670 arrogantiam
2369 1606 2699 1669 superiorum

1633 1685 1954 1748 quorundam
1990 1683 2298 1747 principum,
2321 1683 2406 1745 qui
2442 1683 2559 1739 sibi,
2584 1690 2701 1733 tau·

1632 1774 1782 1822 quam
1806 1761 1917 1810 Diis
1942 1761 2189 1823 majorum
2212 1760 2467 1823 gentium,
2487 1759 2701 1823 grandi·

1629 1834 1806 1883 oribus
1829 1834 2050 1883 victimis
2073 1833 2212 1884 litari
2237 1833 2373 1897 passi
2403 1834 2527 1883 sint.
2596 1836 2699 1885 Ce-

1631 1915 1800 1958 terum
1823 1910 1960 1959 inter
1995 1917 2009 1939 ⁸
2027 1908 2243 1959 bostiam
2261 1908 2275 1930 '
2299 1916 2354 1960 et
2375 1917 2389 1939 ⁸
2405 1911 2699 1961 victimam'

1627 1986 1712 2033 alii
1737 1987 1834 2035 alia
1859 1987 2186 2036 constituunt
2215 1985 2529 2036 discrimina.
2596 1987 2696 2038 Isi·

1627 2062 1739 2114 dor.
1774 2063 1926 2129 Orig.
1960 2078 2040 2113 vt.
2084 2068 2162 2114 19.
2197 2068 2212 2093 ⁸
2233 2064 2473 2126 Hostia-J
2505 2067 2693 2131 inquit,

1625 2141 1797 2204 ‘apud
1837 2148 2038 2191 veteres
2076 2140 2387 2191 dicebantur
2418 2142 2697 2210 sacrificia,

1623 2230 1740 2280 quae
1783 2215 1981 2266 fiebant
2025 2224 2149 2265 aute
2185 2232 2340 2282 quam
2381 2217 2447 2266 ad
2488 2218 2695 2271 hostem

1625 2303 1938 2357 pergerent3
1973 2294 2213 2343 Victimae
2253 2309 2376 2344 vero
2416 2296 2698 2364 sacrificia,

1624 2385 1740 2433 quae
1766 2378 1882 2433 post
1899 2370 2186 2432 victoriam,
2198 2368 2422 2421 devictis
2438 2371 2694 2439 hostibus,

1623 2446 2036 2497 immolabantur.
2075 2447 2143 2496 Et
2164 2455 2312 2497 eraut
2338 2447 2563 2500 victima
2584 2465 2693 2500 ma·

1608 2523 1729 2586 jora
1753 2524 2006 2575 sacrificia
2025 2538 2177 2588 quam
2199 2524 2420 2574 bostiae.'
2474 2526 2691 2585 Verum,

1618 2609 1858 2649 neutrum
1903 2600 2182 2650 discrimen
2221 2602 2528 2666 comprobat
2567 2619 2691 2655 usus

1618 2686 1673 2726 et
1708 2679 1994 2729 auctoritas
2030 2687 2283 2728 veterum.
2350 2680 2555 2730 Plinius
2577 2682 2690 2746 qui·

1616 2752 1734 2804 dem
1759 2756 1840 2806 liic
1866 2755 2098 2805 victimas
2122 2763 2270 2806 vocat
2305 2757 2640 2820 ‘grandiores
2658 2758 2694 2821 ς’

1617 2845 1712 2880 nec
1737 2832 1902 2882 minus
1925 2833 2110 2896 virgil.
2133 2833 2328 2895 Georg.
2355 2846 2421 2882 11.
2447 2838 2561 2883 146.
2598 2849 2691 2885 ca-

1613 2907 1710 2968 nit,
1746 2909 1761 2934 ⁴
1783 2908 1922 2957 Hinc
1945 2909 2069 2964 albi,
2094 2908 2371 2970 Clitumne,
2391 2923 2600 2974 greges,
2632 2918 2689 2962 et

1612 2985 1835 3033 maxima
1852 2993 2030 3034 taurus
2046 2983 2307 3034 Victima.'
2343 2984 2416 3035 At
2432 2987 2484 3035 iu
2504 2995 2685 3040 vetus·

1611 3068 1665 3110 to
1679 3062 2143 3124 senatusconsulto,
2168 3071 2224 3110 et
2241 3076 2272 3111 a
2287 3061 2565 3124 Cicerone,
2582 3064 2686 3114 eti-

1610 3151 1690 3184 am
1704 3138 1885 3187 hostia.-
1905 3139 2239 3202 appellantur
2264 3142 2281 3167 ⁴
2296 3139 2559 3202 majores-⁹
2581 3141 2660 3191 Id.

1678 3213 2046 3277 Grandiors'bus]
2072 3215 2209 3264 Nam
2226 3213 2408 3263 hostiae
2425 3215 2685 3280 duplices,

1606 3289 1828 3352 majores
1849 3291 2216 3356 minoresque:
2254 3296 2414 3354 atque
2438 3289 2543 3342 tna
2562 3293 2680 3343 Diis
2738 3282 2749 3292 “

1605 3366 1905 3428 majoribus.
1942 3368 2081 3429 Lips-

1670 3443 2001 3507 adoraturus]
2037 3442 2156 3494 Nou
2192 3441 2487 3494 adorandus
2520 3443 2599 3496 ibi
2626 3445 2681 3497 in

1605 3526 1798 3569 statua.
1835 3520 2003 3569 Idem.-
2220 3547 2225 3552 ·

1668 3596 1924 3645 Excubare
1960 3610 2048 3659 pro
2091 3593 2306 3659 templis]
2351 3594 2580 3659 Nempe,
2609 3597 2677 3648 si·

1604 3674 1832 3722 mulacro
1866 3674 2056 3737 posito,
2089 3685 2192 3720 non
2223 3671 2364 3722 iutra
2398 3674 2677 3737 templum,

1602 3747 1693 3795 sed
1718 3755 1867 3796 extra
1893 3745 2196 3810 proforibus
2218 3766 2231 3807 3
2255 3755 2312 3795 ut
2331 3754 2519 3797 statuae
2544 3749 2675 3798 Tra·

1592 3823 1707 3886 jani
1724 3825 1869 3887 quasi
1883 3823 2128 3873 custodes
2147 3825 2459 3888 templorum
2477 3835 2674 3892 essent.

1602 3903 1682 3949 De
1703 3899 1938 3949 excubiis
1960 3900 2147 3949 habitis
2170 3900 2221 3948 iu
2243 3902 2523 3964 vestibulo,
2545 3903 2674 3968 Pig-

1597 3978 1773 4023 norius
1798 3966 1863 4024 de
1888 3976 2086 4036 Servis,
2108 3990 2158 4039 p.
2178 3979 2295 4026 446.
2331 3977 2555 4029 Pater-ol.

1664 4048 1939 4112 Excubare]
1975 4052 2104 4101 Cum
2141 4050 2255 4100 vice
2284 4053 2539 4110 custodis,
2576 4062 2669 4106 ant

1596 4127 1860 4190 satellitis,
1903 4135 2093 4177 atatuae
2146 4134 2251 4175 tuae
2304 4137 2571 4191 ponuntur
2615 4131 2671 4180 in

1594 4202 1863 4253 vestibulis
1900 4204 2244 4269 templorum5
2281 4213 2335 4255 at
2361 4218 2465 4254 uou
2503 4207 2556 4279 iu
2584 4206 2662 4270 ip·
