3060 4902
533 343 706 408 1024

536 503 726 562 linam3
781 499 1135 557 Domitianus,
1183 513 1335 564 quem
1372 501 1596 549 maxime

532 578 721 639 tangit,
762 591 905 625 suam
955 576 1245 625 Domitiam
1285 577 1594 639 Longinam;

534 653 810 715 Philippus
824 652 1049 702 Macedo
1065 668 1225 707 suam,
1241 654 1394 702 etiam
1410 654 1478 701 ab
1496 654 1599 701 ira-

536 737 593 778 ta
621 729 841 778 caliculo
865 730 1141 790 exclusum
1166 730 1359 794 aliique
1381 745 1598 791 γυναικο-

533 807 839 873 κρατούμενοι
861 823 979 857 suas
1005 823 1193 858 uxores
1219 808 1413 858 ferunt.
1449 809 1597 857 Bern-

602 884 906 947 Domestica]
944 885 1114 947 Supra
1148 899 1266 946 cap.
1302 898 1379 933 ιν.
1411 884 1599 932 Victor

533 962 600 1011 de
624 961 867 1026 Augusto
889 976 1007 1024 cap.
1031 964 1076 1010 1.
1101 960 1117 988 ‘
1138 960 1283 1008 Felix
1308 959 1459 1020 adeo,
1481 959 1599 1008 abs·

537 1053 637 1104 que
678 1038 856 1087 liberis
893 1045 1087 1098 tamen,
1123 1036 1380 1100 simulque
1419 1034 1599 1098 conju·

534 1112 652 1178 gio-⁹
686 1114 838 1163 Ber-n.
1134 1112 1141 1119 '

598 1189 889 1240 Destruebot
922 1184 1141 1248 infamia]
1196 1185 1600 1248 salisburgensis

541 1267 708 1317 codex
732 1273 784 1315 et
808 1279 969 1320 meus,
996 1278 1091 1326 pro
1118 1262 1278 1318 verbo
1310 1263 1604 1320 destruebat,

536 1343 771 1391 referunt
823 1340 1140 1390 disturbabat.
1212 1338 1330 1387 Non
1391 1339 1599 1402 quidem

533 1417 633 1467 hoc
689 1431 896 1481 prorsus
954 1416 1297 1478 incongruens
1353 1415 1602 1474 verbum;

536 1507 654 1544 cum
678 1493 817 1542 enim
844 1491 1052 1555 proprie
1077 1498 1091 1519 ⁸
1115 1490 1251 1540 aedes
1272 1490 1603 1552 disturbare:

537 1587 707 1638 aeque,
743 1587 803 1621 ac
825 1572 840 1600 ‘
868 1571 1141 1620 destruere
1164 1570 1178 1591 ’
1208 1571 1240 1619 i.
1264 1584 1311 1619 e.
1349 1569 1602 1634 demoliri,

536 1651 804 1710 dicamur3
830 1650 904 1698 ita
918 1657 1194 1710 utrumque
1215 1647 1428 1695 verbum
1443 1647 1602 1696 etiam

536 1727 840 1776 translatam
862 1724 1125 1773 notionem
1144 1723 1352 1772 videtur
1369 1737 1434 1772 ex
1451 1737 1603 1785 oequo

537 1802 839 1851 admittere.
886 1799 1122 1850 Praefero
1145 1809 1318 1848 tamen
1338 1799 1601 1861 vulgatum

535 1876 824 1940 destruebat,
859 1877 892 1925 i.
932 1891 979 1923 e.
1016 1876 1083 1923 de
1126 1875 1510 1923 existimatione
1547 1880 1603 1923 et

534 1949 792 2002 felicitate
863 1950 1165 2014 dejiciebat,
1229 1949 1601 2013 labefactabat,

536 2027 822 2091 affligebat,
846 2024 1125 2089 perdebat.
1191 2025 1312 2074 Val.
1347 2025 1496 2074 Max.
1519 2040 1601 2075 νι.

536 2109 585 2156 3.
606 2110 656 2156 3.
683 2108 700 2133 ‘
716 2106 793 2155 Ut
813 2105 876 2154 ad
902 2105 1118 2167 Xerxis,
1141 2118 1295 2167 quem
1318 2102 1492 2165 paullo
1516 2117 1606 2151 an-

537 2189 591 2231 te
609 2182 965 2242 destruxerat,
983 2194 1086 2229 non
1100 2180 1329 2229 debitam
1345 2178 1442 2227 sibi
1457 2179 1606 2228 mise·

535 2258 812 2308 ricordiam
832 2257 1106 2323 perfugere
1123 2271 1336 2307 necesse
1349 2255 1606 2305 baberet!

537 2335 714 2385 Tacit.
758 2335 945 2384 Annal.
980 2349 1040 2384 ιι.
1068 2338 1151 2382 63.
1198 2335 1213 2362 ‘
1238 2335 1400 2382 Extat
1433 2334 1605 2381 oratio

541 2412 780 2470 Caesaris,
799 2427 899 2475 qua
917 2447 929 2463 .
949 2443 962 2458 .
979 2445 993 2461 .
1014 2426 1107 2460 sua
1131 2411 1183 2461 in
1204 2409 1520 2460 destruendo
1545 2423 1606 2459 eo

534 2487 1142 2552 (Maroboduo)consilia
1161 2486 1383 2536 extulit.'
1407 2488 1605 2539 Quinc·

539 2564 617 2611 til.
638 2563 814 2611 Instit.
837 2563 986 2610 Orat.
1009 2575 1063 2610 v.
1086 2566 1135 2612 7.
1159 2570 1173 2591 ‘
1192 2563 1366 2611 Testis
1390 2563 1606 2612 infamia

538 2638 806 2688 criminum
850 2637 1198 2686 destruendus
1244 2638 1361 2688 est.'
1452 2640 1602 2688 Idem

538 2726 669 2762 vrn-
690 2717 738 2761 8.
770 2714 786 2739 ⁸
804 2712 989 2761 Cicero
1015 2727 1077 2761 eo
1100 2721 1422 2763 contemtum
1439 2715 1602 2764 homi·

536 2787 797 2849 nis,quem
817 2787 1143 2837 destructum
1169 2789 1401 2849 volebat,
1423 2789 1606 2841 arisit!

538 2848 757 2917 Noster,
792 2862 962 2923 Epist.
997 2876 1037 2910 ι.
1059 2868 1109 2912 8.
1145 2864 1161 2891 ‘
1189 2863 1459 2924 Homines,
1481 2881 1600 2915 cum

538 2952 645 2986 rem
672 2936 943 2986 destruere
969 2953 1070 2987 non
1099 2947 1331 3002 possunt,
1349 2940 1602 3003 jactatio·

537 3027 655 3062 nem
678 3014 788 3076 ejus
812 3014 1116 3065 incessunt?
1147 3016 1392 3066 Schts-urz.

604 3090 782 3138 Mariti
820 3091 1051 3156 minores]
1110 3092 1196 3141 Sic
1236 3093 1500 3154 dicuntur,
1543 3103 1603 3144 ut

537 3172 870 3227 opponantur
894 3168 909 3195 ‘
934 3169 1168 3215 maximis
1191 3169 1431 3219 civibus!
1496 3171 1605 3219 Per

538 3242 629 3289 bos
653 3251 826 3289 autem
846 3245 861 3268 ‘
889 3244 1140 3292 maximos
1174 3244 1352 3300 cives‚’
1384 3260 1485 3294 non
1521 3260 1603 3294 so·

536 3318 641 3365 lum
686 3317 1069 3383 intelliguntur,
1110 3320 1197 3382 qui
1240 3322 1292 3370 in
1339 3323 1603 3386 republica

538 3392 803 3454 principes
850 3394 1080 3443 civitatis
1127 3395 1441 3459 audiebant;
1494 3406 1602 3454 aut,

538 3466 675 3514 sicut
706 3468 913 3516 Velleio
945 3482 1007 3517 ιι.
1038 3474 1119 3519 48.
1146 3477 1364 3520 nutante
1390 3473 1500 3536 jam
1540 3474 1601 3522 li·

535 3541 744 3591 bertate
769 3544 1091 3605 reipublicae,
1115 3546 1396 3610 Pompeius
1420 3550 1599 3612 appel·

536 3618 677 3666 latur
700 3622 715 3644 ⁸
745 3619 939 3680 primus
975 3623 1200 3670 omnium
1229 3624 1415 3672 civium
1437 3624 1472 3686 ς’
1507 3624 1597 3673 sed

538 3694 693 3742 etiam
734 3694 833 3756 ipsi
877 3696 1135 3757 Caesares,
1175 3706 1430 3761 quatenus
1460 3700 1600 3749 nole·

536 3769 667 3819 bant
689 3769 919 3832 tyranni,
953 3770 1043 3818 sed
1074 3772 1318 3821 custodes
1351 3774 1603 3823 vindices·

538 3861 639 3910 que
676 3845 862 3894 salutis
903 3845 1130 3908 publicae
1171 3846 1356 3910 videri,
1396 3850 1599 3899 haberi-

537 3938 654 3987 que.
718 3923 805 3971 Sic
829 3923 1030 3972 Plinius
1054 3930 1234 3973 noster
1263 3939 1435 3988 supra,
1458 3940 1519 3975 ιι.
1553 3932 1601 3977 3.

537 4014 650 4049 cum
694 3999 761 4048 de
798 4000 1025 4062 Trajano
1064 4001 1312 4064 loquitur:
1355 4001 1373 4028 ⁸
1398 4003 1518 4052 Non
1546 4019 1600 4054 e-

536 4075 678 4130 nim,’
700 4076 889 4139 inquit,
912 4076 928 4103 ⁴
951 4076 1018 4125 de
1053 4084 1293 4140 tyranno,
1324 4078 1413 4127 sed
1438 4078 1503 4127 de
1526 4078 1597 4128 ci-

536 4162 634 4207 ve3
670 4165 771 4199 non
797 4150 864 4201 de
888 4151 1115 4213 domino,
1139 4154 1230 4202 sed
1256 4154 1321 4202 de
1358 4162 1599 4218 parente,

534 4220 826 4283 loquimur.'
896 4226 1032 4278 Vell.
1061 4240 1123 4277 ιι.
1159 4233 1241 4279 99.
1275 4230 1343 4281 de
1366 4229 1599 4295 Tiberio,

1222 357 1442 406 No'rAE'
1492 355 1904 406 vanloltuu
1953 355 2038 404 m

1672 498 1907 562 quamvis
1930 496 2244 548 adulatorie:
2277 502 2294 526 ‘
2309 495 2548 547 'l'iberins
2571 497 2751 558 Nero,

1672 575 1862 624 civium
1904 581 2026 639 post
2069 588 2226 623 unum
2272 573 2572 637 Augustum
2613 577 2750 626 emi-

1672 653 2026 715 nentissimus,
2060 651 2251 700 ducum
2291 652 2565 708 maximus,
2602 651 2750 701 sama

1671 727 1987 792 fortunaque
2021 728 2413 783 celeberrimus,
2435 735 2495 777 et
2526 743 2652 778 vere
2672 730 2748 778 al·

1675 811 1842 853 terum
1884 804 2186 867 reipublice
2232 805 2406 853 lumen
2445 812 2506 854 et
2547 805 2748 869 caput?

1675 879 1835 929 ovid.
1859 878 1927 929 de
1951 879 2206 941 Augusto,
2224 879 2385 928 Trist.
2412 884 2556 929 tir-⁴.
2585 887 2602 908 ⁸
2620 880 2748 944 lpse

1675 955 1840 1003 Pater
1863 954 2064 1016 patrie.
2088 954 2210 1019 quid
2227 955 2361 1003 enim
2382 954 2589 1004 civilius
2609 956 2750 1005 illo?

1674 1032 1810 1082 Vide
1847 1031 1970 1096 qnid
2010 1032 2077 1081 de
2126 1030 2506 1094 significatione
2552 1047 2748 1082 vocum

1675 1116 1690 1138 ‘
1710 1110 1890 1158 civiles
1912 1107 1927 1128 '
1950 1119 2008 1158 et
2028 1110 2044 1137 ‘
2068 1108 2340 1157 civilitatis
2358 1107 2371 1128 ’
2395 1122 2556 1170 snpra
2582 1123 2748 1157 anuo·

1678 1187 1802 1247 tavi,
1833 1186 1896 1235 ad
1938 1201 2031 1249 pp.
2055 1190 2173 1235 58⁴.
2208 1189 2324 1235 972.
2392 1186 2617 1235 Minores
2654 1201 2749 1234 au·

1676 1268 1782 1310 tem
1805 1261 1970 1310 mariti
1989 1276 2083 1323 per
2100 1261 2546 1324 comparationem
2563 1261 2749 1310 dicun·

1676 1343 1781 1397 tur,
1803 1337 1890 1400 qni
1927 1350 2026 1385 nou
2063 1343 2184 1385 sunt
2219 1343 2323 1385 tam
2359 1337 2536 1399 magni
2570 1337 2750 1386 mariti

1678 1412 1992 1461 auctoritate
2049 1418 2106 1461 et
2149 1411 2431 1474 felicitate,
2471 1414 2750 1477 gloriaque

1674 1487 1981 1549 domestica,
2003 1503 2158 1552 quam
2182 1490 2353 1550 magni
2385 1489 2579 1538 civium
2602 1490 2752 1552 priu-

1676 1564 1838 1627 cipes,
1864 1565 2181 1614 auctoritate
2205 1572 2260 1614 et
2282 1562 2561 1625 felicitate,
2593 1565 2751 1628 glori·

1676 1653 1807 1702 aque
1833 1640 2060 1701 publica.
2128 1639 2279 1688 Idem
2312 1636 2424 1688 fere
2457 1646 2643 1689 noster
2661 1654 2748 1690 sa·

1679 1730 1775 1777 pra
1794 1715 1947 1772 dixit,
1968 1729 2047 1764 iv.
2072 1720 2123 1764 5.
2147 1716 2163 1743 ‘
2184 1715 2287 1764 Ille
2304 1715 2581 1779 quoesitam
2606 1715 2751 1764 doni

1678 1791 1897 1854 gloriam
1939 1792 1993 1839 iu
2036 1790 2267 1854 publico,
2312 1791 2397 1841 bic
2441 1791 2495 1840 in
2537 1791 2748 1855 publico

1679 1874 1902 1929 partam,
1924 1865 2085 1928 dorni,
2114 1863 2382 1929 perdidit.’
2447 1865 2537 1915 Sic
2556 1874 2612 1914 et
2636 1859 2750 1914 Bo·

1679 1949 1778 1992 rat.
1806 1943 1974 2005 Epist.
1994 1956 2062 1992 ιι.
2088 1946 2136 1991 1.
2151 1946 2263 1992 18³.
2284 1942 2419 1990 dixit
2435 1943 2451 1970 ⁸
2469 1941 2669 1992 virtute
2690 1948 2751 1990 et

1677 2020 1872 2069 bonore
1904 2019 2164 2069 minores!
2229 2018 2383 2070 Quod
2416 2020 2461 2067 si
2496 2020 2514 2047 ⁸
2542 2018 2712 2068 minor
2733 2016 2752 2039 ’

1678 2097 1825 2159 quasi
1844 2095 2082 2145 absolute
2103 2095 2331 2158 ponitur,
2346 2093 2627 2159 aliqnando
2652 2107 2750 2156 pro

1679 2172 1877 2234 impare
1902 2179 1960 2220 et
1983 2185 2086 2220 non
2111 2169 2393 2220 suffecturo
2416 2171 2550 2218 sumi
2573 2171 2710 2220 solet
2731 2186 2750 2229 ς

1680 2262 1728 2298 v.
1764 2264 1814 2309 g.
1843 2248 2014 2297 Tacit.
2052 2248 2239 2297 Annal.
2265 2261 2305 2297 ι.
2327 2251 2410 2297 la.
2438 2251 2455 2276 ⁸
2479 2247 2749 2310 Augustas

1681 2324 1935 2385 supremis
1969 2323 2292 2372 sermonibus
2314 2338 2433 2372 cum
2472 2328 2754 2385 tractaret,

1679 2399 1886 2464 quinam
1906 2399 2128 2463 adipisci
2154 2399 2441 2465 principem
2460 2400 2634 2448 locum
2659 2399 2752 2448 im·

1681 2490 1833 2539 pares
1859 2477 2052 2525 vellent
2073 2490 2090 2537 ς
2115 2508 2131 2522 .
2155 2510 2168 2525 .
2193 2511 2208 2527 .
2234 2511 2248 2527 .
2273 2476 2479 2525 Gallum
2506 2473 2748 2525 Asinium

1682 2552 1888 2602 dixerat
1920 2552 2126 2602 avidum
2163 2562 2220 2601 et
2242 2550 2532 2602 minorem.'
2597 2551 2750 2601 Iden

1681 2630 1825 2678 Hist.
1846 2644 1884 2678 ι.
1907 2634 1986 2680 ll.
2010 2637 2025 2658 ⁴
2046 2629 2317 2695 Africa,ac
2336 2630 2568 2693 legiones
2590 2630 2644 2678 in
2668 2644 2752 2684 ea,

1681 2705 1963 2756 interfecto
2010 2706 2192 2756 Clodio
2230 2707 2430 2770 Macro,
2477 2714 2751 2755 contente

1681 2782 2028 2846 qualicunque
2073 2783 2329 2846 principe,
2374 2792 2490 2845 post
2538 2784 2752 2845 experi-

1683 2860 1910 2906 nnen'tnm
1935 2858 2129 2908 domini
2151 2859 2399 2908 minoris.’
2445 2857 2533 2907 cf.
2554 2859 2749 2909 Horat.

1683 2934 1793 2983 Sat.
1827 2947 1892 2984 ιι.
1915 2937 1964 2982 7.
2001 2938 2085 2983 76.
2120 2935 2299 2983 ‘Tune
2337 2934 2457 2983 mihi
2491 2933 2755 2996 dominus,

1683 3023 1852 3059 rerum
1871 3010 2097 3072 imperiis
2118 3010 2486 3074 hominumque
2505 3010 2608 3060 Tot
2634 3018 2754 3059 tan-

1682 3086 1847 3149 tisque
1871 3084 2033 3134 minor
2053 3083 2091 3133 ?’
2127 3086 2398 3141 Ceterum,
2426 3086 2476 3133 in
2495 3085 2749 3147 proximis

1685 3161 1874 3225 verbis,
1913 3162 1998 3211 Ιιοσ
2042 3161 2293 3228 efficiebat,
2333 3161 2754 3224 Salisburgensis

1681 3239 1849 3288 codex
1897 3245 1953 3289 et
1985 3254 2150 3305 mens,
2186 3253 2281 3309 pro
2309 3238 2416 3302 hoc,
2447 3238 2646 3288 habent
2679 3240 2752 3288 id.

1680 3317 1944 3366 Schwarz.
2141 3337 2146 3341 ·

1749 3392 1860 3440 Tibi
1881 3391 2029 3455 uxor]
2054 3391 2338 3455 Imperitus
2361 3391 2621 3456 librarius,
2658 3399 2753 3442 aut

1680 3469 1925 3533 antiquus
1966 3469 2173 3532 quidam
2199 3483 2490 3533 possessor,
2524 3468 2755 3531 margini

1680 3544 1875 3593 codicis
1920 3546 2163 3594 Patavini
2199 3544 2572 3608 adscripserat,
2620 3544 2636 3571 ‘
2667 3545 2756 3593 Da

1679 3622 1885 3670 nomine
1923 3621 2072 3671 istius
2112 3621 2345 3670 mulieris
2382 3635 2638 3685 nusquam
2681 3619 2755 3669 le·

1680 3696 1812 3758 gisae
1853 3695 2132 3745 recordor!
2199 3697 2322 3745 Fuit
2367 3710 2489 3745 vero
2531 3696 2753 3758 Trajani

1679 3785 1810 3820 uxor
1831 3770 2062 3833 Plotina,
2086 3770 2283 3820 femina
2317 3771 2473 3821 lande
2508 3772 2753 3833 diguissi-

1679 3860 1781 3908 ma,
1819 3861 1934 3910 qun
1956 3845 2139 3896 Aurel.
2163 3847 2367 3896 Victori
2392 3847 2443 3894 in
2487 3848 2753 3909 Epitome,

1678 3937 1726 3971 c.
1751 3927 1833 3972 ⁴2.
1857 3930 2075 3972 vocatur
2094 3923 2346 3985 Pompeia
2370 3922 2603 3973 Plotina.
2638 3924 2717 3973 16.

1750 3997 1910 4061 Uxor]
1949 3999 2182 4062 Plotina,
2215 3998 2364 4061 cujus
2407 3998 2661 4048 memoria
2693 4000 2750 4049 in

1676 4074 1936 4137 lapidibus
1959 4082 2014 4124 et
2038 4075 2273 4125 nummis.
2340 4075 2440 4124 Vel
2478 4091 2586 4126 nno
2605 4074 2751 4125 facto

1678 4154 1952 4217 integritas
1975 4161 2031 4203 et
2063 4153 2315 4202 modestia
2353 4154 2748 4217 comprobetur.

1681 4230 1817 4280 Nam
1836 4231 2005 4294 primo
2014 4231 2275 4283 Palatium
2291 4234 2752 4295 ingressura,con·
