3060 4902
736 368 804 414 c.
852 364 1094 413 ηικιι
1145 362 1480 413 securint
1533 363 1808 412 Panno.
1886 365 1938 410 1.
1982 345 2093 413 46.

309 523 355 558 v.
386 508 629 558 Sckoearz

365 586 575 649 Populus
593 582 866 647 Romanus]
887 583 1135 648 Plerique
1155 583 1364 633 codices

305 662 426 711 Mas.
453 676 545 722 per
571 659 940 723 compendium
976 660 1171 709 babent
1212 660 1272 708 P.
1297 660 1365 708 R..

304 745 390 786 aut
427 737 521 786 Po.
546 737 643 785 Ro.
669 736 806 785 uude
828 737 1060 800 quedam
1085 736 1363 792 editiones,

307 829 352 862 v.
373 828 418 874 g.
470 814 538 862 Η.
558 813 835 875 Stephani,
854 813 1254 872 Elzeviriorum,
1280 814 1364 862 Ri-

307 890 420 944 vini,
458 889 826 945 Kirclimaieri,
854 887 1165 938 effinxerunt
1200 890 1363 952 Popu-

307 966 343 1014 1⁸·
374 964 610 1020 Romni5
644 964 784 1027 alie,
821 969 878 1013 ut
916 966 1049 1015 Rob.
1091 967 1364 1029 Stephani,

302 1041 493 1099 Juutae.
511 1040 761 1104 Grypbii,
779 1040 1035 1102 Sicltardi,
1061 1042 1242 1105 Populo
1266 1042 1366 1091 Ro·

306 1133 450 1167 mae.
516 1117 714 1167 Veram
766 1126 940 1167 tamen
997 1127 1052 1167 et
1109 1119 1365 1182 integram

306 1195 595 1255 lectionem,
628 1195 852 1258 -Popalas
897 1194 1156 1251 Romam.
1197 1195 1365 1244 codex

308 1271 422 1320 Vat.
454 1275 604 1322 ⁸461.
646 1280 703 1321 et
743 1270 1254 1334 Guelplterbytauns,
1290 1278 1366 1320 at·

309 1348 470 1410 quein
494 1348 702 1397 excusis
727 1348 839 1411 jam
869 1348 1216 1412 Cuspiuianus
1260 1348 1366 1398 alii·

306 1438 403 1488 que
427 1425 713 1486 protulere.
752 1424 907 1473 laena

374 1501 440 1550 Ut
460 1499 626 1563 vellet]
665 1501 832 1551 Recte
858 1499 1111 1549 Cellarius
1132 1516 1147 1548 ι
1181 1499 1199 1526 ⁴
1219 1499 1367 1548 Priu-

305 1575 444 1639 cipes
496 1578 569 1627 illi
623 1577 987 1639 obtinuerunt,
1034 1583 1091 1625 ut
1151 1576 1373 1639 populus

308 1662 566 1715 pateretur
616 1654 960 1717 pantomimos
1008 1655 1246 1716 relegari,
1281 1660 1372 1703 aut

308 1731 457 1781 etiam
476 1732 798 1782 concederet
822 1752 837 1795 ς
872 1747 973 1781 nou
1006 1741 1200 1794 autem,
1224 1740 1282 1781 ut
1304 1747 1369 1782 ex

307 1809 469 1860 auimo
500 1810 629 1860 illud
658 1811 834 1859 vellet.
903 1808 1091 1859 Fiebat
1124 1811 1260 1860 euim
1296 1812 1370 1860 iu-

303 1884 409 1934 ,vito
431 1884 664 1949 populo.’
699 1885 852 1936 Idem.

374 1962 439 2011 Ut
461 1962 627 2025 veltet]
663 1962 851 2012 Animo
876 1977 976 2011 uon
1011 1962 1252 2021 assensit,
1275 1963 1370 2012 etsi

307 2032 451 2088 factis
472 2038 704 2101 principi
728 2052 828 2087 uon
851 2038 1115 2087 dissensit.
1148 2038 1284 2101 Lips.

368 2114 487 2164 Eue
518 2113 818 2178 beneficium]
854 2114 900 2163 1.
937 2129 985 2163 e.
1036 2114 1267 2179 Populus
1309 2113 1372 2163 R.

309 2192 463 2254 coepit
504 2206 602 2255 pro
649 2190 901 2240 beneficio
945 2200 1210 2253 reputare,
1233 2189 1370 2255 quod

311 2274 380 2330 tu,
401 2268 505 2331 ejus
531 2274 745 2331 rogatu,
768 2267 968 2330 ejecisti
996 2267 1338 2330 pantomimos
1358 2282 1372 2324 3

304 2349 362 2393 at
384 2358 503 2393 vero
526 2353 687 2392 antea
721 2356 814 2405 pro
851 2343 1161 2392 necessitate
1199 2351 1250 2390 et
1286 2357 1371 2391 co-

309 2420 502 2470 actione
536 2420 792 2479 habuere,
814 2432 933 2468 cum
968 2419 1062 2468 sub
1097 2419 1374 2482 superiori·

308 2495 396 2545 bus
447 2497 760 2562 quibusdam
818 2496 1213 2559 imperatoribus
1272 2512 1372 2546 non

309 2576 401 2624 nisi
425 2576 579 2624 iuviti
604 2575 683 2624 llis
708 2574 919 2624 ludicris
947 2576 1096 2623 rebus
1117 2584 1372 2625 carerent.

308 2649 550 2700 Schuetz.

371 2725 641 2789 Concentu]
675 2725 995 2775 Harmonico
1032 2727 1275 2788 clamore,
1317 2735 1376 2775 ut

302 2816 458 2864 supra
500 2802 712 2852 notavi:
751 2816 815 2850 au
857 2802 937 2850 liic
979 2802 1143 2864 magis
1181 2816 1376 2864 verum,

307 2884 569 2928 mensa?
602 2878 748 2941 Lips.

367 2956 565 3005 Minore
592 2952 843 3016 concentu]
879 2952 1094 3001 Latinus
1121 2952 1376 3012 Latinius,

303 3032 361 3080 in
384 3031 717 3081 Bibliotheca
737 3027 986 3085 Profaua,
1014 3043 1132 3092 pag.
1151 3033 1231 3078 53.
1256 3044 1376 3079 ceu-

307 3109 410 3159 suit
448 3124 548 3173 pro
584 3113 811 3157 concentu
842 3105 1229 3155 rescribendum
1265 3120 1378 3154 esse

308 3193 542 3237 contentu.
614 3185 806 3250 Atque,
830 3198 916 3243 en,
937 3185 1070 3232 lianc
1095 3197 1273 3232 vocem
1304 3183 1379 3232 sic

306 3266 554 3329 scriptam
585 3262 870 3326 reperimus
894 3262 946 3310 iu
973 3260 1154 3310 codice
1180 3266 1378 3328 nostro,

296 3341 631 3403 eandemque
670 3338 886 3401 margini
923 3338 1000 3386 sui
1042 3336 1157 3386 libri
1197 3337 1381 3386 allevit

308 3417 376 3467 Is.
395 3419 649 3466 Vossius:
685 3430 802 3480 quae
825 3417 866 3463 si
894 3414 1063 3464 locum
1098 3414 1380 3478 obtineret,

307 3509 401 3559 pro
427 3494 749 3549 contentione,
774 3492 882 3541 sive
908 3506 1092 3552 magno
1123 3490 1296 3539 studio
1321 3499 1378 3540 et

306 3579 522 3633 conatu,
548 3578 847 3632 poneretur.
895 3566 1021 3627 Sed,
1043 3567 1165 3631 quid
1192 3582 1376 3616 nomen

304 3647 539 3698 insolens
568 3644 902 3696 obtrudamus
939 3644 1128 3704 Plinio,
1153 3647 1236 3693 cui
1274 3644 1375 3694 usi-

307 3724 466 3774 tatius
505 3730 592 3771 est
634 3726 875 3782 concentu,
913 3720 950 3769 i.
991 3734 1040 3769 e.
1084 3720 1378 3770 harmonica

308 3799 707 3862 acclamatione,
761 3807 815 3846 et
870 3798 1161 3846 consensu?
1227 3796 1375 3847 Idem

306 3891 468 3940 supra
507 3890 573 3927 ιι.
598 3881 647 3924 5.
679 3882 693 3903 ⁸
716 3874 947 3938 Populus
993 3875 1143 3923 Rom.
1186 3883 1377 3937 quanto

309 3955 481 4017 paullo
515 3961 641 4001 ante
674 3959 930 4001 concentu
967 3950 1247 4001 formosum
1284 3953 1377 4000 ali-

304 4046 411 4087 um,
434 4033 573 4080 bunc
599 4029 933 4078 fortissimum
959 4028 1241 4092 personat!
1309 4030 1380 4079 Et

298 4125 387 4162 «ιν.
420 4117 472 4161 6.
528 4111 544 4138 ‘
572 4109 646 4159 At
690 4109 927 4172 Principi
969 4120 1146 4161 nostro
1188 4120 1381 4173 qttauta

308 4186 606 4242 eoncordia,
628 4192 959 4249 quantusque
974 4195 1256 4237 concentus
1274 4204 1379 4238 om-

304 4267 452 4317 nium
474 4262 944 4327 laudum,coutigit
963 4261 996 4310 l’
1036 4265 1237 4327 Lipsius
1257 4282 1379 4331 qlia-

2375 346 2504 414 711

1439 507 1482 555 si
1528 506 1715 557 dubius
1759 505 1987 570 scripsit,
2052 506 2172 556 ‘Au
2213 505 2296 555 bic
2344 507 2508 571 magis

1441 597 1637 639 verum,
1686 582 1975 632 cousensut'
2042 583 2146 632 Sed
2199 582 2342 631 nulla
2377 597 2507 646 opus

1440 664 1522 707 est
1558 659 1860 707 mutatione.
1931 658 2100 721 Supra
2122 657 2186 706 ad
2221 671 2284 707 ιι.
2321 664 2371 707 5.
2394 658 2506 721 jam

1438 733 1552 797 ipse
1595 742 1876 796 agnoverat
1921 735 2054 784 banc
2097 749 2275 785 vocem
2313 734 2380 784 ad
2421 735 2512 783 hu-

1430 810 1658 875 jusmodi
1701 826 1808 860 rem
1844 813 2165 874 aptissimam
2202 825 2359 873 esse;
2393 826 2507 861 itam
2571 865 2573 868 ,

1440 889 1845 938 acclamationes
1892 888 2005 936 illas
2059 888 2335 937 theatricas
2393 902 2526 955 cnm⁸

1443 963 1662 1013 modulis
1683 971 1737 1012 et
1756 963 1974 1026 quodam
1994 963 2135 1013 velut
2155 971 2311 1013 cantu
2332 962 2513 1013 fuisse.

1442 1040 1618 1088 Tacit.
1651 1038 1839 1087 Annal.
1880 1052 2000 1088 xvt.
2036 1038 2230 1087 ‘Plebs
2272 1052 2514 1101 persona·

1446 1115 1529 1164 bat
1558 1116 1715 1165 certis
1740 1115 1926 1171 modis,
1951 1116 2237 1179 plausuque
2261 1115 2516 1175 composi·

1445 1191 1535 1241 to.'
1604 1192 1774 1241 Etiam
1802 1192 1988 1242 Cicero
2023 1193 2180 1240 semel
2220 1191 2513 1254 iterumque

1445 1271 1613 1319 utitur
1638 1271 1731 1319 bac
1760 1285 1905 1331 voce,
1929 1278 1981 1319 et
2004 1285 2139 1331 eam,
2159 1268 2223 1318 de
2249 1269 2400 1318 Orat.
2427 1281 2514 1318 ιιι.

1446 1349 1497 1394 6.
1533 1345 1807 1408 conjungit
1850 1359 1967 1395 cum
2009 1360 2135 1395 voce
2172 1344 2515 1395 ‘consensui'

1447 1430 1460 1451 ¹
1478 1420 1764 1484 Omnium:
1786 1423 1975 1485 inquit,
1998 1423 2012 1449 ‘
2026 1420 2378 1472 doctrinarum
2397 1438 2519 1486 qua·

1448 1499 1491 1547 si
1510 1513 1794 1548 consensus
1811 1497 2228 1561 concentusque!
2276 1497 2357 1547 cf.
2379 1498 2516 1546 idem

1447 1576 1514 1624 de
1541 1573 1698 1625 Offic.
1725 1589 1764 1626 ι.
1790 1579 1869 1625 14.
1901 1580 1958 1623 et
1988 1574 2056 1623 de
2090 1575 2322 1624 Divinat.
2349 1587 2410 1625 ιι.
2439 1577 2521 1623 16.

1450 1653 1698 1702 Schwurz.

1521 1732 1784 1793 Utrumque
1818 1729 1967 1792 recte]
2005 1729 2149 1777 Bene
2177 1727 2239 1776 ad
2264 1727 2314 1776 11.
2340 1728 2373 1775 l.
2400 1728 2519 1779 Jac.

1449 1808 1534 1856 De
1570 1808 1619 1856 la
1654 1809 1864 1855 Baune:
1920 1802 2293 1867 ‘Ingeniosus,'
2329 1803 2518 1868 inquit,

1447 1885 1521 1932 ‘si
1555 1884 1672 1947 quia
1704 1892 1785 1932 est
1815 1883 1943 1932 aliua
1973 1881 2025 1929 in
2061 1888 2169 1930 toto
2195 1880 2520 1944 Panegyrico

1450 1961 1613 2011 locus.
1677 1961 1764 2010 Sic
1813 1961 1947 2009 euim
1993 1959 2171 2008 laudat
2214 1958 2517 2021 Trajanum,

1450 2036 1587 2100 quod
1626 2036 1969 2099 pantomimos
2006 2034 2316 2089 aboleverit,
2357 2042 2413 2082 ut
2452 2033 2519 2081 si·

1449 2115 1556 2162 mul
1593 2112 1769 2162 laudet
1807 2112 2054 2173 Nervam,
2077 2126 2105 2159 a
2128 2125 2228 2174 quo
2257 2110 2307 2158 lii
2347 2110 2519 2172 paullo

1449 2200 1574 2240 aute
1596 2190 1821 2239 restituti
1847 2186 2034 2236 erant!
2097 2188 2225 2247 Sed,
2247 2195 2517 2248 quantum-

1450 2280 1655 2329 cunque
1693 2264 1915 2313 oratoris
1954 2263 2216 2325 ingenium
2255 2261 2373 2311 binc
2413 2262 2519 2309 clu·

1450 2352 1558 2405 cet,
1594 2358 1697 2391 rem
1743 2342 1905 2403 ipsam
1934 2348 2108 2387 tamen
2134 2339 2288 2386 aliter
2324 2352 2387 2386 ex
2418 2353 2523 2386 mo-

1451 2434 1563 2468 rum
1601 2417 1837 2468 doctriua
1875 2414 2134 2478 dijudicat
2174 2414 2520 2479 philosophus.

1452 2498 1619 2545 Recte
1660 2493 1874 2558 proinde
1916 2498 2096 2540 censet
2136 2491 2380 2549 Baudius,
2417 2506 2519 2540 nou

1451 2580 1695 2637 oportere
1734 2570 2013 2619 obductam
2040 2568 2338 2616 cicatricem
2373 2567 2520 2618 refri-

1452 2649 1580 2710 cari,
1603 2656 1658 2696 ut
1683 2647 1750 2695 sit
1776 2645 2005 2694 remedio
2024 2645 2197 2703 locus3
2241 2658 2336 2692 nec
2362 2659 2519 2708 expc-

1450 2724 1580 2780 dire,
1607 2725 1791 2772 malum
1818 2734 2096 2777 arcessere,
2122 2729 2178 2768 ut
2210 2720 2521 2780 expellatur.

1451 2803 1602 2852 Idem.

1446 2920 1449 2923 .
1516 2880 1681 2929 Malus
1699 2877 1941 2941 princeps]
1980 2874 2327 2923 Domitianus.
2352 2874 2487 2936 Lips.

1524 2953 1669 3015 Tolli]
1705 2952 1752 3001 A
1779 2961 1831 3000 te
1862 2953 2070 3001 iterum.
2108 2951 2257 2997 Idem.

1520 3031 1774 3080 Auctorem
1803 3027 2122 3090 displicuisse]
2157 3027 2398 3076 Pertinet
2422 3028 2519 3076 linc

1449 3106 1972 3157 Lacedaemoniorum
2030 3103 2244 3159 factum,
2299 3102 2364 3151 de
2421 3120 2520 3168 quo

1455 3183 1692 3247 Agellius
1724 3183 1942 3245 prolixe,
1964 3195 2131 3231 xvtn.
2157 3185 2206 3230 3.
2240 3181 2400 3229 Lirim
2459 3196 2460 3199 ¹

1519 3259 1798 3322 Auctorem]
1857 3258 1931 3306 Ut
1986 3258 2388 3314 Lacedaemonii,
2434 3260 2522 3320 qui

1453 3336 1641 3386 bonam
1665 3333 1976 3383 senteutiam
2000 3336 2065 3382 ab
2093 3335 2327 3397 improbo
2365 3335 2525 3383 bomi-

1453 3429 1517 3463 ue
1545 3415 1594 3463 in
1615 3419 1797 3462 senatu
1818 3410 2315 3472 dictam,jusseruut
2338 3427 2365 3459 a
2387 3411 2522 3459 bono

1454 3491 1639 3539 iterum
1664 3488 1790 3548 dici,
1815 3487 1969 3549 eique
2001 3486 2226 3535 inscribi.
2297 3486 2520 3547 Gellius,

1450 3577 1506 3618 et
1542 3566 1853 3617 Plutarchus
1890 3565 1941 3612 in
1971 3564 2233 3628 Praecept.
2258 3564 2517 3614 Gereudae

1452 3646 1605 3710 Reip.
1643 3645 1774 3707 Lips.

1519 3723 1804 3787 Auctorem]
1859 3723 1874 3749 ⁴
1898 3725 2007 3773 Nec
2066 3734 2218 3784 poena
2273 3720 2522 3775 criminis,

1450 3800 1544 3848 sed
1571 3798 1768 3848 factum
1795 3796 2144 3863 displicebat.’
2192 3797 2356 3845 Tacit.
2381 3795 2521 3845 Hist.

1457 3890 1518 3925 ιι.
1546 3880 1623 3924 10.
1662 3877 1813 3925 Rern.

1522 3955 1777 4001 Auctorem
1821 3946 2139 4011 displicuisse]
2198 3948 2325 3996 Cum
2381 3948 2519 4009 apud

1459 4028 1880 4078 Lacedaemonios
1906 4030 2054 4076 lnomo
2080 4025 2286 4090 quidam
2326 4026 2340 4050 ‘
2359 4025 2522 4086 turpi·

1456 4106 1637 4155 tudine
1659 4104 1892 4167 pristinus
1913 4107 2035 4153 vitae
2057 4100 2522 4151 defamatissimua'

1457 4183 1709 4246 optimum
1758 4196 1853 4243 pro
1898 4196 1954 4229 re
1998 4178 2206 4243 publica
2248 4177 2519 4227 consilium

1456 4261 1772 4328 protulisset,
1794 4259 2006 4324 placuit,
2031 4265 2087 4307 ut
2109 4254 2245 4321 quod
2267 4256 2378 4320 ipse
2406 4272 2522 4321 pro·
