3060 4902
754 372 819 418 Ο.
872 371 1102 420 PLINU
1156 373 1485 423 SECUNnt
1542 378 1812 426 PANEG.
1895 383 1938 428 l.

308 511 631 563 excitabant.
666 515 889 564 Putat-ol.

376 588 648 653 Templum]
686 589 923 641 Pecunia
962 593 1167 656 publica
1214 610 1378 644 asser-

309 670 529 716 vabatur
586 668 638 716 in
698 671 891 732 templo
947 672 1197 732 Saturni;
1258 675 1379 737 quia

310 745 450 793 aetles
490 745 630 792 illius
663 746 883 794 numinis
921 744 1071 796 furtis
1121 762 1219 795 nou
1263 757 1378 798 erat

307 822 552 870 obnoxia.
620 821 756 871 Vide
805 822 946 871 Plut.
997 824 1139 872 Ronr.
1179 827 1380 876 Quaest.

309 901 465 945 cam.
502 898 651 947 Idem.

375 974 642 1037 Templum]
693 975 835 1038 Ergo
880 990 1036 1039 supra
1078 989 1288 1027 xxxiv.
1333 983 1380 1027 1.

309 1051 444 1100 bene
486 1054 861 1115 interpretatus
907 1070 1037 1113 sum,
1086 1064 1100 1083 ‘
1126 1059 1375 1120 templum

309 1130 599 1180 insedisse’
632 1132 924 1194 delatores;
958 1150 1143 1200 nempe
1166 1136 1263 1185 hoc
1296 1138 1374 1201 ip-

308 1219 441 1254 sum.
473 1207 611 1269 [λιιι.

378 1283 525 1331 Nunc
546 1300 654 1333 cere
677 1285 835 1349 Deus]
873 1286 1005 1336 Nam
1045 1289 1283 1337 terariutn
1321 1288 1372 1337 in

310 1357 425 1406 vde
448 1361 674 1409 Saturni.
740 1363 986 1411 Caussatn
1025 1377 1054 1411 e
1095 1365 1375 1413 Plutarcho

310 1435 516 1483 obviarn
544 1446 727 1498 petere
760 1441 886 1490 Rer.
923 1442 1135 1490 Roman.
1173 1444 1373 1495 Quoest.

311 1527 360 1561 c.
381 1517 465 1562 42.
499 1514 663 1563 Lirin.

377 1589 539 1652 Deus]
571 1593 841 1657 Saturnus,
864 1593 913 1644 in
937 1595 1082 1659 cnjus
1108 1597 1269 1646 tutela
1305 1612 1369 1647 τε·

311 1667 522 1715 ratium.
566 1669 703 1733 Lips.

387 1742 508 1793 Vere
530 1745 687 1810 Dm]
717 1745 866 1797 Sicut
897 1750 1117 1799 antehac
1154 1750 1204 1798 in
1244 1766 1373 1800 aera-

310 1818 442 1868 riom
478 1819 615 1871 bona
649 1825 922 1874 multorum
957 1826 1309 1888 innocentum,
1344 1845 1373 1877 a

308 1894 626 1946 delatoribus
649 1908 1029 1958 accusatorum,
1054 1909 1295 1967 tanquam
1320 1908 1370 1955 in

308 1975 605 2036 spoliarium
648 1975 929 2040 quoddam,
973 1981 1203 2041 pertrahi
1249 1997 1370 2031 con-

310 2061 613 2115 sueverant,
630 2054 701 2102 ita
722 2054 922 2105 Plinius
938 2058 1029 2113 ait,
1044 2074 1195 2120 nunc,
1213 2060 1371 2125 impe-

310 2138 455 2179 rante
473 2131 721 2194 Trajauo,
742 2133 868 2182 illud
888 2148 941 2182 re
959 2151 1080 2185 vera
1096 2152 1206 2186 esse
1223 2154 1365 2188 sanc·

308 2216 413 2252 tum
441 2211 715 2270 ternplum,
741 2210 849 2258 sine
873 2212 1093 2275 strepitu
1119 2222 1173 2262 et
1200 2215 1371 2265 litibus

309 2283 623 2346 delatorum,
666 2288 777 2336 siue
832 2288 1018 2351 injuria
1075 2290 1321 2342 bonorum
1351 2310 1366 2353 ;

310 2371 444 2408 nunc
466 2361 746 2411 Saturnum
785 2378 904 2414 vere
938 2381 1050 2415 esse
1082 2375 1135 2416 et
1159 2372 1368 2432 agnosci

312 2435 500 2498 Deum,
526 2438 612 2502 qui
639 2440 868 2503 rapinas,
887 2458 1113 2509 opesque
1131 2446 1368 2512 injustas,

309 2525 338 2559 a
363 2513 556 2577 templo
579 2529 669 2564 suo
696 2518 984 2579 probibeat.
1034 2522 1119 2573 Jo.
1146 2525 1364 2574 Frisieri·

308 2603 396 2637 cus
419 2589 737 2655 Gronovius,
761 2596 835 2643 vir
864 2597 981 2645 olim
1016 2599 1067 2647 in
1092 2602 1367 2651 emendan-

309 2664 386 2714 dis
413 2666 831 2736 illustrandisque
857 2674 1077 2739 antiquis
1103 2679 1366 2739 scriptori·

310 2743 403 2791 bns
430 2747 772 2811 acutissimus,
810 2750 860 2798 in
887 2752 976 2800 lib.
1000 2756 1135 2804 Nov.
1163 2756 1288 2805 Obs.
1312 2772 1364 2821 p.

307 2822 419 2868 255.
456 2830 627 2886 putat,
662 2824 711 2871 in
752 2825 826 2873 liis
862 2828 1014 2878 Plinii
1053 2832 1234 2887 verbis,
1272 2848 1364 2895 pro

308 2910 415 2943 cere
439 2896 593 2960 Deus,
618 2899 719 2963 legi
742 2901 932 2952 debere
954 2922 1062 2955 rere
1083 2912 1223 2958 oedes.
1260 2911 1364 2959 Sed

308 2970 478 3033 ipsum
526 2975 792 3036 audiamus
817 2995 831 3028 ι
878 2988 893 3010 ‘
918 2983 1245 3048 Transeunt,'
1292 2990 1366 3036 in·

306 3051 435 3111 quit,
477 3052 493 3077 ‘
514 3050 610 3101 ltoc
648 3055 739 3102 riri
770 3055 927 3118 docti,
946 3061 1071 3109 satis
1096 3062 1365 3126 habentes,

306 3132 538 3182 notasse,
573 3131 809 3180 aerarintn
843 3132 1000 3184 fuisse
1038 3140 1087 3186 in
1122 3141 1233 3188 aede
1273 3142 1363 3190 Sa·

307 3205 465 3258 turni,
490 3211 543 3252 et
570 3206 737 3256 Deum
763 3208 901 3259 ilium
928 3213 1206 3263 Saturnum
1233 3231 1363 3267 esse.

308 3277 420 3340 Ego
443 3289 618 3328 autem
643 3284 879 3334 aerarinm
908 3288 1008 3338 dici
1037 3290 1223 3352 Deum,
1247 3294 1364 3356 quia

307 3357 357 3403 in
382 3358 499 3406 Diri
521 3358 635 3408 aede
651 3369 784 3424 erat,
801 3361 987 3428 fateor,
1009 3381 1085 3415 me
1104 3366 1240 3417 ferre
1264 3386 1360 3419 non

306 3448 471 3494 posse.
546 3436 685 3486 Loco
708 3453 896 3490 numen
921 3457 1052 3503 esse,
1088 3445 1252 3495 locum
1279 3464 1359 3496 su·

307 3525 478 3574 per-os,
506 3521 597 3562 ant
633 3529 837 3573 numen,
871 3519 1080 3584 habere,
1105 3530 1157 3572 et
1193 3525 1361 3573 credi-

306 3593 410 3638 tum
435 3597 492 3638 et
515 3590 761 3641 traditum
789 3596 1079 3649 veteribus:
1105 3600 1267 3660 ipsum
1292 3604 1360 3650 lo·

303 3676 414 3712 curn
441 3667 492 3713 in
520 3668 675 3716 terris
698 3682 884 3720 numen
908 3687 1039 3737 esse,
1063 3685 1151 3725 aut
1173 3679 1360 3736 Deum,

301 3741 526 3791 insolens
552 3744 617 3792 ad
653 3759 801 3795 aures
826 3749 1020 3799 accidit
1052 3768 1207 3803 meas.
1274 3756 1361 3805 Sic

300 3826 473 3878 certe;
513 3833 631 3867 nam
666 3824 911 3886 templum
948 3827 1067 3875 Divi
1094 3829 1249 3892 ipsius
1272 3846 1361 3880 no·

300 3894 434 3943 mine
481 3897 757 3959 appellari,
809 3908 867 3949 ut
920 3903 1221 3968 Saturnum,
1267 3922 1360 3970 pro

301 3970 406 4019 aede
430 3971 669 4035 Saturni,
692 3975 880 4036 poetis,
904 3993 1002 4028 non
1026 3981 1219 4044 ignoro.
1257 3986 1360 4034 Re·

297 4043 457 4109 finge,
474 4061 605 4096 nanc
619 4051 841 4113 templum
856 4053 1006 4115 illum,
1028 4070 1149 4106 nunc
1170 4074 1276 4108 uere
1296 4076 1361 4109 oe-

298 4122 390 4171 den
442 4123 915 4192 Utrumque‚quod
938 4144 999 4180 ex
1028 4132 1245 4183 adverso
1273 4152 1359 4199 po·

294 4199 400 4248 nitu
408 4214 449 4255 r.
462 4199 703 4265 (nempe,
714 4204 1009 4267 spoliarium,
1029 4215 1081 4257 et
1096 4216 1361 4273 receptacu-

298 4275 431 4343 lum)
456 4286 515 4329 ut
538 4279 676 4344 loeo,
699 4293 803 4331 non
820 4288 878 4331 nt
901 4282 1030 4348 Deo,
1047 4287 1363 4350 opponitur.'

1459 520 1724 571 Hactenus
1753 525 2073 588 Gronovius3
2096 531 2245 594 cujus
2269 533 2512 583 observa-

1456 596 1528 644 tio
1553 612 1652 645 nou
1674 599 1736 646 de
1755 601 1913 650 nihilo
1932 618 2042 653 esse
2064 608 2284 657 videtur.
2324 610 2512 673 Itumo,

1453 673 1495 720 si
1544 689 1716 724 verum
1764 689 1921 740 esset,
1970 683 2101 742 qumi
2143 685 2296 733 Valla
2338 699 2425 734 ιιι.
2463 692 2513 736 7.

1454 753 1634 814 tradit,
1652 758 1665 780 ⁶
1685 756 1887 815 redenis
1904 759 1943 806 ai
1962 774 2052 820 pro
2078 763 2271 825 templo
2291 765 2511 820 dicatur,

1450 843 1655 889 semper
1692 831 1882 881 habore
1915 835 2281 896 adjectionem,
2315 850 2389 895 ut,
2422 844 2435 868 ‘
2458 845 2509 890 in

1452 905 1566 953 aede
1605 907 1706 954 Dei
1729 927 1742 968 ;
1765 906 1776 925 '
1819 912 1833 937 ‘
1856 911 1905 958 in
1934 914 2045 962 aede
2082 916 2246 980 Jovir,
2281 919 2510 983 Saturni,

1449 984 1723 1042 Minerva»,
1754 986 1998 1048 Honoris,
2013 993 2272 1050 Virtutis,'
2295 1005 2346 1047 et
2370 1007 2511 1048 cete-

1451 1072 1658 1121 rorum;
1701 1065 1843 1119 item,
1883 1067 1932 1115 in
1968 1083 2181 1118 numero
2221 1075 2509 1124 multitudi-

1451 1134 1548 1196 nis,
1592 1137 1676 1185 ‘in
1718 1140 1913 1192 aedibus
1956 1145 2154 1202 sacris,'
2193 1151 2274 1197 ‘in
2309 1151 2508 1201 aedibus

1450 1211 1675 1262 Deorum
1696 1215 1730 1263 ε’
1758 1225 1880 1267 tunc
1905 1221 1954 1268 iu
1981 1222 2092 1272 loco
2114 1226 2350 1275 Pliniana
2368 1227 2507 1278 forte

1449 1287 1603 1335 etiam
1646 1293 1815 1352 potius
1854 1298 2009 1347 scribi
2057 1300 2341 1363 debuisset,
2387 1321 2508 1354 nunc

1448 1378 1559 1412 cera
1583 1366 1679 1415 Dei
1700 1370 1843 1426 oedes,
1882 1373 1991 1423 sive
2024 1392 2086 1425 ex
2118 1386 2292 1429 mente
2317 1382 2506 1431 Varro-

1447 1439 1527 1487 nis
1556 1443 1765 1502 rectius,
1796 1449 1945 1507 aedis‚·
1981 1461 2068 1500 aut
2092 1455 2268 1509 etiam,
2291 1472 2410 1507 nunc
2431 1475 2506 1507 re-

1447 1531 1502 1564 να
1533 1518 1625 1567 Dei
1647 1523 1792 1572 sedes.
1839 1526 2048 1589 Verum,
2072 1533 2151 1579 vel
2175 1547 2239 1581 ex
2265 1535 2371 1583 solo
2397 1537 2507 1585 Ho-

1446 1594 1584 1642 ratio
1606 1597 1798 1661 aliquot
1817 1604 2070 1667 exemplis
2093 1607 2296 1669 probari
2314 1621 2507 1675 potest,

1448 1685 1561 1719 eam
1589 1675 1747 1724 Vallae
1769 1677 2183 1734 observationem
2205 1688 2372 1736 nonin
2398 1691 2508 1739 uni-

1450 1762 1649 1796 versum
1679 1753 1862 1805 valere.
1918 1757 2078 1808 Istam
2110 1770 2280 1812 autem
2306 1766 2508 1817 Grono-

1451 1824 1514 1872 vii
1540 1827 1888 1888 conjecturam
1919 1835 2160 1895 probavit
2200 1843 2504 1907 recepitque

1447 1901 1731 1961 Gesnerus,
1758 1909 1968 1959 tradens
1991 1918 2214 1977 templum
2237 1925 2291 1968 et
2310 1922 2457 1972 oetiem
2475 1939 2506 1971 a

1445 1976 1615 2027 Plinio
1652 1981 1836 2046 jungi;
1880 1990 1998 2051 quia
2034 1994 2255 2055 templum
2295 2000 2505 2060 proprie

1445 2054 1513 2103 sit
1551 2056 1637 2105 illa
1672 2069 1853 2120 pateus
1895 2069 2115 2133 undique
2153 2075 2505 2126 columnarum

1444 2132 1780 2198 substructio,
1814 2142 1937 2189 oedes
1971 2152 2142 2195 autem
2169 2162 2349 2199 cavum
2377 2153 2503 2202 illud

1444 2208 1694 2272 clausum,
1730 2215 1868 2278 quod
1896 2219 2021 2267 alias
2046 2222 2059 2246 ‘
2080 2224 2213 2271 cella
2232 2223 2242 2239 ⁹
2272 2236 2504 2276 vocetur.

1445 2285 1595 2335 Quod
1622 2287 1919 2353 discrimen,
1955 2297 2152 2354 vellem,
2193 2304 2505 2353 auctoritate

1447 2363 1634 2411 veteris
1674 2366 1938 2428 cujusdam
1974 2375 2245 2437 scriptoris
2270 2393 2505 2443 compro-

1447 2438 1641 2491 basset.
1701 2443 1859 2496 Certe
1884 2450 2065 2513 virgil.
2089 2455 2204 2505 AEu.
2227 2470 2289 2504 ιι.
2312 2462 2392 2507 87.
2417 2461 2506 2508 sri-

1443 2515 1567 2577 gide
1592 2524 1605 2545 ⁸
1629 2519 1770 2569 aedes
1788 2523 1800 2542 ’
1825 2537 2055 2577 vocasset
2089 2531 2103 2556 ‘
2126 2532 2316 2588 cavas‚'
2339 2535 2503 2599 sijau»

1445 2595 1747 2659 simpliciter
1775 2609 1827 2650 et
1860 2607 2065 2668 proprie
2091 2608 2185 2658 hoc
2212 2625 2394 2661 nomeu
2419 2630 2504 2663 ca·

1444 2672 1655 2722 vitatem
1682 2679 1857 2740 templi
1877 2691 2102 2734 notaret.
2139 2686 2253 2736 Nec
2275 2690 2505 2753 Servitia,

1444 2750 1505 2797 ad
1534 2751 1665 2800 huuc
1699 2755 1900 2814 Virgilii
1927 2760 2113 2821 locum,
2148 2764 2297 2812 aliam
2322 2781 2504 2828 agnos·

1444 2827 1515 2875 cit
1553 2832 1808 2881 notionem
1843 2837 1978 2897 oedis,
2013 2855 2162 2901 qumu
2197 2841 2354 2892 lianc:
2382 2845 2395 2869 ‘
2420 2846 2503 2893 ΛΕ-

1444 2903 1600 2965 dem,’
1643 2910 1823 2972 inquit,
1865 2915 1878 2938 ‘
1903 2927 2114 2963 numero
2153 2918 2398 2979 singulari
2437 2920 2503 2968 de

1446 2985 1639 3045 templo
1689 2994 1885 3035 tanturn
1924 2990 2177 3052 dicimus3
2216 2994 2415 3054 plurali,
2451 3005 2505 3044 et

1443 3056 1509 3105 tle
1555 3059 1807 3123 domibus,
1846 3071 1898 3111 et
1944 3065 2010 3114 tie
2053 3068 2293 3130 tetnplis.’
2346 3070 2503 3120 Certe

1444 3132 1556 3196 ipse
1604 3136 1715 3184 Cic.
1759 3138 1986 3202 Philipp.
2026 3157 2061 3190 ι.
2109 3147 2152 3190 l.
2193 3145 2266 3191 liis
2302 3144 2502 3194 duobus

1443 3212 1723 3274 vocabulis,
1768 3224 2010 3280 tauquam
2052 3222 2369 3284 synonymis,
2405 3224 2504 3271 uti·

1442 3293 1561 3335 tur:
1602 3290 1615 3315 ‘
1636 3290 1713 3337 Ex
1750 3305 1811 3339 co
1842 3293 1963 3348 die,’
1992 3296 2173 3359 inquit,
2204 3301 2217 3323 ‘
2237 3300 2413 3361 quoin
2435 3316 2505 3348 ae-

1441 3359 1558 3408 dem
1602 3362 1827 3414 'l'elluris
1874 3373 2152 3419 convocati
2193 3388 2399 3425 sumus:
2451 3376 2502 3425 in

1441 3451 1543 3499 quo
1570 3443 1781 3502 templo,
1806 3452 2051 3507 quantum
2079 3448 2127 3496 in
2153 3463 2233 3496 me
2255 3449 2500 3515 fuit,jeci

1440 3512 1775 3565 fundamenta
1818 3521 1994 3582 pat-iel
2051 3523 2227 3580 Vides,
2276 3528 2357 3576 ‘in
2403 3545 2503 3593 quo

1442 3592 1667 3654 templo’
1705 3596 1803 3644 dici
1832 3612 1922 3660 pro
1954 3601 1967 3627 ‘
1989 3599 2039 3649 in
2065 3616 2163 3665 qua
2189 3603 2301 3654 aede
2329 3608 2502 3656 Tellu-

1440 3667 1548 3717 ris!
1616 3669 1782 3721 Porro
1830 3676 1988 3725 tradit
2038 3680 2110 3727 vir
2156 3680 2504 3740 doctissimus,

1439 3744 1665 3795 Plinium
1703 3750 1827 3800 nihil
1857 3752 1994 3802 aliud
2031 3770 2225 3818 ponere
2260 3761 2504 3818 voluisse,

1440 3837 1591 3886 quam
1617 3825 1713 3874 loci
1739 3828 1961 3878 nomina.
1988 3832 2110 3887 Sed,
2133 3832 2503 3896 quidni'dicere

1438 3898 1613 3953 etiam,
1641 3907 1693 3948 et
1729 3904 1968 3962 voluerit,
2009 3916 2062 3956 et
2101 3911 2350 3972 potuerit,
2378 3927 2502 3959 nunc

1439 3977 1666 4038 templum
1686 3979 1824 4037 iuuet,
1849 3997 1972 4030 nunc
1995 4000 2101 4033 tere
2132 3987 2268 4035 Deus
2293 3991 2504 4051 templi?

1440 4053 1571 4102 Quae
1591 4067 1654 4101 ex
1673 4056 1890 4107 adverso
1913 4070 2192 4121 ponuntur,
2210 4065 2502 4124 spoliarium,

1440 4134 1493 4176 et
1534 4131 1803 4190 praclarum
1840 4138 2197 4196 receptaculum,
2247 4151 2346 4185 non
2389 4140 2501 4200 qui-

1439 4205 1558 4253 dem
1583 4207 1888 4270 simpliciter
1913 4210 2044 4270 Deo,
2066 4212 2165 4260 Dei
2186 4220 2353 4261 tamen
2374 4221 2500 4263 tem-

1440 4282 1526 4344 plo
1551 4292 1903 4347 opponuntur.
1939 4286 2185 4337 Quamvis
2206 4288 2334 4339 adco
2359 4289 2501 4354 inge-
