3060 4902
506 405 640 471 596

509 570 568 616 et
600 563 882 614 Salmasius
925 562 990 612 ad
1034 563 1198 613 Soliui
1244 564 1433 620 locum,
1479 577 1577 626 pro

511 641 673 692 verbo
705 640 722 667 ‘
750 641 1114 704 incanduerit,’
1147 656 1212 689 ex
1249 641 1430 690 codice
1453 654 1578 705 quo-

509 718 629 768 dam
654 719 757 766 Ms.
781 718 1028 781 produxit
1060 720 1075 747 ‘
1105 718 1348 766 inclaruit
1367 716 1401 777 ;’
1440 715 1577 781 quod

509 809 636 844 vero
661 794 914 857 posterius
932 794 1140 842 verbum
1162 808 1190 841 e
1214 793 1379 855 glossa
1402 800 1577 841 natum

511 870 754 919 arbitror.
823 870 900 918 Eo
943 868 1146 917 facilius
1188 876 1360 916 antem
1403 868 1579 924 credo,

510 946 742 996 Plinium
780 960 874 1008 per
904 946 1120 994 verbum
1150 945 1164 972 ‘
1193 941 1581 994 incandescere’

508 1024 798 1087 respexisse
823 1022 886 1069 ad
923 1022 1148 1070 colorem
1176 1020 1452 1070 candidum
1477 1021 1579 1069 sic-

509 1115 590 1149 cae
614 1108 669 1149 et
688 1098 1001 1148 tenuissimas
1023 1113 1192 1146 arenae
1211 1097 1441 1160 AEgypti‚
1459 1095 1580 1159 quia

510 1178 771 1239 suspicor,
827 1175 1047 1223 maxime
1095 1175 1161 1223 ob
1216 1174 1351 1221 hunc
1407 1173 1576 1230 ipsum

512 1254 935 1303 candidissimum
996 1254 1240 1307 colorem,
1296 1250 1578 1300 identidem

511 1330 780 1393 pulverem
822 1343 886 1376 ex
932 1328 1174 1392 AEgypto‚
1218 1328 1282 1376 ad
1326 1316 1579 1392 gymnasii

511 1421 680 1461 usum,
695 1405 908 1454 navibus
925 1407 1137 1454 Romam
1156 1405 1428 1454 advectum
1449 1418 1580 1452 esse.

512 1482 668 1533 Quod
714 1482 874 1532 tradit
909 1483 1124 1531 Sueton.
1171 1482 1301 1531 Ner.
1343 1496 1460 1542 cap.
1495 1484 1578 1528 45.

510 1565 526 1587 ⁸
567 1559 729 1608 Forte
765 1556 975 1620 accidit,
1017 1566 1076 1607 ut
1114 1558 1163 1605 in
1203 1555 1408 1620 publica
1444 1553 1580 1603 fame

510 1636 875 1686 Alexandrina
918 1636 1063 1684 navis
1109 1635 1434 1683 nuntiaretur
1468 1633 1579 1696 pul-

510 1728 686 1762 vetem
710 1713 1050 1762 luctatoribus
1074 1711 1252 1759 aulicis
1274 1709 1580 1757 advexisse.'

514 1788 598 1838 Cf.
624 1787 763 1838 Plin.
788 1799 968 1835 xxxv.
993 1790 1073 1833 13.
1109 1787 1260 1834 Idem.

585 1866 852 1927 Coelumque
894 1864 1127 1925 respexit]
1171 1868 1184 1889 ‘
1210 1861 1274 1910 In
1321 1857 1581 1924 AEgypto'

510 1942 615 2007 (ait
640 1942 868 2003 Seneca)
889 1942 904 1968 ‘
929 1954 1081 1989 nemo
1106 1945 1368 1989 aratorum
1394 1938 1580 2000 aspicit

522 2018 751 2068 coelnml
776 2017 911 2080 Lips.

587 2095 863 2143 Uber-tatem
877 2091 975 2153 eius
986 2092 1099 2141 anni
1117 2091 1379 2154 angustiis]
1404 2090 1583 2139 Verba

510 2172 628 2221 lsaec
654 2185 901 2233 perquam
936 2170 1183 2218 mendosa
1213 2168 1444 2217 referunt
1471 2169 1580 2231 qui·

513 2250 632 2299 dam
656 2249 768 2297 libri
792 2248 971 2310 scripti
993 2256 1045 2295 et
1062 2247 1265 2306 excusi,
1287 2245 1404 2291 dum
1428 2244 1581 2291 modo

511 2339 699 2375 nomen
746 2323 862 2372 anni
906 2322 1186 2381 omittunt3
1241 2319 1394 2369 modo
1450 2333 1582 2380 prae-

515 2409 684 2463 terea,
707 2414 798 2464 pro
823 2414 945 2447 casu
970 2396 1467 2461 quarto,ubertatem,
1491 2409 1581 2456 po-

513 2488 647 2526 nunt
679 2491 853 2524 casum
882 2475 1184 2537 secundum,
1217 2473 1354 2521 hunc
1388 2472 1437 2519 in
1473 2486 1579 2519 mo·

514 2553 658 2610 dum,
703 2554 870 2600 iisdem
913 2551 1144 2600 ubertatis
1185 2551 1285 2611 ejrts
1326 2549 1581 2609 angrtstiis.

514 2628 792 2690 sigillatim
857 2626 1026 2675 codex
1082 2625 1579 2687 Guelpherbytanus

513 2702 673 2752 habet
714 2703 883 2751 iisdem
927 2702 1159 2750 ubertatis
1201 2701 1428 2764 auspici-is
1461 2701 1581 2762 eius,

515 2779 700 2842 quibus,
722 2782 801 2839 dfe.
859 2778 1076 2827 Plurimi
1106 2787 1274 2826 tamen
1300 2793 1491 2832 veram,
1527 2785 1583 2826 et

507 2855 618 2917 jam
652 2857 932 2918 vulgatam,
955 2853 1262 2904 confirmant
1286 2854 1581 2902 lectionem.

521 2931 770 2981 Schwarz.

585 3009 771 3066 Quibus
807 3007 1145 3056 abundantiam
1179 3006 1336 3069 suam]
1377 3006 1582 3057 Justam

521 3085 586 3134 ad
636 3087 719 3135 16.
773 3084 974 3133 cubitos
1029 3098 1161 3139 esse,
1214 3083 1350 3131 infra
1402 3097 1584 3145 supra-

518 3177 619 3227 que
645 3162 830 3210 famem
858 3163 1153 3223 praesagire,
1189 3161 1391 3208 Plinius
1421 3159 1586 3209 refert

516 3251 689 3286 xvur.
718 3243 795 3286 18.
862 3238 1062 3285 Iterum
1091 3250 1296 3285 xxxvl.
1320 3241 1369 3285 7.
1401 3238 1416 3264 ⁴
1437 3237 1582 3285 Nun-

517 3326 671 3377 quam
694 3314 777 3360 hic
796 3313 1052 3376 (loquitur
1072 3314 1138 3362 de
1161 3313 1358 3362 basalte
1383 3311 1585 3377 lapide)

516 3389 682 3453 major
715 3397 955 3453 repertus
984 3397 1086 3450 est,
1116 3404 1268 3454 quam
1305 3391 1355 3439 in
1387 3391 1586 3451 templo

516 3465 673 3515 Pacis
698 3465 763 3514 ab
795 3466 1109 3529 imperatore
1136 3467 1454 3528 Vespasiano
1480 3465 1587 3513 Au·

517 3551 669 3604 gusto
716 3542 920 3590 dicatus
972 3549 1279 3603 argumento
1328 3542 1458 3602 Nili,
1507 3545 1587 3589 16.

516 3617 697 3667 liberis
744 3618 884 3665 circa
940 3616 1255 3679 ludentibus,
1315 3632 1407 3679 per
1459 3631 1586 3680 quos

518 3692 739 3743 totidem
762 3692 922 3741 cubiti
949 3694 1130 3741 summi
1163 3693 1469 3742 incrementi
1497 3707 1584 3741 au-

519 3769 688 3832 gentis
733 3782 789 3818 se
833 3769 997 3817 amnis
1035 3769 1147 3833 ejus
1186 3768 1589 3833 intelliguntur.'

519 3846 684 3896 Livia.

589 3926 713 3973 Cum
749 3923 1062 3988 expanditur]
1097 3927 1400 3988 Expanditor·
1431 3929 1587 3978 amnis

521 3999 693 4050 Livin.
764 4002 1003 4049 Insolens
1043 4009 1097 4050 et
1130 4011 1429 4065 suspectum
1463 4005 1587 4053 milri

523 4078 734 4143 quidem
772 4077 1096 4134 vocabulum,
1128 4087 1283 4143 atque
1315 4096 1376 4130 eo
1402 4083 1585 4145 magis,

521 4155 660 4219 quod
708 4156 757 4203 in
798 4156 864 4204 V.
904 4155 1103 4219 liquido
1145 4166 1226 4205 est
1270 4160 1586 4220 expandatur.

521 4230 857 4292 Reponebam
886 4230 1064 4279 timide
1082 4244 1110 4280 e
1132 4233 1366 4296 vestigiis
1394 4234 1585 4282 veteris

517 4304 796 4369 scripturae
818 4312 865 4357 et
894 4306 1121 4370 palatum
1155 4323 1272 4361 nam
1305 4311 1585 4376 verisimile

1201 417 1418 467 No'rAE
1469 414 1883 465 VARRORUM
1930 415 2008 464 IN

1655 567 1737 611 est
1759 561 1811 609 in
1837 559 1969 609 libro
1992 556 2231 622 principe
2254 554 2415 608 fuisse
2439 564 2489 608 et
2513 540 2720 620 filatur,

1654 651 1811 699 supra
1835 635 1995 698 picta,
2022 649 2136 698 quse
2162 634 2389 684 vocalem
2414 635 2615 696 longam
2642 634 2718 680 in·

1653 716 1871 771 dicaret,
1904 721 2044 774 nota,
2073 712 2167 761 sed
2198 712 2265 761 ab
2300 712 2540 775 imperito
2565 711 2720 760 libra-

1655 794 1733 843 rio
1758 794 1833 843 sic
1852 800 2088 857 accepta,
2115 799 2171 841 nt
2193 792 2236 841 si
2252 808 2285 841 n
2303 793 2514 842 valeret.
2564 789 2719 843 Quod

1654 871 1820 932 ipsum
1857 870 1909 919 in
1948 871 1962 898 ‘
1991 867 2223 924 totiens,'
2257 867 2273 894 ‘
2299 868 2570 932 quotiens:
2602 870 2618 897 ⁴
2647 866 2718 915 vi·

1654 944 1949 1009 censimus,’
1966 952 2018 994 et
2038 943 2287 994 similibus
2302 943 2559 1006 evenisse,
2577 942 2722 994 docti

1654 1021 2016 1071 observarunt.
2050 1022 2201 1070 Idem.

1722 1100 1843 1147 Cum
1864 1098 2183 1162 expanditur]
2218 1098 2338 1147 Vim
2374 1097 2523 1148 verbi
2547 1099 2720 1162 capio,
2812 1151 2823 1162 ⁸

1654 1175 1821 1237 ipsum
1853 1175 1939 1223 vix
1972 1175 2215 1224 admitto.
2279 1175 2485 1223 Novum
2509 1173 2719 1223 durum·

1654 1266 1755 1314 que
1779 1258 1890 1300 est:
1926 1259 1980 1301 et
2006 1267 2070 1300 an
2092 1266 2192 1300 non
2211 1250 2370 1313 magis
2388 1247 2723 1313 exspatiatur?

1656 1334 1747 1376 aut
1782 1328 1824 1375 si
1865 1329 1979 1391 quis
2023 1327 2282 1376 Vulcanus
2321 1326 2484 1390 magis
2521 1323 2720 1375 affabre

1654 1403 1850 1467 aliquid
1881 1402 2098 1466 effingit.
2129 1404 2266 1467 Lips-

1724 1482 1845 1529 Cum
1865 1482 2168 1544 expanditur,
2191 1479 2369 1543 arania]
2407 1480 2549 1530 Edit.
2585 1480 2720 1530 Rise-

1655 1572 1771 1606 nan.
1793 1559 2083 1621 expanditur
2113 1558 2272 1618 annis,
2310 1557 2404 1607 sed
2430 1558 2723 1622 expanditur

1654 1636 1809 1683 annuis
1831 1650 1973 1684 meus
1998 1636 2058 1683 C.
2096 1635 2264 1684 Faber.

1725 1713 1846 1759 Cum
1879 1712 2192 1774 expanditur]
2229 1712 2536 1774 Expanditor
2568 1712 2723 1760 amnis

1656 1787 1822 1836 Livin.
1857 1793 1905 1835 et
1930 1787 2120 1849 putator
2154 1789 2309 1837 amnis
2345 1787 2720 1851 probabiliter3

1655 1878 1772 1912 nam
1820 1864 1973 1927 paulo
2017 1869 2138 1913 ante
2184 1864 2473 1927 praecessit,
2507 1871 2521 1892 ‘
2556 1865 2723 1927 mergi

1660 1940 1855 2002 palanti
1914 1953 2063 1987 amne
2119 1938 2403 1989 consueta!
2488 1939 2725 1988 Michae‘l

1657 2015 1957 2078 Virdungus
1994 2023 2170 2064 tamen
2205 2030 2303 2078 pro
2332 2016 2617 2078 expanditur
2647 2016 2721 2063 le·

1657 2092 1882 2155 gendum
1925 2091 2197 2141 divinabat
2238 2094 2529 2154 expatiator.
2605 2091 2721 2152 Ego

1658 2170 1861 2218 mallem
1900 2184 2053 2230 vagus
2080 2170 2158 2218 ille
2192 2174 2239 2218 et
2285 2170 2519 2231 spatiator
2552 2168 2723 2216 amuis.

1655 2247 1741 2296 Sic
1780 2252 1954 2294 autem
2005 2247 2185 2296 Nilum
2228 2252 2400 2305 vocat,
2443 2246 2566 2309 quia
2602 2261 2721 2294 cum

1657 2331 1808 2372 extra
1833 2323 2035 2371 alveum
2070 2337 2214 2370 suum
2238 2323 2469 2371 exundat
2492 2330 2549 2371 et
2571 2336 2723 2384 agros

1657 2400 1859 2463 irrigat,
1895 2398 2055 2448 veluti
2095 2399 2308 2463 spatiari
2348 2398 2571 2449 videtur.
2608 2398 2723 2447 Rie-

1658 2483 1771 2526 ter-s.

1721 2555 2026 2617 Expanditor
2046 2552 2221 2616 amuis]
2256 2553 2525 2601 Conantur
2539 2553 2723 2603 lectio·

1653 2644 1772 2677 nem
1821 2637 2022 2679 mutare
2075 2630 2247 2679 critici
2301 2631 2604 2693 teguntque,
2642 2631 2723 2679 Li-

1654 2707 1855 2755 vineius
1888 2713 1935 2755 et
1959 2709 2167 2770 palatur,
2202 2706 2406 2768 Lipsius
2435 2707 2727 2768 expatiatur,

1659 2784 2036 2832 Rittershusius
2080 2788 2128 2830 et
2163 2782 2429 2844 spatiatur-3
2480 2781 2570 2829 sed
2609 2796 2725 2830 meo

1649 2858 1856 2922 judicio
1881 2859 2003 2906 nihil
2028 2860 2417 2908 immutandum.
2452 2859 2676 2908 Patarol.

1729 2936 1849 2983 Cum
1893 2934 2204 2997 expanditur]
2260 2934 2498 2984 Antehac
2542 2948 2722 2984 omnes

1658 3010 1809 3073 hujus
1837 3011 2144 3073 panegyrici
2181 3010 2438 3059 editiones
2470 3012 2724 3060 contami·

1659 3092 1878 3134 naverat
1922 3100 2078 3147 grave
2120 3086 2380 3148 mendum,
2423 3100 2540 3136 cum
2579 3087 2722 3135 locus

1658 3162 1742 3209 lric
1780 3161 1969 3224 ubique
2010 3161 2083 3210 sic
2129 3177 2401 3224 expressus
2440 3164 2725 3226 legeretur,

1665 3238 1827 3301 Neque
1849 3240 1975 3286 enim
1996 3239 2142 3286 solum
2162 3253 2313 3299 vagus
2336 3238 2416 3286 ine
2438 3240 2726 3301 expanditur

1659 3316 1813 3363 amnis
1853 3316 1983 3362 intra
2028 3320 2260 3377 usurpata
2311 3330 2493 3377 semper
2533 3316 2727 3364 collium

1659 3392 1956 3452 substiterat,
1995 3395 2077 3454 ᾄτ.
2169 3392 2373 3440 Novum
2431 3392 2726 3456 durumque

1660 3482 1844 3516 nomen
1877 3468 2160 3530 expanditor
2189 3467 2359 3516 critici
2382 3464 2534 3516 facile
2570 3481 2727 3529 agno-

1663 3551 1866 3597 verunt,
1891 3550 1944 3591 et
1963 3542 2216 3590 medelam
2242 3541 2360 3590 huic
2380 3542 2493 3591 loco
2512 3540 2725 3591 adferre

1662 3627 1959 3680 tentarunt;
1982 3616 2070 3667 sed
2093 3624 2377 3668 tentarunt.
2414 3618 2560 3680 Mihi,
2585 3618 2727 3682 quod

1662 3695 1942 3760 praefiscini
1985 3694 2224 3758 dixerim,
2273 3696 2439 3758 primo
2484 3696 2730 3759 contigit,

1661 3773 1911 3821 veriorem
1947 3772 2222 3821 lectionem
2245 3786 2312 3820 ex
2336 3772 2573 3835 vestigiis
2598 3787 2727 3837 qno-

1659 3848 1877 3897 rundam
1900 3846 2135 3896 codicum
2156 3848 2205 3895 in
2224 3849 2389 3896 lucem
2414 3848 2728 3912 producere,

1659 3939 1810 3990 quam
1836 3925 1928 3973 viri
1952 3923 2115 3985 docti,
2138 3923 2404 3980 Gesnerus
2427 3933 2482 3974 et
2500 3923 2728 3977 Arntze·

1660 4002 1793 4063 nius,
1838 3999 2129 4063 pronissimi
2182 4008 2305 4049 suut
2346 4001 2615 4064 amplexi;
2670 4011 2728 4053 et

1659 4093 1810 4144 quam
1847 4077 2077 4141 posthaec
2103 4077 2263 4126 etiam
2290 4079 2606 4129 auctoritate
2639 4095 2727 4131 co·

1661 4155 1834 4204 dicum
1858 4156 2229 4204 Vaticanorum
2254 4153 2611 4206 confirmatam
2634 4159 2727 4208 de-

1662 4229 1928 4296 prehendi,
1972 4229 2056 4279 ubi
2098 4230 2293 4278 diserte
2329 4231 2580 4294 scriptum
2624 4243 2726 4289 est.

1662 4310 1829 4373 Neque
1861 4308 1986 4359 euim
2010 4309 2162 4373 selum
2193 4321 2346 4371 vagus
2371 4308 2470 4368 ius,
2505 4324 2611 4359 cum
2637 4326 2724 4360 ea·-
