3060 4902
509 271 684 340 1088

510 446 719 485 manere
741 431 981 498 gratiam,
1005 448 1158 500 qnam
1182 435 1234 483 ln
1260 434 1389 483 urbe
1413 435 1570 484 colle·

510 512 699 574 gerim,
736 508 1005 560 delector-⁹
1083 512 1252 561 Porro
1285 512 1498 575 docent,
1527 513 1573 562 si

508 601 623 636 cum
669 600 793 636 casu
825 587 1104 635 accusandi
1139 587 1412 650 jungatur.
1449 590 1571 651 poni

508 678 601 728 pro
635 660 993 725 ‘expectare.’
1061 662 1182 713 Huc
1232 663 1461 726 pertinet
1497 664 1573 714 lo-

506 753 596 789 cus
622 737 822 800 Paneg.
843 752 931 787 ιν.
946 743 1027 789 lo.
1055 739 1070 767 ‘
1092 740 1251 789 Fama
1270 741 1573 805 (principis)

507 816 727 866 invitum
751 816 965 867 manet.’
1033 817 1147 867 Cic.
1187 817 1420 883 Philipp.
1444 832 1574 870 xnr.

505 897 587 942 20.
623 891 743 941 ‘Sin
784 900 959 943 autem
993 893 1129 943 aliud
1164 909 1246 943 me
1278 893 1440 944 fatum
1467 910 1573 944 ma-

506 972 639 1017 net.'
699 969 940 1019 Sanctius
985 971 1237 1020 Minervae
1273 984 1339 1020 ιι.
1363 976 1412 1021 4.
1448 986 1571 1036 pag.

508 1048 621 1093 198.
648 1043 936 1109 contendit,
963 1045 1172 1095 verbum
1205 1045 1481 1096 ‘munere’
1514 1062 1570 1097 e·

508 1121 633 1169 tiam
658 1121 710 1169 in
736 1121 1053 1185 expectandi
1093 1122 1302 1172 notione
1328 1137 1428 1172 non
1453 1137 1573 1175 raro

506 1209 682 1245 casum
727 1194 887 1246 dandi
928 1197 1227 1248 admittere.
1293 1199 1572 1250 consentit

508 1271 696 1321 Heius.
720 1273 786 1321 ad
813 1274 1089 1324 Claudian-
1128 1275 1348 1339 Entrop.
1371 1289 1433 1324 ιι.
1455 1280 1569 1326 479.

510 1351 603 1400 Est
645 1366 769 1401 vero
810 1366 957 1402 error
994 1353 1210 1415 librarii,
1249 1355 1335 1418 qui
1376 1355 1427 1404 in
1453 1356 1569 1405 cod.

505 1427 610 1477 Ms.
655 1429 864 1479 Veneto
907 1434 956 1477 1.
1000 1431 1232 1496 scripsit,
1275 1432 1573 1497 manebitque

503 1503 695 1552 honoris
726 1506 969 1553 ueneratio
993 1520 1096 1554 suu.
1129 1506 1299 1556 Idem.

573 1581 679 1629 Nec
724 1583 1027 1631 securitatem
1072 1584 1384 1649 auctoritate]
1437 1586 1486 1637 1.
1520 1603 1570 1637 e.

502 1668 620 1716 nec,
636 1657 677 1705 si
694 1657 1005 1708 auctoritate
1023 1661 1250 1709 muneris
1269 1663 1434 1711 nostri
1458 1670 1571 1712 ute·

503 1744 636 1788 mur,
695 1730 920 1781 fortunae
981 1734 1209 1800 vitaeque
1261 1738 1570 1803 periculum,

502 1806 636 1855 sicut
659 1806 751 1855 sub
776 1809 1020 1858 malorum
1043 1811 1336 1876 principum
1364 1816 1571 1878 regimi-

502 1895 589 1941 ne,
616 1881 886 1932 adibimus.
956 1885 1062 1933 Pro
1100 1889 1305 1937 nomine
1336 1892 1569 1940 seem-iea-

503 1965 615 2019 tem,
640 1958 688 2005 in
715 1959 881 2007 altero
915 1959 1049 2008 libro
1072 1961 1230 2011 Gudii
1259 1974 1565 2018 annotatum

501 2040 583 2082 est
617 2035 948 2094 secer-itotem,·
982 2037 1118 2100 quod
1163 2053 1286 2088 vero
1321 2040 1404 2090 hic
1436 2044 1566 2093 nulli

501 2111 614 2160 usui
640 2119 754 2172 επις
790 2126 886 2162 uec
925 2113 1117 2175 placet,
1150 2116 1287 2180 quod
1332 2118 1566 2169 librarius

465 2192 468 2195 ’
500 2187 551 2234 ἰιι
569 2201 682 2235 meo
704 2188 903 2246 codice,
924 2190 1201 2252 profuerit,
1219 2192 1565 2256 scripsitsuit.

505 2262 674 2312 Idem.

565 2339 883 2390 Securitatem
903 2343 1213 2408 auctoritate]
1251 2344 1313 2394 Id
1339 2353 1440 2407 est,
1467 2361 1564 2410 nec

500 2415 933 2479 periclitabimur,
972 2419 1013 2467 si
1061 2421 1425 2470 anctoritatem
1466 2423 1565 2473 loci

498 2492 945 2556 magistratusque
982 2497 1308 2546 tenebimus:
1347 2506 1404 2546 ut
1423 2507 1562 2549 unte

495 2569 590 2616 snb
615 2570 870 2632 tyrannis.
908 2570 1041 2635 Lipc.

562 2646 666 2694 Nec
706 2648 1037 2712 securitatem]
1089 2650 1231 2700 Olim
1278 2652 1563 2715 pericnlum

498 2718 549 2766 in
576 2722 921 2771 anctoritatez
958 2734 1012 2772 et
1042 2725 1125 2773 vix
1160 2727 1209 2775 iu
1235 2727 1458 2777 obscuro
1482 2744 1563 2781 se·

495 2796 705 2844 curitas.
743 2796 894 2845 Ber-n.

562 2873 674 2922 Non
694 2874 881 2938 saeculi]
921 2875 986 2926 Η.
1002 2891 1049 2925 e.
1070 2892 1170 2927 non
1194 2881 1350 2943 culpa
1374 2889 1457 2931 est
1484 2897 1561 2933 re-

493 2949 699 3010 giminis
732 2958 786 3000 et
824 2953 1027 3015 imperii
1056 2956 1151 3004 tui.
1218 2956 1354 3006 Vide
1379 2966 1561 3010 notata

1209 287 1428 340 ⁸0⁶1·AE
1475 289 1888 341 VARtoRuu
1937 291 2020 341 m

1648 449 1804 499 quam
1829 427 2048 487 sinistris
2071 437 2394 489 sermonibus
2409 441 2601 505 carpit,
2629 457 2722 492 ue-

1649 513 1837 563 minem
1883 514 1997 577 ipse
2034 516 2380 581 reprehendo,
2410 519 2508 567 uisi
2543 527 2719 570 tamen

1649 603 1753 647 me,
1810 605 1926 640 cum
1974 606 2156 655 parum
2194 592 2468 643 commode
2512 596 2721 648 scribo-⁹

1650 668 1856 717 vitioso
1894 677 1978 718 est
2025 669 2078 717 iu
2124 668 2302 733 editis,
2346 672 2445 720 nisi
2483 677 2586 722 tuns
2626 688 2717 724 ute.

1650 758 1775 796 vm.
1792 749 1874 796 17.
1908 747 1927 775 ⁸
1944 745 2064 797 Nisi
2082 747 2221 811 quod
2244 753 2418 797 tamen
2434 756 2519 798 est
2535 749 2716 799 dolen·

1650 820 1703 871 di
1728 823 1931 885 modus,
1952 836 2054 871 nou
2080 829 2161 872 est
2183 822 2435 873 timendi-⁹
2490 826 2718 890 Corrup-

1652 903 1726 955 te.
1744 899 1866 953 ‚Nisi
1887 900 2009 962 quod
2029 904 2215 948 tntum
2239 901 2501 963 vulgatur.
2535 915 2614 952 vt.
2632 907 2718 952 21.

1648 974 1797 1025 ‘Nisi
1822 972 1960 1039 quod
1993 981 2166 1025 tamen
2201 974 2373 1039 poetis
2403 978 2618 1027 mentiri
2657 979 2717 1028 li-

1646 1050 1769 1100 cct.’
1802 1052 1967 1101 Licin.

1713 1128 1945 1177 Consules
1984 1127 2115 1192 tuos]
2166 1128 2211 1179 Α
2259 1135 2313 1179 te
2358 1130 2448 1180 tali
2485 1136 2718 1194 creatos,

1647 1201 1785 1266 quod
1833 1210 1916 1254 est
1956 1219 2116 1270 super
2155 1206 2322 1271 ipsum
2369 1209 2716 1259 consulatum.

1716 1357 1943 1406 Consules
1985 1357 2114 1422 tuoe]
2145 1357 2192 1410 1.
2228 1372 2278 1411 e.
2316 1361 2554 1411 consules
2593 1377 2625 1412 a
2660 1370 2724 1414 te

1648 1432 1742 1485 tali
1769 1439 2017 1498 tantoque
2043 1436 2284 1501 principe
2310 1445 2535 1495 creatos,
2554 1447 2612 1489 et
2627 1441 2715 1504 Ju-

1646 1508 1785 1559 dicio
1812 1517 1902 1560 tuo
1938 1511 2290 1578 singularique
2322 1528 2448 1578 erga
2468 1529 2563 1565 uos
2581 1515 2716 1565 fidu-

1647 1586 1730 1634 cia
1754 1588 2085 1639 constitutos.
2151 1590 2347 1641 Confer
2371 1591 2511 1641 Pliu.
2534 1607 2716 1657 supra,

1645 1672 1762 1711 xcx.
1800 1665 1850 1711 8.
1917 1663 2076 1713 Ovid.
2109 1680 2176 1714 ex
2214 1666 2406 1730 Ponto,
2436 1680 2515 1717 tv.
2547 1672 2602 1720 9.
2626 1674 2715 1720 6⁵.

1647 1736 1739 1786 ubi
1764 1738 1994 1803 loquitur
2019 1739 2083 1790 de
2107 1742 2338 1793 Grecini
2370 1744 2564 1793 bonore
2588 1758 2716 1795 cou-

1645 1815 1843 1866 sulatus
1864 1817 1929 1868 ab
1947 1818 2186 1883 Augus‘tc
2200 1820 2394 1871 collato
2412 1837 2426 1870 τ
2446 1821 2581 1872 ‘Qui
2595 1821 2718 1887 (ho-

1647 1893 1769 1958 nor)
1793 1910 2083 1962 quanqnam
2109 1905 2190 1947 est
2215 1899 2414 1964 ingens,
2437 1906 2493 1948 et
2516 1900 2713 1949 nullum

1647 1969 1846 2020 Martia
1869 1986 2067 2022 summo
2091 1973 2261 2024 Altius
2294 1976 2568 2039 imperinm
2587 1990 2714 2028 cou-

1645 2048 1755 2097 sule
1788 2049 1950 2098 Roma
1975 2050 2152 2103 videt:
2191 2053 2512 2118 multiplicat
2537 2063 2713 2104 tamen

1643 2125 1780 2175 bunc
1807 2127 2037 2190 gravitas
2069 2131 2294 2179 auctoris
2317 2132 2559 2180 honorem
2585 2146 2603 2192 3
2639 2132 2711 2181 Et

1643 2202 1968 2266 majestatem
2013 2218 2095 2254 res
2129 2205 2254 2255 data
2295 2206 2472 2256 dantis
2515 2207 2714 2258 habet.'

1638 2278 1930 2341 Symmach-
1953 2280 2123 2343 Epist.
2161 2294 2221 2331 x.
2241 2286 2324 2333 22.
2355 2284 2371 2309 ⁸
2389 2282 2492 2332 Sed
2518 2284 2709 2332 iutelli-

1642 2369 1724 2418 go,
1749 2363 1945 2421 quanto
1980 2357 2095 2420 plus
2130 2358 2475 2410 solicitudinis
2514 2359 2710 2411 babeat

1640 2434 1992 2498 magistratus,
2014 2436 2182 2501 quiex
2201 2436 2428 2501 jndicio,
2450 2451 2606 2502 qnam
2619 2438 2708 2504 qui

1639 2523 1705 2558 ex
1730 2512 1919 2573 gratia,
1945 2514 2106 2562 venit.
2170 2514 2269 2564 Ille
2294 2516 2451 2579 enim,
2469 2523 2527 2565 ιιι
2552 2520 2709 2567 meri-

1641 2586 1708 2634 tis
1744 2585 1918 2645 datus,
1954 2603 2100 2653 spem
2142 2591 2221 2639 oni
2267 2590 2428 2641 debet
2457 2606 2707 2658 equare:

1637 2659 1755 2724 iste,
1792 2670 1852 2713 ut
1893 2678 1989 2728 per
2021 2665 2330 2717 beneficium
2369 2669 2646 2732 quaesitus,
2677 2682 2711 2718 a

1637 2739 1868 2801 periculo
1924 2745 2279 2807 prestatiouis
2335 2746 2536 2798 alienus
2602 2753 2706 2796 est.

1637 2814 1769 2866 Quis
1806 2831 1927 2880 ergo
1959 2834 2042 2870 me
2080 2821 2201 2871 huic
2235 2824 2382 2871 oneri
2421 2836 2599 2886 parem
2627 2820 2706 2870 fa·

1635 2890 1779 2941 ciet?
1847 2894 2060 2947 Scilicet
2094 2903 2266 2948 vestra
2295 2898 2590 2953 clementia,
2614 2912 2706 2947 cu·

1626 2967 1717 3030 jus
1744 2969 1982 3034 interest,
2014 2987 2081 3023 ne
2114 2981 2312 3026 temere
2340 2974 2540 3025 eiectus
2564 2975 2706 3024 exis·

492 3024 556 3072 ad
586 3039 751 3075 xvur.
779 3032 824 3075 1.
888 3028 1018 3078 Haec
1040 3031 1196 3080 Plinii
1220 3034 1564 3096 Symmachus
1634 3043 1824 3093 timer?
1859 3047 2102 3100 Schwartz.

490 3100 698 3149 videtur
722 3102 965 3159 imitatus,
995 3106 1160 3169 Epist.
1186 3121 1238 3157 x.
1260 3114 1341 3158 22.
1365 3111 1427 3159 ad
1456 3113 1553 3160 Va·

492 3174 831 3224 lentini-num
874 3178 1158 3242 Augustum
1184 3199 1196 3229 ε
1230 3186 1245 3213 ⁸
1268 3186 1466 3248 Facite,
1498 3194 1557 3238 ut

488 3264 666 3299 omnes
692 3253 1008 3318 intelligant,
1037 3259 1078 3306 si
1118 3257 1255 3309 forte
1286 3263 1419 3312 desit
1447 3278 1556 3314 rec·

486 3326 682 3376 toribus
708 3328 912 3391 integer
930 3333 1091 3394 vigor,
1108 3335 1329 3387 hominis
1346 3341 1554 3404 culpam

489 3414 622 3463 esse,
648 3417 749 3452 non
771 3407 981 3454 saeculi!
1016 3409 1259 3462 Schmun-2.

550 3478 682 3527 Ante
715 3482 977 3545 principes]
1023 3484 1071 3533 Ι.
1107 3503 1155 3535 e.
1190 3489 1242 3537 in
1284 3493 1554 3553 republica

483 3551 665 3616 libera,
712 3565 989 3621 antequem
1036 3576 1235 3613 summa
1277 3580 1449 3617 rernm
1483 3569 1550 3618 ad

484 3630 634 3678 unius
654 3631 1003 3695 principatum
1026 3642 1277 3690 translata
1303 3654 1434 3694 erat.
1473 3646 1553 3695 Id.

549 3706 666 3755 Nisi
689 3712 876 3759 tantum
898 3711 1055 3776 illam]
1096 3716 1209 3764 Nisi
1235 3724 1395 3768 tumen
1418 3721 1553 3771 illam

484 3783 551 3832 V.
586 3784 750 3835 Livia.

545 3861 662 3910 Nisi
696 3868 879 3912 tuntum
919 3865 1076 3930 illum]
1111 3869 1288 3920 Tamen
1323 3872 1550 3923 arbitror

481 3950 678 3986 verum.
745 3941 936 4005 Supra,
971 3947 987 3972 ‘
1012 3945 1124 3995 Nisi
1163 3949 1300 4011 quod
1354 3958 1547 4008 tamen,

479 4014 566 4075 qui
593 4029 765 4065 rursus
790 4023 1030 4071 consules
1049 4021 1196 4086 flunt,
1216 4024 1294 4075 bis
1315 4027 1548 4091 quidem.

478 4089 568 4135 sed
603 4089 820 4142 diversis
860 4099 1176 4161 temporibus
1211 4102 1546 4166 obligantur?

478 4161 645 4225 Epist.
684 4180 723 4215 1.
752 4171 805 4215 9.
845 4168 861 4194 ⁴
881 4171 1049 4222 Nemo
1081 4188 1161 4225 me
1199 4178 1337 4240 apud
1364 4191 1545 4244 quem·

1697 3122 1775 3170 Ea
1795 3125 2078 3190 senciamus]
2116 3126 2319 3178 Absunt
2337 3128 2407 3178 V.
2443 3128 2606 3180 Licin.

1699 3198 2043 3252 consularibus
2074 3204 2251 3268 digna]
2307 3212 2322 3235 ⁸
2347 3206 2662 3258 Consulares
2685 3207 2702 3229 ⁶

1628 3286 1731 3323 non
1754 3275 1838 3326 hic
1858 3285 1979 3328 sunt
1995 3280 2256 3340 consules,
2273 3279 2364 3330 sed
2383 3295 2447 3330 ex
2467 3282 2703 3332 usitatis·

1629 3348 1758 3398 eima
1796 3350 2177 3415 significatione
2211 3354 2268 3412 ii,
2307 3355 2392 3419 qui
2423 3358 2698 3407 consulatu

1619 3423 1729 3487 jam
1758 3427 2061 3493 perfunctl3
2097 3446 2394 3496 quanquam
2431 3432 2699 3496 Rupertus

1628 3508 1810 3552 noster
1826 3506 2084 3569 qnondam
2105 3508 2362 3558 monuerit
2378 3509 2442 3557 ad
2462 3509 2696 3575 Florum,

1626 3590 1747 3642 pag.
1781 3583 1897 3629 570.
1923 3583 1940 3610 ⁴
1963 3583 2283 3633 consularem
2304 3583 2324 3607 '
2358 3599 2456 3634 ceu
2483 3588 2500 3613 ⁸
2524 3587 2697 3636 virum

1626 3655 1914 3705 consularis
1939 3657 2212 3722 dignitatis
2237 3658 2252 3681 ⁹
2278 3660 2556 3725 aliquando
2583 3662 2697 3712 die-

1626 3732 1735 3778 tum
1759 3744 1895 3794 esse,
1913 3747 2273 3799 quemcunque
2298 3737 2487 3786 extulit
2507 3752 2696 3788 conau-

1623 3804 1776 3862 iatns,
1819 3821 1913 3856 sen
1951 3822 2067 3859 eum
2105 3816 2276 3873 gerat,
2317 3826 2410 3862 seu
2451 3818 2696 3878 gesserit.

1624 3879 1830 3932 Plinius
1874 3898 2061 3950 nempe
2101 3885 2277 3955 dicere
2311 3890 2496 3952 voluit,
2519 3906 2598 3955 se,
2635 3901 2692 3944 et

1623 3958 1873 4022 collegam
1892 3975 2061 4025 suum,
2078 3962 2381 4022 Cornutum,
2401 3980 2500 4016 nou
2524 3971 2691 4020 solum

1619 4032 1673 4082 in
1699 4033 1812 4098 ipso
1836 4039 2109 4088 consulatu
2145 4055 2302 4104 agere
2338 4042 2471 4092 velle
2503 4058 2690 4096 coucu-

1620 4109 1713 4170 les,
1735 4114 1913 4175 quales
1929 4124 2052 4165 ante
2073 4117 2334 4182 principes
2347 4117 2571 4184 fuerint3
2594 4124 2691 4174 sed

1619 4184 1777 4237 etiam
1800 4196 1917 4253 post
1947 4190 2273 4243 consulatum
2292 4197 2508 4259 *operam
2534 4197 2691 4250 datu·
