3060 4902
570 323 704 391 994

570 500 693 538 num
717 493 730 514 ⁸
750 491 852 533 tam
877 481 1135 533 assiduum
1150 480 1312 531 fuisse
1331 481 1383 531 iu
1400 482 1634 531 tribuna·

570 564 624 618 li.
650 568 707 610 ut
729 560 907 609 labore
933 558 1077 608 refici
1101 572 1162 607 ac
1187 559 1418 621 reparari
1436 557 1634 606 videre·

570 636 692 688 tur.'
758 637 903 686 Bene
926 636 1058 683 enim
1088 634 1378 696 Xenophon
1417 635 1507 688 ait,
1534 635 1633 696 Cy·

567 714 764 778 ropoed.
785 712 874 763 lib.
907 726 1009 762 vn.
1033 711 1095 760 01
1115 710 1209 773 ’γὰρ
1229 710 1363 759 πόνοι
1393 710 1508 773 ὄψον
1534 713 1633 761 τοῖς

565 790 776 853 hypocis-
828 789 1037 838 Labores
1061 789 1274 848 sortibus
1306 795 1415 837 suut
1452 790 1634 852 opsonii

564 870 680 918 loco.
748 868 811 916 In
849 881 963 915 meo
988 866 1166 915 codice
1201 881 1294 928 pro
1319 880 1444 915 voce
1476 872 1632 914 mutu-

564 946 759 1005 tt'onem‚
782 942 919 992 facili
945 957 1118 990 errore
1143 944 1396 1005 scriptum
1421 951 1502 992 est
1523 944 1631 991 imi·

563 1021 825 1076 tutionem5
862 1019 1027 1080 prima
1061 1018 1193 1066 enim
1228 1018 1423 1080 syllaba
1458 1034 1557 1080 mu,
1581 1020 1631 1067 in

562 1096 667 1151 imi.
693 1103 912 1158 propter
944 1094 1127 1142 omissa
1162 1104 1351 1155 puncta
1385 1093 1572 1139 litterae
1596 1092 1632 1150 i,

565 1179 646 1221 est
670 1185 939 1221 conversa·
985 1170 1144 1232 Pejus
1168 1178 1396 1217 erratum
1423 1168 1629 1216 admisit

561 1247 803 1297 librarius
850 1246 1046 1296 codicis
1106 1246 1365 1305 Patavini,
1412 1246 1499 1308 qui
1550 1261 1627 1295 se-

562 1325 772 1388 quentia
796 1322 971 1377 verbs,
1004 1323 1098 1370 uisi
1132 1324 1335 1370 lustrare
1356 1325 1518 1377 saltus,
1544 1337 1624 1369 ex·

559 1408 719 1450 catere
752 1399 984 1449 cubilibus
1005 1400 1160 1460 feras,
1185 1415 1396 1462 prorsus
1431 1400 1627 1461 omisit;

559 1491 659 1540 pro
701 1478 883 1541 quibus
926 1477 1027 1525 duo
1073 1477 1172 1524 alia
1206 1476 1458 1524 vocabula
1499 1477 1627 1524 satis

561 1556 813 1605 audacter
838 1554 1087 1616 reposuit,
1110 1561 1163 1602 et
1188 1568 1303 1601 cum
1326 1554 1625 1614 praecedeti·

558 1632 696 1682 tibus
720 1633 793 1681 ita
816 1630 1102 1692 conjunxit,
1124 1631 1244 1685 Qaoe
1262 1629 1386 1678 enim
1409 1630 1625 1679 remissio

555 1708 646 1756 tibi
669 1713 845 1757 nostrae
866 1706 1069 1755 salutis?
1137 1706 1350 1754 Transit
1375 1721 1496 1753 vero
1513 1705 1625 1768 jam

554 1784 755 1834 Plinius
801 1800 832 1833 a
872 1781 1023 1832 laude
1076 1783 1322 1831 virtutum
1363 1785 1515 1831 aiiimi
1559 1784 1622 1832 ad

556 1860 760 1909 laudem
819 1859 1067 1907 bonorum
1125 1867 1179 1906 et
1233 1860 1623 1909 exercitationis

556 1938 811 1999 corporis.
846 1938 995 1984 Idem.

620 2014 852 2063 Lustrat-e
895 2011 1071 2074 saltus]
1123 2011 1427 2060 venationis
1468 2013 1519 2062 in
1559 2029 1622 2063 eo

553 2088 780 2139 studium
815 2089 1176 2138 commendat:
1212 2087 1464 2152 quidquid
1501 2104 1621 2139 mox

553 2164 719 2227 dicet,
758 2181 928 2215 rarum
967 2172 1160 2223 tamen,
1197 2179 1291 2214 nec
1324 2166 1373 2212 in
1413 2180 1618 2228 niagno,

553 2247 739 2309 priscis
785 2245 1048 2295 Romanis.
1140 2243 1212 2292 At
1269 2244 1380 2291 aliae
1438 2251 1619 2306 gentes

552 2332 811 2380 amarunt,
849 2332 904 2372 et
941 2322 1007 2370 ab
1039 2320 1283 2383 Hispanis
1317 2321 1419 2369 suis
1460 2321 1618 2369 traxit

552 2401 826 2464 Trajanus.
863 2398 946 2447 Ab
967 2413 1029 2447 eo
1053 2397 1368 2460 Hadrianus,
1390 2397 1473 2461 qui
1499 2405 1514 2427 ⁸
1536 2411 1617 2445 us-

552 2491 653 2541 que
679 2477 742 2525 ad
767 2476 1011 2523 insaniam
1047 2481 1100 2522 et
1135 2474 1416 2536 periculum
1443 2486 1503 2519 ro
1526 2472 1615 2521 de-

551 2549 760 2601 tentus'
798 2549 1060 2598 scribitur.
1131 2548 1232 2596 Sed
1264 2557 1315 2595 et
1350 2549 1422 2597 Μ.
1452 2549 1617 2598 Auto-

548 2631 700 2679 niuus
735 2627 1016 2690 ‘piscando
1040 2633 1095 2674 et
1131 2626 1366 2674 venando
1400 2629 1614 2675 multum

548 2721 604 2755 se
628 2702 950 2755 oblectavit!
1021 2704 1151 2753 Quis
1177 2718 1395 2765 carpere
1423 2703 1615 2765 possit?

548 2796 694 2831 usum
720 2779 952 2835 liabet‚si
975 2767 1173 2826 morsum
1193 2796 1207 2838 ς
1229 2786 1282 2827 et
1309 2780 1478 2840 Plato,
1502 2779 1613 2828 Xe-

546 2859 775 2920 nophon,
798 2859 901 2918 alii,
927 2856 1219 2905 laudarunt.
1254 2856 1394 2918 Lips.

612 2937 845 2986 Lustrare
866 2932 1035 2994 saltus]
1072 2933 1385 2981 Claudianus
1416 2933 1479 2982 de
1509 2934 1611 2983 Sti·

543 3012 745 3062 licone:
781 3016 795 3039 ⁴
823 3011 953 3062 Quis
993 3011 1241 3060 Stilicoue
1288 3011 1428 3072 prior
1468 3009 1610 3061 ferro

544 3098 819 3152 penetrare
889 3089 1063 3136 leones
1133 3086 1448 3143 Comminus,
1519 3095 1609 3137 sut

544 3167 698 3229 louge
773 3165 917 3228 virga
978 3163 1287 3226 transfigere
1354 3165 1573 3214 cervos?
1595 3165 1607 3184 ⁹

543 3243 699 3291 Rern.

609 3319 937 3367 Hor-rentibus
972 3318 1197 3382 scopulis]
1233 3318 1444 3382 Scopuli
1486 3325 1609 3368 sunt

541 3405 670 3440 saxa
695 3393 993 3454 eminentia,
1014 3406 1062 3442 et
1088 3395 1207 3459 quia
1245 3393 1388 3458 quasi
1423 3394 1607 3457 erecti,

541 3474 595 3515 et
623 3472 868 3529 porrecti,
892 3472 1138 3526 eminent,
1171 3470 1417 3520 dicuntur
1449 3472 1465 3499 ‘
1492 3485 1605 3519 sco-

539 3544 650 3606 puli
673 3545 982 3600 borretites‚’
1019 3549 1163 3609 quiasi
1194 3551 1208 3576 ‘
1234 3546 1471 3609 horridi,'
1505 3548 1537 3596 i.
1561 3561 1609 3595 e.

538 3620 729 3680 asperi.
798 3619 881 3666 Sic
903 3620 1122 3682 Virgilio
1148 3623 1260 3671 AEn.
1288 3637 1369 3671 ιν.
1393 3627 1505 3671 366.
1529 3623 1602 3671 di·

538 3695 679 3743 citur
712 3697 727 3722 ⁶
747 3693 890 3742 duris
911 3696 1148 3744 cautibus
1171 3698 1381 3746 borrens
1407 3700 1606 3747 Cauca·

536 3771 660 3820 sus.'
726 3773 841 3821 AEn.
888 3786 949 3821 tt.
993 3777 1107 3824 713.
1142 3776 1157 3801 ‘
1186 3773 1477 3823 Horrentes
1520 3790 1606 3822 ru·

537 3848 669 3912 pes.’
738 3849 896 3899 Ovid.
943 3851 1075 3898 Met.
1120 3864 1195 3898 tv.
1233 3854 1347 3898 777.
1406 3853 1602 3901 ‘Silvis

534 3918 794 3975 horrentia
817 3941 936 3974 saxa
960 3925 1213 3987 fragosis.'
1270 3928 1422 3977 Quod
1450 3930 1599 3980 ἐπίθε-

533 4020 621 4051 τον
640 4002 955 4052 transfertur
977 4004 1133 4051 etiarn
1162 4002 1225 4052 ad
1253 4004 1380 4052 alias
1400 4021 1482 4054 res
1502 4007 1603 4057 liis·

535 4082 699 4140 pitius,
723 4087 774 4127 et
802 4080 1057 4127 densatas.
1124 4080 1270 4142 Virg.
1297 4081 1490 4144 Georg.
1512 4097 1601 4133 ιιι.

534 4159 647 4202 315.
671 4156 914 4204 dicuntur
947 4159 962 4184 ⁶
990 4156 1103 4205 rubi
1128 4157 1437 4208 horrentes.'
1489 4160 1597 4209 Pli-

533 4229 619 4278 nio
665 4240 842 4280 uostro
887 4233 1057 4296 Epist.
1102 4246 1203 4283 vu.
1249 4238 1334 4284 27.
1383 4236 1598 4288 ‘Senex

1268 339 1489 388 NOTAE
1542 338 1947 389 vARtoRtJM
1998 340 2081 389 nt

1712 481 1962 546 promissa
2016 480 2202 543 barba,
2251 482 2487 532 horrenti
2545 483 2781 546 capilio:

1714 557 1869 608 Haud
1891 572 2042 607 secus
2065 558 2320 608 Petronio
2343 564 2554 622 csp.99.
2576 561 2591 587 ‘
2607 561 2778 613 Stetit

1711 635 1762 683 iu
1798 636 1972 684 limine
2009 635 2180 684 barbis
2209 636 2541 685 horrentibus
2576 638 2777 690 uauta.'

1712 712 1927 761 Scilicet
1948 713 2127 761 horror
2144 719 2224 760 est
2243 712 2501 775 asperitas
2524 716 2775 777 corporis,

1712 788 1800 837 ubi
1837 789 2162 837 contrabitur
2198 789 2352 844 cutis,
2387 795 2443 837 et
2478 790 2775 853 arriguntur

1711 880 1891 916 comae.
1976 867 2088 915 Etsi
2113 879 2239 929 ergo
2262 866 2473 914 verbum
2497 870 2511 894 ‘
2529 866 2776 917 horrere’

1712 943 1919 1005 proprie
1975 942 2183 1001 dicitur,
2239 941 2488 1005 ejusmodi
2553 943 2771 995 horrore

1709 1020 1946 1079 concuti;
1978 1020 2313 1083 participium
2338 1027 2509 1067 tamen
2531 1034 2635 1068 uou
2660 1029 2773 1071 tau·

1711 1102 1817 1144 tum
1857 1097 1921 1145 de
1961 1095 2271 1156 homiuibus,
2301 1095 2391 1159 qui
2425 1095 2521 1143 boc
2558 1095 2772 1147 liorrore

1709 1173 1839 1221 corri
1848 1171 2072 1235 piantur,
2086 1170 2177 1220 sed
2196 1170 2352 1221 etiam
2371 1172 2437 1220 de
2459 1172 2636 1235 rebus,
2651 1190 2774 1237 qna·

1708 1262 1817 1297 rum
1860 1250 2220 1300 extremitates
2255 1248 2578 1298 horrentium
2613 1252 2771 1301 comis

1706 1325 1894 1375 similes
1918 1324 2097 1389 ari-igi,
2128 1333 2181 1374 et
2219 1326 2469 1389 asperari,
2505 1325 2771 1390 videntur,

1706 1402 1811 1451 dici
1838 1404 1988 1452 solet.
2058 1403 2224 1452 Immo
2255 1402 2457 1462 credas,
2489 1404 2768 1467 aliquando

1708 1481 1853 1541 qtiasi
1890 1480 2109 1527 activam
2141 1480 2409 1528 notionem
2438 1479 2677 1542 iuduere,
2710 1491 2767 1532 ut

1706 1570 1802 1618 pro
1822 1558 1836 1583 ‘
1857 1554 2147 1617 horribilis,’
2169 1556 2277 1604 sive
2301 1557 2316 1583 ⁸
2336 1556 2604 1606 bort-orem
2625 1560 2768 1608 iucu-

1708 1631 1881 1692 tiens‚'
1904 1640 2146 1695 ponatur.
2210 1631 2332 1680 Huc
2355 1646 2457 1680 nou
2485 1647 2652 1695 pauca
2676 1650 2767 1683 ex·

1704 1709 1873 1771 empla
1902 1709 1983 1757 vel
2007 1723 2070 1755 ex
2101 1709 2211 1756 solo
2235 1708 2448 1758 Valerio
2473 1710 2668 1759 Flacco
2693 1725 2769 1760 re-

1704 1785 1839 1835 ferre
1875 1800 2026 1846 posse
2065 1785 2275 1845 viileor3
2310 1800 2357 1832 v.
2379 1800 2430 1848 g.
2467 1786 2663 1847 Argon.
2689 1802 2764 1838 vt.

1700 1867 1815 1911 524.
1838 1865 1853 1891 ‘
1881 1861 2165 1910 Horrentia
2187 1859 2363 1909 arms-³
2421 1875 2460 1911 s.
2482 1865 2603 1911 ⁴86.
2623 1862 2763 1928 ‘Ag-

1699 1940 1865 1987 noscit
1912 1938 2158 1987 Acastum
2205 1937 2523 1987 Horrentem
2553 1940 2764 2003 jaculis,

1699 2021 1751 2062 et
1787 2029 1980 2078 parma
2014 2016 2131 2064 luce
2168 2013 2479 2064 coruscum-⁹
2545 2019 2766 2065 msto.

1696 2091 1710 2118 ‘
1764 2091 1960 2140 Littors
2011 2088 2212 2139 fatidici
2270 2090 2436 2152 poenis
2493 2089 2763 2140 horrentia

1697 2166 1923 2217 Pliinei.'
1986 2179 2060 2215 vr.
2102 2170 2211 2215 175.
2259 2166 2275 2193 ⁸
2300 2166 2419 2216 Nec
2460 2178 2614 2230 pater
2646 2168 2761 2218 bor-

1698 2251 1897 2291 rentem
1934 2239 2272 2306 (AEsouideu)
2309 2241 2552 2297 colubris,
2593 2244 2763 2293 sultu-

1694 2334 1793 2384 que
1818 2316 2139 2368 tremendum
2159 2316 2592 2382 Gorgoneo,'&c.
2639 2321 2759 2369 Vir·

1695 2396 1782 2457 gil.
1804 2396 1918 2445 AEn.
1943 2408 1999 2445 x.
2022 2399 2137 2445 23⁷.
2163 2394 2409 2445 dicuntur
2432 2395 2449 2422 ⁴
2468 2396 2762 2447 Horrentes

1694 2473 1867 2521 Marte
1893 2470 2097 2522 Latini!
2164 2473 2407 2521 Ceterum
2429 2475 2480 2522 in
2497 2477 2760 2539 sequenti-

1691 2550 1786 2599 bus
1806 2550 1963 2599 Plinii
1983 2548 2147 2599 verbis
2166 2549 2331 2599 codex
2354 2550 2643 2601 Pataviuus
2665 2566 2761 2615 pro

1690 2625 1885 2684 inferre,
1930 2625 2089 2675 habet
2132 2625 2367 2690 infigere,-
2400 2641 2505 2676 nou
2544 2629 2756 2692 quidem

1690 2704 1821 2752 adeo
1847 2703 2041 2765 iuepte.
2089 2703 2232 2753 Sicut
2252 2703 2388 2750 euim
2408 2703 2528 2752 boni
2549 2706 2756 2769 quidam

1690 2788 1929 2829 auctores
1954 2779 2153 2834 dicunt,
2184 2781 2199 2806 ⁶
2220 2779 2382 2840 figere
2407 2779 2634 2842 pedem:
2670 2788 2685 2811 ⁸
2705 2782 2762 2831 fi-

1690 2871 1814 2918 gere
1840 2856 2054 2920 gradum
2071 2856 2109 2917 ς’
2142 2856 2214 2905 ita
2238 2854 2440 2917 credas,
2464 2855 2571 2906 dici
2593 2858 2753 2908 etiam

1692 2949 1861 2996 posse,
1915 2937 1929 2961 ‘
1966 2933 2191 2996 scopulis
2234 2931 2450 2996 gradum
2497 2932 2755 2998 infiges-tw

1687 3011 1807 3064 Nou
1835 3019 2003 3058 tamen
2028 3022 2240 3059 necesse
2264 3015 2363 3064 est,
2384 3017 2442 3057 ut
2467 3009 2610 3069 inde,
2631 3025 2755 3061 cou-

1688 3094 1768 3136 tra
1804 3099 2107 3136 consensum
2142 3092 2222 3135 tot
2253 3093 2552 3135 ceterorum
2594 3087 2757 3136 libro·

1686 3178 1816 3219 rum.
1837 3162 2032 3227 aliquid
2059 3169 2331 3212 mutemus.
2381 3162 2500 3212 Nec
2523 3162 2757 3230 deniqne

1684 3241 1870 3304 probo,
1894 3253 1988 3303 pro
2025 3239 2306 3304 participio
2327 3252 2482 3288 casus
2502 3253 2755 3290 accusau-

1684 3316 1736 3364 di
1771 3317 2003 3378 adiutum,
2038 3316 2264 3379 positum
2299 3328 2415 3364 esse
2454 3330 2633 3368 cusum
2665 3332 2759 3367 no·

1682 3393 1911 3443 minandi
1940 3392 2153 3453 adiutus.
2175 3393 2226 3441 in
2257 3391 2642 3457 Salisburgensi
2664 3408 2755 3444 co·

1682 3469 1821 3531 dice,
1845 3477 1900 3518 et
1926 3484 2058 3519 meo.
2092 3469 2333 3518 Schmun.

1750 3547 1947 3595 Nullius
1965 3544 2194 3607 vestigio]
2213 3544 2529 3604 Proecnntis‚
2544 3548 2757 3610 opinor,

1681 3631 1737 3672 et
1785 3624 1916 3676 viam
1964 3621 2207 3673 facientis
2248 3630 2340 3672 aut
2385 3626 2757 3675 monstrantis.

1679 3701 1816 3766 Lips.

1744 3778 1898 3827 Adire
1930 3776 2080 3840 lucos]
2114 3778 2365 3827 Veterum
2397 3777 2643 3841 opinione
2671 3794 2754 3829 sa-

1679 3869 1812 3904 cros.
1849 3854 1996 3902 Idem.
2410 3881 2413 3882 γ

1744 3929 1896 3977 Adire
1940 3929 2093 3994 lucos]
2142 3928 2438 3978 Secundum
2485 3930 2752 3980 Isidorum

1680 4020 1800 4056 xiv.
1823 4013 1871 4056 8.
1902 4008 1917 4034 ‘
1943 4007 2116 4056 Lucus
2146 4011 2229 4055 est
2266 4008 2422 4057 locus.
2446 4008 2635 4058 densus
2661 4022 2752 4058 ar-

1678 4083 1904 4138 boribus,
1922 4092 2121 4146 septus,
2140 4084 2233 4133 soli
2260 4084 2427 4134 lucem
2447 4083 2756 4134 detrahens.

1677 4160 1863 4209 Potest
1885 4168 1937 4208 et
1962 4173 1992 4207 a
2028 4161 2335 4209 collucendo
2366 4161 2564 4210 crebris
2595 4161 2751 4209 lumi·

1674 4236 1825 4286 nibus
1858 4235 1985 4300 dici,
2017 4251 2135 4301 quie
2174 4237 2246 4288 ibi
2281 4245 2501 4303 propter
2536 4240 2746 4304 religio·
