3060 4902
743 402 813 447 c.
866 399 1109 449 enum
1160 398 1491 459 sncunnt
1546 398 1824 451 nunc.
1899 402 1946 450 t.
1973 386 2085 452 35.

305 549 323 573 ‘
343 541 628 592 Immntata
650 538 799 590 urbis
817 539 1021 590 facies!
1083 539 1234 591 Idem
1253 543 1286 594 J
1294 556 1394 609 ug.

309 632 423 679 cap.
467 620 554 666 79.
609 617 736 665 ‘lta
781 614 949 665 facies
989 619 1216 667 locorum
1261 632 1379 667 cum

307 696 474 745 ventis
500 693 776 744 mutatur.'
810 695 1001 755 virgil.
1026 695 1144 743 AEn.
1167 709 1242 745 vt.
1268 701 1379 747 103.

2390 386 2523 454 633

1454 540 1687 594 bantur.'
1721 543 1872 594 Idem.

1519 620 1769 685 Iraeosque
1779 621 1989 687 stactus]
2012 622 2147 672 Fere
2172 622 2382 686 poe'tica
2403 623 2520 674 baec

1453 696 1697 760 loquendi
1723 697 1859 746 ratio
1884 705 1985 747 est.
2050 699 2239 748 Horat.
2266 698 2434 763 Epod.
2458 713 2523 749 υ.

305 780 320 801 ·
341 772 462 822 Non
499 772 609 820 nlla
643 770 905 834 laborum,
940 772 990 821 Ο
1030 772 1206 835 Virgo,
1242 787 1380 821 nova
1406 776 1501 827 06.
1534 778 1548 801 ⁴
1571 772 1755 837 Neque
1779 774 1953 824 horret
1977 774 2163 824 iratum
2189 775 2365 825 mare!
2441 775 2524 825 Si-

307 848 375 897 mi
406 846 572 896 facies
610 846 931 910 inopinaque
965 847 1171 911 surgit!
1239 848 1375 899 lbid.

308 938 381 973 vs.
400 928 520 973 560.
555 930 571 951 ⁴
591 923 725 974 Quae
749 924 1005 972 scelerum
1029 922 1190 973 facies
1206 923 1241 975 Υ
1313 924 1378 974 In

307 999 403 1049 hcc
416 1000 532 1062 ipso
553 999 890 1062 Panegyrico
908 1000 1209 1050 vocabulum
1220 999 1382 1059 socies

311 1074 491 1124 eadem
529 1076 741 1123 notione
779 1074 947 1123 adbuc
983 1084 1167 1138 qnater
1196 1090 1378 1124 occur·

315 1151 414 1201 rit:
451 1164 527 1200 u.
549 1156 601 1199 6.
624 1163 737 1199 ιη.
756 1154 806 1198 5.
825 1163 986 1199 mxxi.
1009 1155 1060 1200 3.
1081 1164 1308 1201 ιιικιι.
1327 1156 1377 1202 3.

310 1227 554 1277 δάψαι-ι.

374 1304 687 1368 mut-nn]
723 1303 1002 1353 Delatores
1039 1310 1191 1354 erant
1228 1319 1378 1355 accu-

311 1390 536 1443 satores,
591 1390 650 1430 et
698 1382 908 1445 proprie
954 1382 1378 1438 calumniatores,

311 1461 399 1526 qui
424 1459 635 1509 demum
659 1458 757 1507 sub
781 1459 1182 1523 imperatoribus
1207 1473 1380 1524 coepe·

311 1546 430 1589 rant
451 1539 714 1602 appellari
750 1539 767 1566 ‘
791 1539 1083 1597 delatores,'
1116 1538 1381 1604 quoniam,

310 1616 638 1682 aucupanda
662 1618 871 1682 gratiae,
903 1623 993 1667 aut
1021 1617 1220 1681 premii
1257 1630 1379 1681 cap-

311 1695 456 1745 tandi
479 1708 683 1756 caussa,
707 1708 912 1744 reorum
930 1695 1135 1744 nomina
1157 1693 1221 1743 ad
1239 1694 1379 1758 prin·

309 1772 455 1835 cipes
477 1777 534 1821 et
550 1768 763 1833 judices
788 1768 1121 1820 deferebant.
1179 1769 1378 1819 Horum

308 1848 454 1897 varia
477 1860 678 1910 genera
709 1854 949 1896 recenset
975 1846 1046 1895 H.
1065 1846 1378 1895 Brencman-

309 1936 405 1974 nas
424 1924 478 1973 in
496 1923 708 1974 erudito
730 1922 865 1974 libro
880 1922 948 1973 de
966 1923 1107 1986 Lege
1123 1921 1377 1983 Remmia,

310 2015 428 2063 cap.
467 2002 520 2051 ⁴.
555 2006 614 2050 et
648 2000 866 2064 adjecta
898 1999 1286 2061 dissertatione,
1309 1996 1377 2048 de

311 2078 455 2128 Fatis
469 2078 921 2128 calumniatorum
932 2074 1027 2125 sub
1042 2073 1377 2139 Imperatori·

310 2158 433 2218 bus;
469 2171 588 2220 qna
625 2157 816 2206 inserta
843 2161 964 2205 sunt
994 2162 1116 2205 tom.
1137 2168 1228 2204 ιιι.
1247 2154 1378 2203 Tbe-

308 2233 445 2281 sanri
466 2232 748 2282 Ottoniaui
764 2231 912 2284 Juris
936 2229 1177 2279 Romani.
1220 2229 1378 2292 Sigil-

311 2308 452 2358 latim
473 2316 650 2357 autem
684 2309 701 2337 ⁸
728 2304 1018 2357 delatores'
1055 2313 1201 2354 erant
1225 2305 1380 2354 aulici

311 2391 664 2435 accusatores.
698 2384 716 2411 ‘
736 2384 939 2433 Indices
957 2382 971 2403 ⁸
995 2382 1297 2444 audiebant,
1315 2380 1379 2431 ab

311 2462 618 2519 indicando,
648 2461 757 2526 qui,
790 2461 1074 2510 secundnm
1101 2458 1378 2508 Asconium

312 2540 628 2596 Pedianum‚
663 2540 716 2588 in
752 2540 984 2588 Divinat.
1017 2538 1067 2586 in
1092 2538 1245 2587 Verr.
1264 2551 1379 2599 cap.

312 2620 361 2667 ².
386 2614 654 2677 facinoris,
691 2615 836 2679 cujus
870 2615 970 2678 ipsi
993 2623 1142 2663 erant
1164 2613 1380 2674 conscii,

267 2687 283 2702 ⁰
314 2693 542 2743 latebras
564 2691 888 2749 indicabant,
922 2692 1234 2755 impunitate
1262 2704 1379 2751 pro·

311 2770 503 2832 posita.
573 2769 791 2818 Sueton.
825 2767 952 2817 Ner.
988 2781 1036 2816 c.
1066 2770 1147 2815 ³9.
1182 2766 1380 2818 ‘Quos-

313 2845 431 2894 dam
457 2857 555 2908 per
577 2842 800 2893 indicem
824 2843 1025 2892 delatos
1045 2843 1108 2892 ad
1124 2849 1381 2906 senatum,

315 2917 452 2968 affici
478 2919 725 2983 graviore
749 2932 898 2982 poena
923 2916 1223 2980 probibuit.'
1271 2917 1380 2980 Ap-

312 2997 500 3059 pellati
523 2996 684 3043 etiam
706 3002 825 3044 sunt
850 3008 881 3042 a
900 2995 917 3021 ‘
935 2992 1254 3048 nuntiando.’
1278 2994 1311 3042 i.
1332 3008 1381 3044 e.

317 3070 624 3126 deferendo,
659 3067 1056 3120 ‘nuntiatorem’
1144 3069 1256 3118 Lib.
1301 3082 1380 3118 ιν.

318 3147 449 3198 eoa.
474 3148 544 3197 de
575 3147 752 3197 Delat.
785 3145 1151 3195 ‘Execrabiles
1174 3147 1380 3196 nuntia·

318 3233 458 3274 tores
476 3229 624 3284 aaut,
641 3224 727 3286 qni
744 3221 869 3272 fisco
888 3221 1165 3272 deferunt.’
1197 3226 1213 3251 ⁸
1231 3224 1380 3273 Man·

314 3298 528 3350 datores
551 3297 566 3319 ’
594 3306 764 3354 eraut,
807 3299 897 3363 qni
942 3298 1259 3348 mandabant
1291 3299 1383 3348 ali·

316 3377 419 3431 cui,
438 3383 494 3425 et
517 3373 845 3424 instruebant
868 3387 986 3422 enm
1009 3372 1073 3422 ad
1091 3374 1383 3424 accusatio-

315 3465 454 3512 nem,
502 3448 679 3498 dando
723 3446 1072 3512 probationes,
1110 3448 1382 3512 allegando

315 3527 700 3578 accusationes.
749 3525 965 3575 Sueten.
982 3525 1086 3574 Tit.
1109 3539 1156 3573 c.
1179 3531 1227 3575 8.
1262 3533 1275 3555 ⁸
1293 3527 1380 3575 ln-

322 3613 404 3654 ter
436 3604 661 3653 adversa
697 3609 987 3665 temporum
1029 3609 1086 3651 et
1119 3603 1380 3652 delatores

319 3680 765 3743 mandatoresque
783 3685 956 3733 erant,
974 3691 1039 3726 ex
1060 3676 1275 3726 licentia
1298 3690 1384 3725 ee-

322 3755 461 3808 teri.’
530 3756 732 3806 Adbaec
755 3753 1191 3817 nuncupabantur
1225 3759 1382 3818 ‘qua-

319 3830 695 3898 druplatores,'
732 3846 851 3881 cum
893 3830 1166 3894 republica
1203 3829 1384 3896 libera,

318 3918 426 3960 tam
448 3907 798 3972 principibus,
820 3904 1106 3956 definiente
1137 3906 1383 3970 Asconio,

321 3986 384 4035 ad
409 3985 525 4036 Cic.
548 3984 698 4033 Verr.
723 3996 790 4032 ιι.
823 3986 875 4032 7.
907 3986 923 4011 ‘
942 3991 1292 4040 accusatores,
1317 3984 1383 4034 si-

323 4077 384 4112 ve
415 4063 681 4113 delatores
720 4058 998 4109 criminum
1036 4059 1383 4125 publicorum,

323 4139 414 4191 sub
438 4152 595 4203 pona
616 4135 928 4203 quadrupli3
960 4136 1088 4197 sive,
1120 4136 1256 4202 quod
1284 4140 1383 4203 ipsi

325 4230 388 4266 ex
412 4216 563 4265 bonis
589 4215 979 4273 damnatorum,
1013 4227 1142 4277 qnos
1178 4227 1386 4266 accusa·

327 4298 524 4356 verant,
568 4296 814 4358 quartam
860 4294 1067 4354 partem
1100 4303 1386 4358 conseque·

1453 848 1524 897 lio
1564 848 1683 898 Ital.
1734 863 1811 899 tv.
1850 854 1965 899 301.
2003 852 2245 900 dicuntur
2278 857 2522 917 ‘equora

1452 923 1646 985 irata3’
1680 932 1735 975 et
1767 925 1961 975 Ovidio
1987 927 2119 977 Met.
2158 941 2238 977 xi.
2272 932 2387 977 729.
2419 927 2522 978 ‘2-

1452 1000 1629 1064 quoris
1667 1000 1793 1049 irau'
1855 1002 1959 1051 Sed
2004 1010 2059 1052 et
2098 1004 2398 1066 Petronius,
2430 1003 2518 1069 qni

1452 1082 1507 1124 et
1533 1077 1644 1140 ipse
1667 1078 1944 1141 aliqnando
1970 1093 2133 1143 prope
2169 1079 2320 1129 abest
2345 1095 2373 1128 a
2399 1080 2523 1143 poi}-

1455 1152 1560 1202 tica
1591 1153 1840 1209 dictione,
1878 1170 1995 1218 cap.
2020 1159 2069 1206 8.
2110 1157 2278 1218 ‘Ergo
2301 1154 2418 1215 me:
2442 1157 2519 1205 in·

1451 1227 1583 1293 quit,
1603 1233 1617 1257 ⁸
1637 1228 1822 1277 iratum
1844 1230 2000 1277 etiarn
2027 1230 2389 1279 innocentibus
2412 1245 2520 1279 ma-

1452 1316 1510 1351 rc
1533 1316 1636 1351 nou
1665 1305 1827 1364 putuit
1851 1303 2056 1354 haurire
2076 1303 2114 1352 ?'
2171 1306 2236 1354 Et
2258 1319 2376 1369 cap.
2402 1310 2517 1358 114.

1452 1377 1467 1405 ‘
1485 1378 1643 1427 Iratis
1672 1377 1921 1429 fluctibus
1953 1382 2255 1444 imprudens
2284 1397 2375 1432 nos
2406 1398 2519 1433 are-

1435 1452 1521 1505 ¹na
1553 1455 1868 1517 componet.’
1935 1456 2084 1506 Adeo
2096 1457 2281 1520 fluctus
2301 1459 2419 1508 irati
2441 1478 2522 1519 με·

1450 1538 1717 1599 ταφορικῶς
1749 1536 2000 1586 dicuntur
2040 1538 2219 1586 tumidi
2252 1544 2305 1587 et
2338 1538 2517 1589 turbu-

1452 1616 1581 1665 lenti
1607 1613 1820 1680 fluctus,
1857 1617 1946 1680 qui
1982 1617 2316 1669 irascentium
2354 1619 2518 1669 homi·

1453 1706 1574 1740 num
1595 1692 1761 1741 instar
1784 1693 2027 1756 saeviunt,
2051 1699 2105 1742 et
2127 1693 2276 1743 obvia
2300 1710 2519 1762 quaeque

1452 1775 1712 1818 sternunt.
1747 1768 1896 1817 Idem.

1513 1844 1557 1895 A
1595 1845 1761 1909 portu]
1813 1846 1954 1896 Edit.
1997 1846 2159 1896 Rhen.
2193 1860 2226 1894 a
2260 1851 2437 1910 partu.-
2486 1866 2518 1900 a

1447 1926 1591 1984 porta
1613 1920 1684 1970 H.
1702 1921 1885 1984 Steph.
1949 1922 2038 1972 Sic
2060 1937 2203 1972 meus
2221 1924 2281 1973 C.
2318 1924 2497 1975 Faber.

1516 1997 1663 2061 Apud
1691 1997 1811 2046 iuna
1844 2000 1996 2061 ipsum
2028 2000 2182 2064 snare]
2216 2000 2361 2064 Apud
2381 2002 2518 2052 ittam

1449 2088 1580 2123 mre
1607 2074 1773 2122 Liviu.
1796 2074 1888 2123 sed
1914 2077 2040 2139 apud
2062 2075 2197 2125 illum
2218 2077 2371 2140 ipsum
2388 2092 2519 2128 mare

1450 2149 1515 2198 V.
1542 2150 1603 2199 C.
1631 2149 1699 2199 G.
1725 2150 1789 2197 R.
1832 2150 1998 2199 Livia.

1515 2226 1661 2289 Apud
1682 2227 1800 2275 illud
1824 2227 1972 2289 ipsum
1995 2226 2146 2290 mare]
2184 2227 2326 2277 Edit.
2351 2227 2517 2279 Rben.

1450 2300 1596 2365 Apud
1638 2304 1771 2352 inum
1813 2305 1967 2365 ipsum
2019 2318 2165 2354 mare.
2233 2304 2375 2353 Mare
2423 2307 2518 2356 lioc

1450 2393 1729 2444 superesse
1766 2381 2005 2440 arbitror,
2037 2389 2092 2428 et
2129 2395 2194 2428 ex
2232 2380 2407 2444 glossa
2429 2396 2518 2432 vo.

1452 2458 1625 2507 cabuli
1662 2459 1814 2521 ipsam
1855 2458 1907 2507 in
1945 2465 2245 2508 contextum
2282 2460 2519 2523 irrepsis-

1451 2551 1527 2592 se.
1551 2544 1640 2586 aut
1673 2551 1738 2585 ex
1774 2536 1994 2600 proximi
2025 2537 2258 2587 vocabuli
2281 2538 2518 2588 similitu·

1452 2612 1576 2662 dine
1612 2627 1886 2676 perperam
1924 2613 2225 2676 repetitum,
2248 2622 2305 2663 ut
2334 2615 2402 2665 sit
2425 2615 2519 2665 de·

1452 2688 1682 2752 lendum,
1706 2703 1912 2745 censeo,
1935 2697 1990 2739 et
2020 2690 2172 2752 ipsum
2196 2690 2262 2740 de
2291 2691 2307 2719 ‘
2326 2699 2483 2755 portu
2502 2691 2521 2716 ⁹

1453 2764 1653 2813 scilicet
1679 2766 2013 2828 interpretor.
2049 2765 2219 2815 Faber.

1519 2841 1660 2905 Apud
1687 2843 1804 2891 illud
1839 2842 1990 2905 ipsum
2020 2842 2173 2906 mare]
2210 2843 2432 2893 Variant
2468 2845 2520 2894 in

1453 2918 1529 2967 bis
1574 2919 1746 2968 verbis
1792 2919 2145 2981 exprimendis
2193 2919 2306 2968 libri
2362 2933 2519 2969 manu

1455 2996 1703 3059 typisque
1748 2994 2019 3057 exscripti.
2090 2994 2290 3042 Navius
2331 3002 2386 3044 et
2436 2996 2520 3044 Li-

1454 3072 1674 3125 vineius.
1695 3071 1883 3119 omisso
1915 3070 2216 3134 pronomine
2239 3071 2407 3132 ipsum,
2428 3071 2519 3121 ba-

1455 3147 1584 3197 bent
1614 3149 1739 3211 apud
1774 3147 1924 3206 ulum,
1955 3160 2086 3194 more
2125 3160 2285 3206 agere,
2306 3150 2388 3208 ξε.
2455 3146 2521 3197 In

1455 3223 1721 3274 codicibus
1755 3224 1886 3273 Mss.
1909 3221 2191 3272 Parisiensi
2221 3229 2274 3271 et
2297 3222 2525 3287 Veneto,

1456 3311 1512 3351 et
1549 3303 1601 3350 in
1635 3303 1767 3349 libro
1790 3301 2061 3356 Vosstuno,
2091 3300 2217 3348 item
2254 3300 2302 3348 in
2324 3299 2522 3350 Puteo·

1456 3377 1581 3438 lani,
1604 3377 1856 3436 Catanaei,
1884 3375 2026 3428 Aldi,
2057 3374 2259 3435 Juutae,
2283 3376 2524 3440 Cuspini·

1454 3453 1563 3517 ani,
1598 3452 1855 3510 Rhenani,
1890 3450 2288 3514 Stepltanorum,
2325 3452 2524 3502 Ascen-

1456 3529 1543 3592 sii,
1579 3535 1634 3579 et
1670 3527 1926 3587 Sichardi,
1962 3527 2104 3576 libris
2139 3528 2358 3584 excusis,
2391 3529 2520 3593 legi·

1457 3620 1570 3654 mus
1612 3607 1740 3668 apud
1792 3606 1929 3653 illam
1982 3605 2135 3667 ipsum
2181 3619 2309 3654 mure
2361 3621 2523 3668 agere.

1457 3681 1751 3746 Utrobique
1777 3694 2057 3744 pronomen
2080 3681 2212 3729 illum
2236 3681 2300 3730 ad
2327 3696 2523 3745 praece-

1456 3759 1587 3808 dens
1623 3757 1922 3807 vocabulum
1954 3765 2146 3821 portum
2178 3765 2258 3807 est
2293 3755 2523 3807 referen-

1457 3834 1596 3884 dum.
1677 3833 1750 3882 At
1799 3832 2006 3882 codices
2048 3833 2313 3896 Vaticani,
2359 3833 2522 3883 Guel-

1460 3909 1834 3974 pberbytanus,
1857 3916 1908 3958 et
1945 3923 2110 3972 meus,
2132 3909 2255 3957 item
2291 3915 2348 3957 et
2383 3916 2523 3960 uter·

1459 4000 1561 4049 que
1583 3985 1715 4032 liber
1738 3983 2030 4045 Gudianus,
2054 3992 2211 4047 atque
2238 3984 2287 4032 in
2309 3985 2526 4048 impres·

1459 4062 1550 4117 sis,
1588 4058 1901 4116 Beroaldus,
1937 4060 2223 4121 Puteanus,
2252 4060 2526 4127 Cellarins,

1459 4137 1694 4199 Patarol,
1715 4136 1875 4191 Cava,
1899 4142 1954 4185 et
1988 4136 2093 4190 alii,
2131 4135 2359 4199 produnt
2397 4141 2525 4201 apud

1456 4215 1579 4264 iana
1612 4213 1762 4276 ipsunt
1793 4225 1937 4261 mare.
2005 4212 2102 4261 Cui
2136 4213 2342 4262 lectioni
2369 4230 2524 4279 quam

1459 4290 1820 4344 recentissime
1851 4289 2005 4339 etiam
2037 4290 2263 4353 amplexi
2288 4299 2408 4344 sunt
2429 4292 2525 4344 viri
