3060 4902
724 398 788 446 Q·
841 395 1080 446 Pmmt
1132 397 1463 450 sncqunt
1517 402 1794 454 PANEG.

298 539 555 587 ceratam.
589 535 842 588 Schwara.

360 613 418 662 Si
450 614 670 678 velimus]
704 616 766 665 In
811 618 980 668 Paulli
1012 618 1262 683 Stephani
1294 627 1350 670 et

301 689 441 739 Petri
480 691 682 741 Chonet
720 692 967 754 editione,
1010 695 1100 743 illa
1140 696 1348 759 quidem

300 771 542 818 an.1601.
577 769 674 818 hac
717 785 798 819 an.
836 775 980 821 lota.
1017 788 1109 835 pro
1136 776 1348 830 velimus,

299 843 479 905 legiun-
500 848 749 896 «mmm.-
785 848 877 897 sed
907 859 1051 911 puto,
1083 851 1233 898 istam
1264 866 1348 898 va·

301 921 556 972 riationera
606 923 789 974 deberi
843 926 1048 988 ingenio
1092 926 1307 976 editoris
1331 944 1357 988 ς,

299 995 415 1060 quia
438 1012 552 1048 mox
583 999 743 1049 etiam
781 1015 876 1064 pro
905 1002 1065 1051 verbo
1089 1004 1346 1067 vincemur,

299 1073 507 1136 positum
532 1081 611 1123 est
636 1075 944 1127 vinceremur.
982 1079 1151 1129 Idem.

360 1151 569 1214 certare,
585 1152 848 1216 vincemur]
874 1156 1121 1219 Loquitur
1148 1156 1343 1206 Plinius

298 1224 358 1276 de
396 1228 713 1278 ‘certamine
750 1230 1137 1280 adulationum'
1175 1233 1224 1280 in
1257 1248 1346 1282 ex-

296 1307 569 1369 cogitandis
597 1309 742 1368 povis
787 1310 949 1359 titulis
980 1320 1034 1361 et
1066 1312 1346 1362 honoribus

298 1384 551 1449 principis,
574 1387 642 1437 de
665 1403 768 1452 quo
790 1388 997 1438 dixerat
1021 1403 1130 1439 ιιν.
1152 1396 1201 1438 5.
1239 1391 1345 1440 Pro

296 1462 541 1523 vincemur,
566 1479 671 1513 non
704 1472 907 1514 tantum
938 1467 1105 1514 Paull.
1125 1468 1345 1530 Stepha-

295 1551 400 1598 nus,
430 1547 481 1588 et
520 1541 711 1591 Petrus
736 1542 955 1606 Chouet,
982 1543 1072 1591 sed
1112 1550 1231 1593 ante
1253 1545 1345 1593 hos

295 1615 439 1664 etiam
475 1616 815 1678 Puteolanus,
840 1618 1143 1677 Beroaldus,
1164 1626 1219 1670 et
1249 1623 1344 1670 Ca·

295 1696 501 1752 tantus,
548 1692 829 1742 ediderunt
868 1696 1174 1745 vinceremur.
1238 1696 1344 1746 Sed

294 1766 554 1815 retinenda
586 1773 668 1817 est
705 1771 863 1819 lectio
894 1785 925 1819 a
960 1773 1173 1835 reliquis
1202 1774 1344 1822 libris

292 1842 488 1906 scriptis
535 1846 848 1910 excusisqne
892 1846 1211 1899 confirmata.
1282 1850 1342 1898 Iu

294 1931 400 1966 neo
436 1920 620 1970 codice
665 1923 908 1973 mendose
967 1927 1219 1989 scriptum
1267 1934 1344 1977 est

292 1996 533 2046 vincemus.
602 1999 850 2050 Pertinet
874 2002 972 2051 linc
996 2004 1138 2052 locus
1162 2019 1224 2052 ex
1252 2005 1343 2052 Se·

293 2084 427 2121 necte
469 2074 636 2136 Epist.
675 2080 757 2125 ⁴5.
785 2080 960 2142 jam‘a
999 2081 1246 2129 Catanaeo
1290 2089 1344 2130 et

292 2145 456 2210 Lipsio
472 2161 899 2215 preoccupatus:
925 2162 940 2184 ⁸
956 2153 1201 2204 Adulatio
1222 2158 1343 2205 ami·

291 2221 454 2272 citiam
478 2239 580 2274 non
611 2227 844 2277 imitatur
876 2236 1092 2293 tantum,
1120 2233 1210 2280 scd
1239 2234 1341 2281 viu·

292 2301 380 2363 cit,
417 2311 470 2352 et
510 2305 788 2367 praeterit)
856 2307 990 2356 Item
1032 2324 1097 2357 ex
1136 2310 1345 2359 Horatii

293 2377 415 2428 Arte
443 2381 591 2431 Petit.
619 2397 693 2430 vs.
713 2387 830 2432 431.
855 2385 871 2411 ⁴
894 2384 965 2434 Ut
992 2387 1074 2449 qui
1102 2387 1342 2434 conducti

291 2456 481 2519 plorant
517 2459 568 2508 in
594 2457 801 2520 funere,
824 2460 1000 2512 dicunt
1032 2461 1110 2513 Ac
1146 2462 1343 2512 faciunt

290 2546 443 2595 prope
461 2536 613 2598 plura
637 2536 933 2587 dolentibus
955 2554 1020 2588 ex
1045 2542 1245 2602 auim03
1272 2540 1345 2590 sic

288 2607 496 2660 Derisor
513 2611 856 2678 [assentator]
882 2631 1003 2665 vero
1031 2618 1144 2680 plns
1168 2617 1340 2665 lauda-

291 2690 698 2747 tore-movetur?
741 2691 826 2741 Ita
861 2694 1161 2756 plerumque
1199 2695 1342 2741 nimi·

287 2776 365 2812 nm
406 2781 517 2815 esse
553 2768 709 2831 solet,
740 2770 874 2834 quod
913 2779 995 2820 est
1031 2772 1341 2821 simulatum.

287 2840 585 2907 Exemplum
611 2849 841 2911 capimus
876 2864 905 2897 a
941 2859 1122 2897 senatu
1152 2849 1343 2898 Roma·

291 2934 370 2985 no,
394 2926 685 2985 gratulante
712 2926 903 2975 Otlioni
942 2930 1004 2977 (le
1046 2930 1261 2977 victoria
1287 2936 1343 2977 et

286 2999 423 3047 caede
448 3000 657 3062 Galba»,
677 3003 813 3067 quod
833 3004 989 3053 refert
1008 3005 1179 3054 Tacit.
1199 3006 1342 3054 Hist.

289 3078 423 3125 1:45.
460 3082 476 3104 ¹
495 3079 670 3128 Ruere
701 3083 872 3129 cuncti
900 3082 948 3129 in
980 3091 1170 3143 castra,
1198 3091 1341 3131 aute·

285 3149 357 3197 ire
378 3154 861 3217 proximis‚certarc
881 3173 995 3206 cum
1019 3174 1342 3220 praecurren-

286 3225 439 3289 tibus,
462 3229 738 3293 increpare
758 3233 1000 3292 Gallium,
1025 3235 1234 3282 laudare
1251 3236 1343 3283 mi-

285 3302 423 3354 litnm
468 3306 746 3370 judicium,
794 3313 1081 3359 exosculari
1121 3311 1342 3360 Othonis

286 3378 512 3443 mannan
539 3394 839 3448 quantoque
863 3386 1023 3449 magis
1049 3384 1174 3435 falsa
1195 3394 1344 3435 erant

287 3465 394 3515 «με
416 3456 628 3514 fiebant,
657 3466 804 3508 tanto
826 3461 972 3524 plura
992 3461 1201 3510 facere)
1226 3463 1304 3510 Id.

349 3530 573 3597 Cer-tare]
606 3534 789 3583 'ritulis
809 3543 863 3584 et
883 3536 1140 3586 laudibus.
1176 3538 1311 3600 Lips.

353 3607 629 3675 vincemur]
664 3613 800 3662 Nam
839 3622 893 3663 ut
934 3617 1135 3664 Seneca
1178 3618 1341 3679 Epist.

280 3687 358 3734 4⁵.
381 3685 396 3713 ⁸
415 3687 648 3739 adulatio
674 3691 952 3741 amicitiam
982 3707 1081 3741 uon
1109 3693 1345 3742 imitatur

282 3768 500 3828 tantum,
516 3766 610 3815 sed
635 3768 792 3818 vincit
813 3778 864 3817 et
887 3769 1154 3833 praetcrit.’
1190 3771 1344 3819 Idem.

343 3839 670 3906 Ingeniosior]
691 3845 828 3891 Vera
854 3860 1055 3907 caussa,
1080 3845 1163 3909 qui
1189 3847 1341 3893 simn-

279 3912 406 3977 lant,
443 3919 608 3982 magis
643 3921 978 3969 connituntur
1001 3929 1055 3969 ct
1085 3921 1340 3983 ingenium

281 3990 570 4045 intendunt.
601 4012 606 4015 ·
639 3995 768 4045 Ideo
788 3996 1047 4047 delectant
1070 4013 1161 4047 nos
1186 3998 1343 4047 siinn-

279 4067 381 4118 lata
401 4065 499 4127 ira,
526 4071 759 4129 tristitia,
784 4081 837 4122 et
863 4074 1081 4136 similia;
1123 4091 1236 4140 quae
1265 4083 1340 4124 ta-

278 4157 390 4193 men
434 4145 486 4194 in
530 4160 584 4194 re
624 4154 880 4211 spectata,
919 4158 1131 4214 angunt.
1204 4151 1342 4201 Vide

279 4217 618 4342 {Hotarcbum
657 4226 860 4277 Quaest.
894 4227 1163 4277 Convival.
1209 4242 1256 4277 v.
1295 4232 1340 4278 1.

308 4299 434 4346 dem.

1876 406 1921 453 ι.
1952 391 2058 454 55.
2363 393 2509 461 787⁴

1497 545 1824 612 Ingeniosior]
1843 549 1858 577 ⁸
1885 548 2134 600 Adulatio
2150 565 2301 616 qnam
2319 553 2496 606 similis

1429 623 1697 677 amicitiae,
1720 639 1820 673 non
1847 626 2078 676 imitatur
2111 635 2310 677 tantuin
2337 631 2496 693 illam,

1425 699 1516 747 sed
1545 699 1737 750 vincit.'
1786 702 2258 766 Senec.Epist.4⁵.
2301 706 2496 757 Horat.

1428 785 1442 808 ⁶
1465 780 1535 828 Ut
1563 782 1650 843 qni
1690 783 1937 832 conducti
1976 786 2181 847 plorant
2213 786 2263 835 in
2292 785 2504 849 funere„

1425 856 1607 905 dicunt
1633 858 1710 908 Ac
1735 857 1928 910 faciunt
1955 877 2117 926 prope
2142 864 2291 927 plura
2316 864 2493 914 dolen·

1427 934 1565 983 tibus
1585 950 1648 983 ex
1672 937 1880 986 animo-⁹
1915 939 2067 987 Rern.

1487 1010 1569 1058 Aa
1604 1013 1994 1078 excogitandum]
2032 1016 2236 1065 Plinius
2270 1017 2423 1080 infra,
2445 1033 2492 1067 c.

1426 1098 1602 1135 mxxii.
1627 1092 1674 1135 7.
1713 1092 1728 1117 ‘
1752 1090 1900 1138 Nosti
1932 1094 2299 1143 necessitatem
2332 1098 2492 1144 seivi-

1425 1163 1589 1220 tutis;
1629 1165 1837 1225 qnando
1861 1167 2026 1217 simile
2056 1169 2249 1233 aliquid
2282 1171 2491 1233 audisti,

1426 1245 1477 1286 ct
1524 1240 1730 1302 quando
1776 1242 1999 1293 dixisti?
2066 1246 2236 1295 Multa
2278 1248 2492 1311 quidem

1425 1317 1694 1379 excogitat
1719 1325 1906 1381 metus,
1931 1323 2023 1370 sed
2058 1337 2175 1386 quae
2201 1333 2494 1387 appareant

1424 1395 1643 1455 qnaesita
1669 1395 1731 1443 ab
1766 1396 1974 1447 invitis!
2042 1400 2155 1449 Nec
2180 1402 2362 1450 mirum
2387 1411 2499 1464 est,

1424 1482 1518 1516 cur
1559 1469 1612 1529 ii,
1645 1471 1729 1533 qui
1766 1471 1846 1519 vel
1882 1482 2071 1537 sponte
2110 1475 2372 1539 simulant,
2406 1478 2490 1525 vel

1424 1545 1663 1594 simulare
1690 1561 1902 1596 necesse
1932 1548 2145 1612 liabent,
2184 1552 2488 1615 ingeniosio-

1424 1638 1508 1673 res
1533 1639 1646 1672 esse
1672 1625 1877 1674 soleant
1907 1628 1970 1674 ad
2007 1629 2376 1688 excogitandos
2400 1631 2488 1680 lto·

1423 1714 1592 1754 nores,
1628 1700 1926 1765 laudesque,
1950 1704 2000 1751 in
2038 1705 2257 1765 gratiam
2293 1720 2497 1768 eorum,

1423 1778 1609 1841 quilius
1636 1779 1942 1841 adulantum
1976 1782 2131 1831 veriti
2158 1783 2313 1837 enim.
2340 1791 2395 1831 ut
2421 1797 2487 1832 cx

1424 1856 1595 1903 animo
1619 1855 1753 1918 loqui
1780 1865 1847 1908 et.
1859 1872 2010 1919 agere
2035 1859 2325 1916 videantur,
2349 1861 2388 1908 si
2414 1861 2488 1909 in-

1424 1938 1505 1979 tra
1543 1930 1954 1981 mediocritatem
1998 1934 2302 1996 subsistant,
2346 1936 2487 1999 inge-

1423 2008 1561 2056 nium
1588 2009 1915 2074 animumque
1935 2011 2096 2073 magis
2112 2011 2411 2073 intendunt,
2431 2024 2495 2063 ut

1425 2085 1488 2133 ad
1517 2084 1791 2142 tegendam
1815 2088 2189 2152 velandamque
2207 2089 2491 2138 simulatio·

1425 2174 1541 2207 nem
1570 2160 1846 2221 insigniora
1879 2162 2119 2225 quaedam
2157 2164 2360 2212 lionoris
2386 2165 2491 2213 lau·

1424 2236 1608 2300 disque
1654 2236 1965 2286 documenta
2014 2249 2284 2301 promant;
2331 2256 2490 2304 quan-

1425 2326 1578 2374 quam
1626 2328 1688 2361 eo
1732 2313 1844 2375 ipso
1880 2328 2096 2363 excessu
2138 2315 2489 2379 sagacioribus

1423 2403 1564 2451 sa‘pe
1622 2389 1783 2450 magis
1844 2390 2064 2451 prodant
2111 2391 2491 2450 simulationem

1424 2481 1587 2515 suam.
1657 2466 1847 2529 Itaque
1886 2468 2157 2518 Plutarch.
2198 2470 2246 2518 in
2295 2470 2487 2534 libello,

1423 2544 1474 2592 in
1496 2559 1598 2606 quo
1623 2545 1863 2607 exponit,
1898 2546 2150 2609 quomodo
2178 2548 2340 2610 possit
2365 2549 2489 2597 adu-

1423 2622 1556 2670 lator
1596 2619 1660 2671 ab
1698 2623 1862 2672 amico
1906 2622 2206 2680 internosci,
2245 2638 2364 2686 pag.
2404 2628 2493 2673 63.

1422 2697 1669 2754 ostendit,
1713 2698 2065 2749 adulationem
2113 2702 2337 2749 veritate
2373 2716 2500 2751 esse.

1421 2773 1820 2835 ingeniosiorem
1860 2781 1915 2823 et
1954 2779 2333 2838 operosiorcm3
2364 2778 2488 2826 adu·

1424 2850 1600 2898 latoris
1639 2847 1776 2898 facta
1814 2852 1935 2899 uiuit
1975 2867 2170 2908 verum,
2211 2855 2334 2902 nihil
2370 2855 2487 2902 sim-

1423 2927 1561 2987 plex.
1620 2927 1742 2974 nibil
1797 2926 2032 2990 liberale,
2086 2929 2275 2976 habere
2302 2945 2316 2988 ;
2369 2943 2493 2981 eum,

1419 3000 1627 3060 sudare,
1661 3001 1975 3057 discurrere,
2012 3002 2257 3062 clamare,
2289 3004 2486 3053 vultum

1421 3079 1750 3137 contrahere,
1776 3087 1833 3125 ut
1858 3080 2144 3128 ministerio
2168 3080 2391 3142 speciem
2418 3082 2487 3129 la·

1422 3152 1640 3203 boriosae
1668 3169 1727 3202 ac
1765 3152 1987 3202 difficilis
2025 3168 2197 3217 operae
2226 3154 2497 3206 conciliet..

1420 3231 1567 3279 Idem
1593 3231 1862 3279 Plutarch.
1901 3232 1950 3280 in
1986 3232 2109 3280 Vita
2133 3232 2409 3291 Demetrii,
2434 3248 2489 3297 p.

1419 3313 1538 3359 903.
1563 3317 1754 3364 monet,
1783 3309 2307 3359 inconstantissimum
2333 3311 2486 3360 bene·

1422 3386 1664 3433 volenuae
1694 3385 2036 3433 multitudinis
2072 3386 2280 3449 regibus
2315 3397 2364 3436 et
2394 3390 2486 3451 dy·

1421 3461 1584 3509 uastis
1610 3474 1721 3508 case
1743 3459 2007 3521 indit-ium,
2024 3458 2215 3510 effusos
2231 3463 2451 3511 honores
2469 3481 2500 3524 ς,

1419 3539 1625 3586 eosdem
1674 3538 1808 3585 enim
1845 3552 1984 3600 saepe
2020 3545 2075 3586 et
2115 3553 2144 3587 a
2185 3540 2488 3590 timentibus

1419 3614 1655 3677 decerni,
1690 3623 1746 3664 et
1782 3614 1846 3662 ab
1883 3615 2205 3677 amantibus;
2242 3626 2293 3666 at
2330 3633 2489 3667 uuum

1419 3700 1781 3753 argumentum
1808 3707 1918 3739 esse
1938 3707 2070 3740 verte
2091 3693 2489 3756 benevolentiae,

1420 3769 1459 3815 si
1483 3768 1537 3827 ii,
1564 3767 1747 3829 quibus
1771 3767 2081 3816 deseruntur
2098 3770 2338 3829 lionores,
2363 3784 2487 3818 con-

1418 3844 1508 3890 scii
1535 3843 1627 3891 sibi
1659 3845 1779 3900 sint,
1813 3858 1868 3891 se
1905 3842 2058 3892 factis
2084 3852 2137 3894 et
2165 3846 2356 3893 virtute
2382 3860 2492 3893 me«

1420 3921 1603 3968 ruisse.
1635 3920 1875 3969 Schwarz.
2262 3963 2267 3969 .

1484 3994 1666 4057 Simul]
1704 3996 1857 4043 Hane
1893 3996 2200 4058 particulam
2229 4013 2322 4061 pro
2353 4005 2368 4027 ·
2395 3999 2486 4053 at‚’

1419 4073 1500 4120 vel
1533 4080 1548 4102 ·
1575 4071 1769 4127 etiam,'
1805 4074 1944 4135 poni,
1968 4074 2076 4136 jam
2112 4075 2393 4124 Catanaeus
2429 4085 2491 4125 et

1418 4151 1735 4200 Arntzenius
1779 4160 2110 4201 annotarunt.
2180 4154 2266 4202 Ita
2310 4164 2485 4204 orator

1420 4235 1594 4277 noster
1625 4231 1780 4278 ctiam
1812 4228 1944 4277 infra
1980 4230 2225 4291 loquitur,
2261 4244 2489 4283 Lxxxit.

1416 4313 1467 4359 8.
1494 4311 1526 4339 ·‘
1550 4309 1710 4358 Simul
1754 4307 1965 4371 cogito!
2027 4308 2113 4358 Sic
2151 4316 2206 4358 et
2237 4309 2346 4360 Cic.
2390 4326 2483 4375 pro
