3060 4902
704 361 768 410 c.
814 358 1057 410 eumn
1107 359 1441 410 saeuum
1492 361 1769 410 ranno.
1842 362 1897 410 ι.
1927 348 2036 413 56.

281 503 405 568 jecit
427 509 631 554 notam:
665 503 799 554 ‘Alii
825 503 960 559 libri.
987 519 1165 568 pacem.
1202 503 1332 568 Ego,

288 593 393 630 cnm
417 580 573 630 verba
595 581 765 643 video,
794 590 983 644 partem
1008 583 1175 643 verius
1213 596 1333 645 pro·

287 657 533 708 nuntiabo·
618 657 750 707 Nam
801 659 987 721 exigua
1035 657 1133 707 fori
1182 663 1333 721 parte

279 735 357 798 jus
388 734 579 797 dicere,
606 733 815 785 confert
850 749 966 783 cum
1002 736 1199 796 magnis
1224 749 1335 784 vas·

287 812 442 876 tisqne
464 811 566 861 illis
590 811 805 876 campis,
830 812 915 877 qui
948 826 1042 876 pro
1076 809 1208 861 foro.
1274 811 1334 861 Si

281 902 433 950 recen
483 895 660 938 tamen
734 888 830 951 vis,
886 893 993 937 tum
1056 888 1336 950 sententia,

287 961 553 1013 Pulchrum
572 971 650 1014 est
672 965 723 1013 in
742 971 864 1027 toga
885 964 1083 1025 Romae,
1107 970 1164 1012 et
1190 969 1335 1028 toga-

290 1041 349 1090 tis
358 1041 444 1105 Jus
458 1040 635 1091 dicere
657 1057 675 1102 ς
694 1041 817 1106 quid
835 1042 971 1090 inter
987 1040 1098 1104 ipsa
1121 1054 1259 1089 arma
1282 1047 1336 1089 et

286 1116 511 1165 bostesi’
563 1117 701 1166 Haec
717 1117 942 1181 Lipsius.
988 1116 1213 1165 Pulchra
1231 1131 1336 1166 om-

288 1193 399 1242 nino
420 1193 529 1243 bec
548 1194 849 1255 sententis;
882 1194 973 1242 scd
1010 1207 1197 1242 nexum
1226 1209 1338 1242 ver·

289 1268 474 1327 borum,
508 1270 696 1335 quibus
734 1284 795 1320 ea
832 1269 1054 1334 exprimi
1089 1269 1341 1327 creditur,

289 1360 377 1409 ego
411 1360 734 1410 concoquere
777 1360 877 1395 non
918 1359 1140 1408 possum.
1208 1345 1340 1397 Quis

288 1421 413 1471 enim
443 1422 604 1486 equis
638 1419 846 1469 auribus
881 1422 1156 1483 animoque
1186 1420 1343 1482 serat,

287 1502 450 1546 entem
467 1497 574 1556 sori
603 1513 770 1561 pacem
791 1498 906 1547 seua
925 1497 1080 1546 curuli
1100 1511 1341 1560 premere,-

291 1588 377 1635 pro
397 1589 476 1639 eo,
495 1575 632 1638 quod
669 1575 880 1638 proprie
918 1575 1132 1638 dixeris,
1153 1576 1205 1623 in
1229 1590 1344 1638 poce

276 1650 356 1709 jus
373 1650 560 1703 dicere?
596 1652 669 1702 At
690 1652 923 1701 Latinius
939 1652 1153 1707 dixeris,
1167 1657 1343 1701 certam

278 1726 377 1784 sori
407 1733 589 1791 prtem
620 1729 739 1778 selle
771 1730 924 1777 curuli
960 1743 1167 1791 premere
1182 1725 1208 1778 :1
1275 1729 1343 1777 Et

292 1811 403 1855 tunc
438 1807 602 1855 multo
641 1803 848 1855 facilius
886 1805 1068 1854 eadem
1107 1806 1194 1854 iiis
1228 1819 1344 1854 sen-

291 1881 463 1945 tentia,
483 1897 639 1948 quarn
675 1882 880 1945 Lipsius
917 1897 983 1931 ex
1011 1883 1219 1946 vulgata
1242 1881 1341 1930 lec·

291 1958 420 2008 tione
440 1958 641 2015 elicuit.
666 1956 781 2007 fluit
818 1973 884 2006 ex
921 1959 1146 2007 lectione
1171 1971 1344 2006 emen·

289 2031 419 2083 dats.
486 2035 502 2062 ‘
522 2035 715 2083 Forum
734 2033 748 2055 ⁹
797 2034 932 2082 enim
978 2040 1032 2082 et
1089 2031 1347 2082 ‘forensia

289 2111 527 2176 negotis,'
551 2121 798 2176 tanquam
815 2111 1031 2170 negotia
1056 2117 1228 2174 togata
1257 2124 1346 2173 pa·

289 2188 370 2245 cis.
400 2197 737 2254 opponuntur
772 2191 788 2217 ⁸
808 2190 1035 2251 campis’
1069 2195 1124 2237 et
1158 2189 1344 2252 ‘nego-

289 2264 369 2314 tiis
383 2266 735 2315 castrensibus
753 2264 767 2286 '
791 2272 945 2328 atque
968 2265 982 2292 ‘
1001 2264 1346 2314 militaribus!

291 2339 442 2403 Lipsii
463 2341 738 2391 lectionem
764 2340 1010 2403 deinceps
1033 2341 1195 2389 secuti
1226 2350 1348 2391 sunt

287 2414 666 2482 Berneggerns‚
724 2416 976 2473 Hackius,
1025 2418 1347 2468 Kirchmaie·

288 2507 387 2558 ras,
419 2495 580 2551 Cevs,
615 2502 671 2544 et
705 2494 1005 2554 Gesnerus;
1039 2509 1346 2560 quamquam

291 2569 543 2621 Gesnerus
562 2586 669 2621 non
701 2572 812 2620 sine
843 2571 1169 2620 limitatione
1196 2573 1345 2620 vesti·

290 2647 378 2710 giis
404 2648 563 2711 Lipsii
599 2648 808 2697 institit.
879 2649 1076 2697 Certum
1096 2649 1203 2708 sori
1235 2662 1349 2710 pnr-

286 2723 577 2787 tens‚inquit
598 2739 612 2773 z
647 2738 713 2772 ne
739 2731 901 2773 totum
919 2725 1123 2788 quidem
1148 2723 1313 2773 forum
1337 2741 1350 2781 ;

286 2799 356 2849 sic
398 2800 686 2864 opponitur
728 2801 961 2864 ‘campis
1004 2799 1351 2862 immanibus,'

288 2877 320 2926 i.
342 2892 388 2928 e.
408 2878 690 2928 latissimis.
744 2879 847 2928 Sed
875 2879 992 2928 libri
1021 2878 1133 2928 fere
1152 2893 1348 2935 omnes,

281 2969 466 3018 mem.-
500 2957 578 3006 sic
602 2956 887 3020 opponitur
917 2958 931 2984 ⁴
953 2958 1150 3021 campis
1174 2957 1351 3006 imma-

287 3031 468 3094 nibus,’
499 3034 554 3081 b.
577 3046 625 3081 e.
652 3031 877 3088 infestis,
908 3042 960 3081 et
997 3034 1145 3082 hoste
1169 3034 1351 3097 opple·

288 3109 367 3157 tis.
432 3109 501 3159 Et
524 3110 626 3158 boc
649 3122 811 3172 prope
833 3111 1024 3158 malim.
1082 3109 1352 3159 Hactenus

286 3182 570 3235 Gesnerus.
661 3184 732 3234 At
787 3184 1103 3233 Arntzenius
1158 3185 1352 3247 majore

286 3260 621 3311 contentione
643 3260 920 3310 lectionem
935 3261 1196 3322 vulgatam
1217 3262 1354 3310 tueri

286 3343 500 3385 conatus
523 3342 629 3400 est,
644 3336 790 3398 cujus
816 3336 1068 3399 integram
1095 3350 1352 3385 commen·

193 3412 196 3417 “
285 3413 536 3463 tationem
572 3413 639 3461 ad
675 3413 891 3462 Excurs.
919 3425 1073 3462 xcix.
1115 3410 1355 3474 referam,

288 3495 359 3548 et,
387 3502 503 3550 que
547 3488 600 3537 in
638 3501 700 3536 ea
738 3488 860 3536 milii
897 3487 1052 3536 dubis
1076 3487 1183 3535 visa
1218 3494 1358 3550 sunt,

285 3563 519 3625 pluribus
545 3576 822 3624 exponam.
859 3562 1105 3611 Schmun-2.

345 3638 475 3689 Sella
510 3638 696 3701 emti]
731 3639 862 3690 Quae
887 3638 1137 3701 majorum
1167 3638 1354 3702 magis·

285 3719 512 3767 tratunm
551 3722 689 3776 erat,
712 3728 801 3764 sen
832 3729 861 3762 a
886 3715 1107 3764 Curibus
1138 3715 1356 3766 Sabino·

286 3807 396 3844 rem
422 3795 591 3849 dicta.
627 3792 763 3842 unde
792 3800 846 3842 et
870 3794 1016 3856 plura
1045 3794 1148 3842 alia
1173 3795 1354 3856 megis-

287 3876 517 3920 trstuum
554 3876 857 3919 ornamenta
901 3870 1110 3918 Romam
1153 3870 1356 3933 (Μαίας

286 3960 372 3996 seu
406 3962 439 3996 a
471 3960 653 4001 curru,
676 3946 814 4009 quod
851 3946 902 3994 in
936 3959 1116 3995 currus
1148 3945 1355 3995 modum

288 4031 596 4074 constructa
619 4031 780 4080 esset,
803 4038 918 4073 cum
944 4024 1089 4084 rotis,
1112 4037 1214 4087 quo
1233 4022 1354 4072 fuci·

287 4100 381 4150 lius
403 4100 741 4163 magistratus
768 4099 867 4162 ipsi
893 4116 985 4163 per
1007 4102 1182 4152 urbem
1205 4102 1360 4151 vehe-

288 4183 484 4227 rentur.
520 4174 691 4239 Hujus
712 4176 986 4226 sententiae
1005 4177 1214 4228 videtur
1233 4177 1359 4227 Gel-

2344 346 2475 412 803

1406 504 1503 554 lius
1530 519 1618 553 ur.
1645 509 1723 555 18.
1760 506 1973 556 Paterni.

1479 582 1713 645 vestigio]
1752 581 1898 631 Pede
1945 589 2053 647 tuo,
2090 580 2321 631 victoris.
2355 582 2473 646 Lip-

1405 672 1526 708 sius.

1475 734 1641 797 Ripis]
1679 735 1861 792 Rheni,
1886 736 1963 784 vel
1988 734 2235 785 Danubii.
2269 737 2422 786 Idem.

1475 811 1647 866 Quid?
1688 811 1931 874 spernere]
1981 811 2279 861 Pronomen
2315 812 2476 862 inter·

1411 887 1698 950 rogativum
1726 888 1857 943 Quia
1888 886 2214 936 desideratur
2238 888 2288 936 in
2314 889 2475 938 omni·

1410 965 1502 1013 bus
1528 964 1719 1014 nostris
1742 965 2005 1015 codicibus
2042 965 2171 1015 Mss.
2193 966 2328 1030 quod
2355 981 2477 1014 vero

1402 1040 1513 1103 jam
1554 1041 1607 1089 in
1641 1040 1957 1091 editionibus
1997 1041 2194 1104 primis,
2231 1041 2478 1090 subsecu-

1412 1116 1603 1180 tisque.
1628 1125 1772 1166 recte
1789 1117 1986 1166 editum
2006 1125 2104 1166 est.
2140 1118 2247 1166 Per
2266 1116 2477 1166 ‘barba-

1412 1208 1494 1241 ros
1512 1192 1784 1252 fremitus‚'
1802 1196 2169 1258 notaruntjam
2196 1194 2300 1247 alii,
2323 1195 2478 1258 signi·

1412 1268 1557 1318 ficari
1583 1268 1803 1318 fractum
1832 1285 2061 1319 murmur
2084 1270 2482 1332 Germanorum,

1414 1345 1479 1394 de
1515 1345 1702 1408 quibus
1741 1346 1913 1395 Tacit.
1950 1346 2131 1396 Germ.
2165 1361 2214 1396 c.
2238 1350 2287 1395 8.
2319 1345 2483 1395 ‘Ter-

1415 1429 1534 1470 rent
1570 1421 1727 1484 enim,
1751 1422 2099 1485 trepidantum,
2125 1429 2279 1486 prout
2308 1423 2484 1471 sonuit

1412 1498 1573 1548 scies.
1641 1499 1757 1548 Nec
1803 1507 1903 1548 tam
1949 1514 2102 1549 voces
2160 1499 2283 1562 illm,
2326 1513 2481 1562 qnam

1415 1574 1625 1624 virtutis
1650 1583 1957 1635 concentus,
1978 1576 2237 1625 videntur.
2306 1574 2485 1625 Affec-

1417 1659 1561 1701 tatur
1617 1652 1881 1715 precipue
1938 1654 2195 1716 asperitas
2250 1654 2382 1713 soni,
2426 1659 2484 1702 et

1415 1728 1642 1778 fractum
1670 1742 1918 1789 murmur,
1942 1729 2164 1793 objectis
2189 1728 2252 1778 sd
2286 1744 2342 1779 os
2367 1743 2483 1778 scu·

1418 1806 1502 1865 tis,
1524 1819 1627 1868 quo
1652 1804 1853 1868 plenior
1877 1813 1929 1854 et
1953 1806 2160 1867 gravior
2184 1820 2283 1854 vox
2309 1793 2484 1867 reper-

1417 1896 1573 1930 cussu
1606 1880 1950 1931 intumescat-⁹
2019 1881 2317 1930 Ammianus
2342 1882 2485 1931 Mar·

1418 1957 1539 2006 cell.
1587 1970 1753 2007 xxxi.
1800 1962 1850 2008 7.
1907 1958 2171 2006 ‘Barbari
2230 1957 2485 2020 majorum

1419 2034 1601 2084 laudes
1634 2035 1943 2084 clamoribus
1981 2034 2276 2084 stridebant
2311 2035 2483 2082 incon-

1419 2111 1566 2171 ditis3
1608 2113 1845 2175 interque
1886 2113 2057 2160 varios
2093 2124 2354 2159 sermones
2390 2111 2489 2157 dis·

1420 2188 1530 2237 soni
1580 2189 1832 2250 strepitus
1876 2188 2059 2251 praelia
2116 2185 2487 2236 tentabantur)

1421 2266 1523 2315 Sed
1569 2278 1747 2313 omnes
1788 2264 1897 2312 fere
1943 2264 2180 2312 nationes
2221 2277 2420 2326 pugnas
2460 2276 2491 2309 a

1423 2343 1650 2390 clamore
1677 2341 1959 2402 auspicatae
1983 2338 2247 2387 dicuutur.
2313 2339 2490 2388 Caesar

1424 2422 1487 2470 B.
1526 2420 1588 2469 C.
1627 2433 1713 2469 nt.
1751 2422 1835 2469 92.
1868 2419 2088 2483 ‘Neque
2128 2416 2324 2467 frustra
2359 2418 2491 2467 anti·

1422 2499 1595 2563 quitus
1622 2497 1917 2546 institutum
1942 2504 2041 2559 est,
2071 2503 2126 2545 ut
2165 2496 2310 2558 signa
2344 2496 2494 2545 undi-

1422 2592 1523 2641 que
1563 2576 1921 2629 concinerent,
1958 2574 2340 2636 clamoremque
2380 2573 2491 2620 uni-

1427 2652 1560 2702 versi
1587 2652 1862 2701 tollerent:
1900 2650 2086 2714 quibus
2110 2649 2282 2709 rebus,
2301 2658 2352 2697 et
2378 2650 2493 2698 hos·

1426 2734 1505 2777 tes
1530 2727 1734 2789 terreri,
1756 2733 1810 2775 et
1833 2741 1949 2774 suos
1981 2724 2204 2779 incitari.
2231 2724 2494 2773 existima·

1431 2803 1650 2853 verunt.⁹
1719 2803 1852 2851 vide
1894 2803 2049 2851 Grut.
2090 2802 2142 2850 in
2176 2800 2493 2849 discursibus

1429 2881 1655 2944 politicis
1677 2879 1740 2928 sd
1766 2879 2029 2941 Tacitum,
2048 2893 2093 2927 c.
2111 2882 2190 2927 12.
2214 2878 2299 2926 ubi
2321 2878 2499 2937 docet,

1428 2971 1569 3021 saepe
1605 2958 1761 3005 etiam
1796 2956 2111 3004 debellatum
2150 2955 2352 3003 hostem
2386 2953 2496 3004 solo

1428 3035 1670 3083 clamore.
1705 3032 1943 3080 Schmun.

1500 3110 1739 3170 rogorum
1760 3105 2098 3168 ostentatione]
2135 3106 2355 3155 Putavit
2378 3106 2498 3169 Lip-

1430 3187 1555 3249 sius,
1579 3183 1857 3249 siguificari
1875 3184 1891 3210 ⁸
1916 3181 2100 3247 togas,’
2124 3197 2250 3246 quas
2274 3183 2321 3230 in
2337 3183 2498 3245 juris-

1431 3262 1680 3320 dictione,
1713 3261 1869 3309 etiam
1908 3259 2046 3307 inter
2080 3267 2272 3314 castra,
2304 3273 2500 3307 sumse-

1433 3339 1536 3387 rint
1561 3338 1745 3385 saltem
1771 3333 2030 3388 advocati,
2049 3333 2344 3395 caussidici,
2367 3342 2420 3383 et
2446 3333 2498 3383 id

1433 3428 1614 3479 genus.
1684 3412 1790 3462 Sed
1835 3410 2097 3472 existimo,
2141 3411 2366 3460 Plinium
2413 3425 2500 3475 ge-

1431 3490 1655 3540 neratim
1691 3487 1922 3538 indicare
1950 3486 2195 3548 voluisse,
2216 3501 2316 3535 non
2343 3487 2500 3535 armis

1433 3580 1562 3630 opus
1606 3579 1721 3615 esse
1765 3564 1992 3626 Trajano
2037 3562 2101 3612 ed
2149 3563 2317 3612 bostes
2364 3577 2502 3612 com·

1436 3641 1754 3705 pescendos;
1789 3641 1881 3689 sed
1906 3641 2062 3690 etism
2100 3639 2209 3690 siue
2241 3639 2418 3700 armis,
2442 3653 2503 3688 ac

1435 3719 1477 3768 si
1513 3719 1567 3767 in
1605 3732 1737 3782 pace
1773 3718 1994 3778 viveret,
2024 3718 2134 3765 sola
2170 3718 2504 3772 anctoritate,

1435 3804 1491 3845 et
1529 3794 1665 3844 fama
1704 3794 1865 3857 ipsius
1904 3793 2228 3857 Romanique
2267 3793 2503 3853 nominis,

1437 3872 1622 3921 terreri
1681 3871 1869 3919 hostes.
1946 3870 2095 3932 Toga
2150 3871 2285 3919 enim
2341 3869 2502 3918 vestis

1436 3955 1551 3998 erat
1576 3947 1838 4008 Romanis,
1862 3946 1914 3994 in
1938 3945 2065 3995 urbe
2090 3952 2143 3994 et
2173 3959 2299 4008 pace
2325 3946 2503 3992 viven-

1437 4024 1602 4086 tibus,
1622 4022 1853 4085 propris.
1922 4022 2176 4071 Similiter
2197 4020 2308 4069 fere
2342 4021 2506 4082 legati

1439 4101 1821 4162 Campanorum
1859 4096 1997 4160 apud
2035 4096 2150 4144 Liv.
2178 4108 2278 4144 vu.
2311 4098 2394 4143 80.
2427 4109 2507 4143 se·

1439 4176 1584 4227 natui
1611 4176 1908 4240 populoque
1941 4173 2173 4221 Romano
2197 4171 2400 4233 dixere,
2419 4172 2505 4220 ‘Si
