3060 4902
745 383 808 428 Ο.
860 380 1094 429 vum!
1146 379 1479 428 summm
1536 380 1805 429 PANEG.
1888 383 1933 428 t.

299 515 475 590 Epist.
514 539 570 575 x.
610 526 692 574 at.
722 525 1007 574 ‘securitas
1039 522 1364 587 temporum,’

301 606 504 667 Paneg.
546 616 594 653 ι.
631 606 679 649 6.
714 602 879 649 ‘bona
913 599 1129 656 secui&
1163 601 1364 662 Paneg.

301 693 510 730 xxxvl.
533 682 583 728 4.
608 681 708 727 &c.
743 678 913 726 Taceo
937 691 1090 739 nunc,
1111 677 1174 726 ad
1198 678 1366 739 elogia

298 757 595 822 principum
610 754 877 818 sequentis
895 753 989 802 aevi
1009 754 1058 802 in
1073 753 1365 817 Symmachi

300 834 544 897 epistolis
568 834 756 896 passim
790 830 971 879 referri
1005 833 1020 859 ‘
1041 829 1368 894 temporum‚'

302 912 384 961 vel
433 908 684 965 ‘saeculi,’
728 909 1095 973 ‘aequitatem’
1134 909 1364 956 ‘bonita-

300 986 447 1050 tem‚’
486 983 880 1044 ‘clementiam,'
922 982 1185 1044 ‘famarm’
1224 985 1364 1048 ‘glo-

299 1061 466 1127 riam,'
501 1062 517 1089 ‘
542 1060 949 1124 humanitatem,’
983 1061 1078 1110 otc.
1147 1061 1284 1112 Quiri
1312 1062 1363 1110 ni

298 1141 461 1205 igitur
483 1138 700 1194 Plinius,
725 1153 842 1187 cum
873 1138 938 1185 de
965 1136 1218 1187 fidelitate
1254 1153 1362 1186 ntu-

301 1225 392 1269 tua
416 1216 688 1281 principis,
708 1220 935 1276 senatus,
955 1215 1234 1278 populique
1261 1213 1362 1262 Ro·

300 1295 439 1344 mani
483 1292 802 1357 loqueretur,
832 1305 947 1356 qnae
981 1288 1202 1338 florebat
1236 1299 1363 1339 tem·

301 1369 515 1435 poribus
572 1368 805 1432 Trajani,
871 1371 1027 1415 etiam
1100 1367 1363 1428 sigillatim

299 1446 645 1496 ‘fidelitatem
689 1452 975 1506 temporum
1003 1443 1016 1463 '
1065 1444 1361 1492 collaudare

300 1522 595 1589 potuisset?
663 1521 726 1570 In
755 1521 858 1569 Titi
883 1520 1183 1583 Vespasiani
1215 1535 1360 1569 num·

298 1601 416 1660 mis,
452 1600 591 1647 inter
628 1598 789 1646 Ducis
826 1595 1135 1644 Arschotani
1170 1597 1360 1645 numis-

302 1684 466 1737 mata,
491 1672 627 1722 Tab.
646 1685 853 1722 xxvru.
873 1686 923 1720 n.
940 1674 1020 1720 23.
1036 1673 1361 1735 conspiciun-

299 1762 387 1803 tur
427 1753 635 1801 dextre
671 1752 890 1814 junctae,
942 1765 1057 1798 cum
1100 1751 1258 1812 spicis
1305 1760 1360 1800 et

297 1830 548 1893 caduceo,
586 1836 639 1878 et
691 1842 806 1877 cuin
854 1827 1151 1890 epigraphe,
1204 1841 1360 1876 tinas

298 1919 564 1956 evantes.
589 1905 961 1955 Mediobarbus
982 1921 1030 1968 p.
1052 1908 1161 1953 13³.
1182 1908 1292 1954 134.
1310 1913 1362 1954 et

302 1989 413 2035 1³6.
457 1998 689 2033 nummos
732 1982 1013 2032 Domitiani
1050 1996 1359 2031 commemo·

299 2069 401 2125 rat,
423 2062 476 2110 in
501 2061 687 2126 quibus
723 2059 906 2109 eadem
940 2060 1213 2121 inscriptio
1236 2060 1359 2121 legi-

294 2144 401 2198 tur,
442 2149 598 2185 rmus
650 2148 907 2186 evantes.
976 2134 1124 2183 Idem
1163 2152 1213 2198 p.
1251 2140 1361 2184 157.

297 2226 563 2263 nummum
602 2212 809 2275 Trajani
849 2212 1135 2269 annotavit,
1172 2213 1221 2260 in
1261 2226 1360 2276 quo

298 2289 438 2353 Imp.
483 2303 598 2336 cum
626 2287 807 2350 figura
856 2288 1109 2348 muliebri,
1150 2289 1361 2338 sinistra

297 2380 461 2416 cornu
487 2364 655 2428 copiae
680 2371 911 2421 tenente,
935 2365 1215 2428 alloquitur
1232 2367 1363 2415 mili·

298 2454 399 2507 tes,
413 2460 532 2496 cum
548 2445 903 2508 inscriptione,
923 2458 1077 2494 etuas
1094 2458 1361 2496 Μιιιτνιη.

297 2524 547 2573 Ceterum
585 2524 905 2587 antiquiores
941 2523 1220 2584 editiones,
1254 2525 1359 2573 Pu·

299 2602 521 2655 teolani.
559 2601 830 2662 Bet-oaldi,
867 2601 1188 2664 cuspiniani,
1216 2601 1360 2662 Aldi,

297 2677 557 2739 Rhenum,
591 2677 894 2738 Pitilomusi,
933 2684 988 2725 et
1020 2677 1217 2732 Juntae,
1264 2692 1359 2739 pro

298 2753 460 2803 verbo
501 2752 731 2812 meminit,
770 2751 1011 2802 mendose
1055 2766 1358 2815 expressum

295 2828 536 2879 referunt
559 2829 767 2877 anuini-
804 2827 971 2876 Idem.

365 2907 655 2967 Numpure
703 2904 838 2967 totu]
894 2906 1254 2968 Berneggerus
1293 2906 1358 2955 ad

293 2981 433 3031 bunc
452 2982 617 3031 locum
633 2981 743 3030 ltaec
759 2990 1167 3031 commentatur:
1184 2985 1198 3009 ‘
1214 2983 1258 3031 N
1268 2997 1360 3031 un·

293 3058 627 3121 cupabantur
668 3058 930 3120 praecipne
970 3056 1054 3105 die
1089 3066 1206 3121 post
1239 3058 1356 3108 Kal.

292 3133 574 3186 Januarias
609 3134 785 3183 tertio.
859 3135 1122 3196 Ettuapius
1155 3135 1205 3184 in
1233 3136 1359 3186 Vita

295 3213 445 3262 Max.
470 3212 625 3260 Caius
650 3210 1063 3261 Jurisconsultus
1102 3212 1166 3260 de
1198 3213 1358 3262 Verb.

294 3289 442 3350 Sigu.
467 3294 523 3336 et
549 3288 651 3336 Dio
668 3286 757 3334 lib.
774 3299 885 3336 ιιι.
936 3288 1148 3336 Tacitus
1169 3298 1359 3351 tamen,

295 3366 489 3415 Annal.
513 3376 590 3413 tv.
607 3370 662 3412 et
682 3364 868 3413 Tibull.
889 3364 952 3411 ad
978 3365 1186 3415 Messal.
1203 3372 1216 3393 ¹
1236 3366 1357 3429 ipsis

297 3441 546 3490 Calendis
558 3439 592 3500 ;’
611 3440 790 3505 quode
808 3442 924 3489 vide
950 3442 1109 3504 Lipsii
1135 3443 1357 3493 Excurs-

297 3519 362 3569 Β.
389 3520 453 3567 ad
475 3518 647 3569 Tacit.
669 3518 857 3567 Annal.
882 3531 999 3567 xvr.
1020 3523 1100 3569 22.
1135 3526 1149 3547 ⁴
1170 3520 1353 3582 Coepe-

296 3609 354 3644 re
388 3594 516 3647 Julii
543 3595 901 3658 temporibus,'
942 3596 1040 3645 Dio
1077 3596 1167 3645 lib.
1205 3611 1357 3646 thv.

297 3679 354 3722 et
395 3675 414 3701 ⁴
439 3672 490 3722 in
527 3673 773 3722 bonorem
816 3671 1076 3735 Augusti,’
1125 3674 1227 3721 Dio
1272 3674 1357 3721 lib.

296 3762 371 3799 ιι.
395 3764 458 3800 ac
491 3757 506 3779 ⁴
527 3765 622 3813 pro
649 3749 934 3813 Pompeio,’
968 3749 1104 3798 idem
1129 3749 1220 3799 lib.
1244 3763 1356 3799 xm.

294 3833 630 3891 ‘nuncupata
674 3841 702 3876 a
747 3826 1099 3888 pontificibus,
1135 3829 1358 3877 consuli-

297 3902 413 3962 bus,
446 3912 502 3952 et
538 3903 747 3966 reliquis
784 3902 1206 3965 magistratibus,'
1231 3905 1357 3953 Plu·

296 3979 466 4028 tarch.
504 3978 557 4027 in
581 3979 693 4029 Cic.
715 3979 819 4026 Dio
842 3978 877 4025 l.
901 3990 973 4027 ιι.
997 3990 1051 4026 et
1075 3993 1235 4028 ινιιι.
1265 3982 1354 4029 ‘In

295 4055 581 4120 Capitolio,
614 4064 668 4104 et
709 4057 759 4103 in
789 4057 974 4104 castris
1008 4056 1143 4118 apud
1176 4057 1358 4119 signa,’

293 4134 642 4184 Tertullianus
663 4133 730 4179 de
755 4132 974 4181 Corona.
1014 4134 1144 4182 Haec
1169 4142 1225 4182 et
1245 4136 1262 4161 ‘
1282 4143 1357 4183 ta·

296 4209 428 4260 bulis
479 4209 742 4275 mundari⁸
775 4209 1054 4260 Suetonius
1099 4209 1264 4262 refert
1307 4212 1358 4261 in

1979 367 2088 431 67.
2372 363 2507 430 889

1445 523 1583 587 Aug.
1601 537 1715 587 cap.
1734 527 1816 572 97.
1841 531 1896 573 et
1917 529 2066 573 ‘cera
2084 521 2205 584 ngi‚’
2242 522 2352 572 sive
2386 524 2402 552 ⁸
2424 523 2501 571 in-

1442 601 1648 656 cerari,'
1680 600 1923 651 Juvenal.
1964 615 2021 651 x.
2062 611 2116 650 et
2159 602 2174 628 ‘
2198 602 2501 665 plerumque

1442 678 1657 733 femore,
1692 693 1892 742 genuve
1913 680 2165 733 Deorum,
2190 679 2378 728 annulo
2410 680 2500 726 ob-

1441 755 1671 819 signari‚’
1703 755 1957 818 Apuleius
1991 757 2040 802 in
2068 755 2287 818 Apolog.
2345 754 2500 804 Unde

1435 833 1452 862 ⁴
1474 842 1597 882 vota
1622 833 1825 894 signatu
1844 832 1857 853 ⁹
1892 832 1942 879 in
1970 832 2216 893 Epistolis
2252 831 2409 879 Plinii
2432 831 2497 878 ad

1436 910 1735 973 Trajanum.
1786 911 1800 936 ‘
1817 907 2110 970 Adsignata
2133 908 2299 972 oratio
2317 906 2330 929 '
2363 909 2501 970 apud

1437 987 1663 1035 Tertull.
1686 986 1752 1034 de
1777 986 1932 1036 Orat.
1993 986 2092 1034 Illa
2116 992 2289 1033 autem
2314 984 2501 1045 sigilla,

1439 1063 1624 1124 quibus
1669 1072 1792 1112 vota
1835 1064 2189 1125 signabantur,
2225 1061 2503 1122 ἀγαλμάτια

1439 1140 1642 1189 Graecis
1672 1139 1935 1203 dicuutur,
1968 1149 2020 1188 et
2054 1140 2150 1188 sub
2176 1140 2499 1201 imperatori·

1439 1216 1530 1264 bns
1571 1217 1914 1267 cudebantur.
1984 1218 2100 1266 Nec
2141 1223 2339 1265 tantum
2378 1225 2500 1264 vota

1441 1294 1489 1341 in
1516 1292 1745 1344 futurum
1768 1294 2203 1356 suscipiebantur,
2220 1294 2354 1357 quod
2383 1301 2498 1343 erat

1435 1369 1678 1429 εὔχεσθαν
1699 1370 1789 1420 sed
1808 1371 1955 1419 simul
1977 1371 2132 1422 etiam
2154 1371 2382 1433 priorum
2407 1384 2497 1417 un-

1436 1461 1620 1495 norunt
1669 1455 1790 1495 vota
1831 1447 2162 1497 solvebantur
2207 1445 2498 1508 sacrificiis,

1435 1526 1571 1588 quod
1597 1533 1708 1573 erat
1734 1522 1871 1572 θύειν.
1941 1524 2079 1574 Pliu.
2114 1524 2204 1572 lib.
2232 1537 2288 1572 x.
2324 1524 2499 1587 Epist.

1433 1599 1496 1647 ad
1520 1600 1742 1663 Trajan-³
1776 1602 1926 1650 Idem.

1508 1676 1653 1739 Vota]
1688 1680 1819 1728 Quae
1842 1678 1997 1727 tertio
2023 1678 2200 1727 Nonas
2220 1678 2497 1728 Januarias

1436 1754 1641 1815 publice
1665 1757 1856 1818 suscipi
1884 1757 2038 1804 moris
2072 1763 2201 1811 erat,
2229 1755 2358 1803 festa
2388 1771 2495 1804 otn-

1435 1832 1573 1878 nium
1600 1832 1803 1880 laeutia.
1874 1835 1953 1882 De
1976 1834 2037 1881 iis
2060 1835 2266 1896 scripsi,
2291 1848 2386 1882 nec
2415 1847 2497 1881 re-

1436 1916 1558 1970 peto
1579 1909 1744 1957 Taciti
1771 1909 1959 1958 Annal.
1986 1922 2100 1958 xvi.
2136 1910 2272 1972 Lips.

1498 1984 1601 2032 Pro
1623 1985 1892 2033 <eternitate
1914 1985 2123 2048 imperii]
2142 1986 2379 2048 Bingium
2399 1994 2495 2033 ‘2-

1434 2058 1589 2108 terni'
1608 2060 1784 2109 datum
1805 2076 1905 2109 non
1928 2070 2127 2110 tantum
2149 2063 2256 2112 urbi
2282 2062 2454 2110 Romae
2478 2079 2494 2120 ;

1434 2138 1521 2184 sed
1547 2147 1600 2186 et
1626 2138 1842 2199 imperio
1865 2146 1879 2168 ⁴
1901 2141 2251 2188 eternitatem
2272 2140 2286 2160 '
2322 2139 2389 2187 ab
2415 2155 2493 2187 as·

1433 2215 1787 2263 sentatoribus
1817 2216 2139 2277 promissam,
2164 2225 2307 2264 notat
2330 2218 2492 2277 Span-

1435 2288 1591 2338 lteim.
1627 2289 1692 2337 de
1732 2291 1837 2338 Usu
1876 2298 1928 2338 et
1969 2291 2155 2339 Pru-st.
2192 2292 2346 2339 Nrtm.
2372 2293 2493 2340 Vet.

1435 2372 1562 2413 tom.
1602 2378 1662 2413 tt.
1699 2380 1816 2428 pag.
1853 2370 1966 2414 346.
2000 2375 2050 2414 et
2076 2371 2189 2415 384.
2250 2366 2495 2428 Velleius,

1435 2441 1522 2491 ubi
1570 2456 1632 2490 ιι.
1680 2446 1790 2492 103.
1832 2441 1898 2491 de
1936 2443 2161 2492 Neronis
2211 2441 2492 2504 adoptione

1433 2528 1633 2579 narrat,
1668 2521 1681 2546 ‘
1700 2520 1960 2568 Laetitiam
1988 2521 2120 2567 illius
2143 2518 2287 2583 diei,’
2311 2521 2496 2582 inquit,

1431 2597 1446 2624 ⁴
1466 2611 1875 2660 concursumque
1893 2597 2136 2660 civitatis,
2162 2605 2216 2646 et
2242 2605 2362 2646 vota
2388 2613 2495 2660 pu·-

1433 2687 1496 2721 ne
1521 2674 1856 2723 inserentium
1876 2676 2005 2722 coelo
2024 2688 2223 2736 manus,
2245 2688 2493 2737 spemque

1432 2762 1699 2815 conceptae
1727 2759 1994 2814 perpetuae
2024 2751 2318 2802 securitatis
2341 2760 2493 2799 aeter-

1433 2828 1720 2891 nitatisque
1746 2828 1961 2876 Romani
1986 2827 2306 2890 imperii,vix
2328 2827 2377 2874 in
2404 2827 2492 2874 illo

1435 2904 1537 2953 isto
1571 2919 1727 2966 opere
1771 2905 1977 2953 abunde
2017 2904 2256 2967 persequi
2295 2904 2490 2965 poteri·

1434 2996 1562 3036 mus,
1586 2981 1770 3030 nedum
1804 2982 1887 3029 nic
1916 2978 2166 3041 implere.’
2235 2980 2356 3042 lpse
2382 2980 2488 3027 Ne-

1434 3073 1510 3118 ro,
1537 3068 1668 3107 teste
1692 3058 1940 3106 Suetonio
1965 3058 2013 3104 in
2039 3057 2144 3118 eJus
2167 3056 2312 3116 Vita,
2335 3071 2381 3104 c.
2409 3059 2492 3112 lt,

1434 3142 1447 3162 ⁴
1463 3134 1610 3184 ludos
1628 3148 1721 3197 pro
1740 3134 2033 3182 aeternitate
2060 3132 2259 3193 imperii
2276 3146 2490 3192 suscep-

1433 3218 1515 3259 tos
1554 3210 1800 3272 appellari
1840 3208 2000 3257 voluit
2042 3208 2338 3257 Maximos.’
2422 3209 2492 3257 Et

1432 3288 1636 3350 quoties
1649 3298 1990 3335 strenuius
2007 3298 2269 3341 Avnvsrt,
2287 3285 2371 3335 vel
2389 3299 2490 3336 Av-

1433 3378 1734 3413 Gvsronvm
1760 3367 1839 3413 vel
1878 3378 2122 3421 impartit,
2145 3380 2249 3414 non
2275 3367 2325 3415 in
2349 3381 2493 3415 nurn-

1432 3443 1524 3489 mis
1545 3441 1865 3490 Caesareanis
1882 3442 2183 3506 consignata
2199 3445 2494 3505 reperitur?

1432 3517 1810 3581 Ipsius'l'rajani
1824 3531 2083 3566 nummum
2099 3521 2363 3569 annotavit
2382 3522 2493 3569 Me·

1430 3596 1710 3644 diobarbus
1742 3610 1794 3658 p.
1829 3599 1940 3645 153.
1962 3595 2012 3643 in
2046 3610 2149 3660 quo
2171 3598 2494 3659 conspicitur

1430 3671 1599 3735 figura
1645 3681 1809 3728 stans,
1852 3681 1906 3721 et
1945 3672 2132 3721 dextra
2163 3683 2322 3736 caput
2355 3676 2491 3724 Solis

1430 3749 1706 3808 radiatum,
1751 3750 1958 3799 sinistra
1995 3758 2150 3813 caput
2196 3752 2372 3812 Lunae,
2419 3762 2492 3800 te·

1432 3840 1578 3886 nens,
1602 3841 1717 3875 cum
1740 3827 1819 3874 liis
1845 3826 2036 3874 literis:
2072 3839 2195 3874 Αετ.
2221 3840 2353 3875 Avo.
2385 3829 2416 3873 i.
2440 3841 2487 3875 c.

1431 3906 1446 3930 ‘
1468 3904 1748 3952 AEternitas
1774 3902 2030 3960 Arminii!
2098 3903 2184 3951 Sic
2207 3912 2259 3952 et
2283 3905 2496 3963 Plinius,

1433 3983 1601 4043 Epist.
1636 3994 1689 4029 x.
1719 3984 1801 4030 67.
1834 3983 1848 4006 ‘
1872 3980 1950 4029 Ft.
1976 3979 2270 4042 Archippus
2295 3994 2386 4042 per
2411 3995 2491 4028 sa-

1433 4060 1592 4107 lutem
1622 4069 1761 4107 tuam
1802 4057 2244 4119 eternitatentque
2280 4058 2430 4118 petiit
2458 4072 2491 4106 a

1431 4137 1553 4184 me.'
1601 4136 1669 4183 Et
1705 4149 1788 4195 ep.
1832 4138 1914 4182 87.
1962 4133 2102 4182 ‘Per
2137 4132 2488 4184 oeternitateus

1434 4218 1576 4261 tuam
1599 4209 1958 4276 salutemque.’
1992 4210 2235 4262 Schm-
