3060 4902
574 356 703 423 842

573 514 672 578 bis,
693 516 836 564 tertio
855 518 1114 573 consulatu,
1138 516 1417 580 fingantur,
1442 518 1635 568 animo-

572 607 674 655 que
717 600 1040 656 repetantur,
1078 596 1212 644 tertii
1251 597 1519 645 consulatus
1561 597 1637 647 tui

568 671 837 726 sanctitate,
862 687 975 735 quae
1007 671 1219 734 ἔλλειψις
1254 675 1425 736 paullo
1458 674 1637 723 durior

572 748 691 794 milli
726 748 949 808 videtur,
971 765 1087 799 cum
1121 764 1329 813 prorsus
1362 751 1481 799 mihi
1518 765 1634 813 per-

570 838 774 870 suasum
813 817 1049 885 babeam,
1082 826 1255 888 priora
1290 825 1467 887 verba,
1492 827 1636 875 tertio

567 901 829 959 consulatu,
850 903 1174 951 occasionem
1199 903 1421 964 dedisse,
1439 912 1492 952 ut
1514 918 1632 966 pos·

572 977 780 1036 teriora,
803 977 937 1027 tertii
967 980 1254 1035 constitutus,
1278 978 1471 1029 fuerint
1502 995 1633 1042 prae-

570 1055 825 1102 termissa.
896 1055 1023 1106 Haec
1063 1057 1105 1102 si
1146 1055 1423 1116 adsciscas,
1461 1056 1634 1106 omnia

569 1132 725 1192 plana
747 1139 801 1179 et
822 1128 1000 1180 facilia
1024 1131 1265 1182 evadent.
1334 1132 1545 1183 Adscivi
1571 1148 1634 1181 ea

568 1207 795 1268 interim,
820 1208 912 1257 sed
948 1223 1048 1257 non
1083 1209 1191 1257 siue
1224 1210 1383 1270 signis
1413 1210 1632 1273 criticis,

569 1290 644 1344 ut,
659 1283 824 1348 quoad
844 1284 1050 1335 aliunde
1064 1286 1406 1346 stabiliantur,
1420 1302 1480 1335 en
1497 1288 1631 1349 quis·

567 1375 668 1422 que
691 1375 780 1421 pro
801 1360 966 1410 lubitu
987 1375 1088 1423 pru²
1099 1361 1255 1410 terite
1276 1362 1456 1424 possit.
1501 1362 1629 1412 Sen-

565 1451 652 1484 sus
691 1435 821 1485 adeo
853 1438 1033 1486 horum
1072 1438 1364 1495 verborum,
1405 1446 1462 1488 ut
1498 1440 1630 1488 bene

566 1511 701 1561 vidit
740 1512 1071 1577 Arntzenius,
1108 1516 1192 1565 hic
1231 1514 1402 1565 foret:
1451 1517 1628 1567 Quid?

565 1588 702 1654 quod
751 1591 877 1640 duos
923 1601 1185 1640 senatores
1231 1593 1429 1654 pariter
1470 1594 1628 1644 tertio

563 1668 833 1715 consulatu
867 1667 1146 1727 honorasti,
1172 1668 1278 1717 sive
1310 1668 1439 1717 duos
1471 1669 1628 1719 tertio

564 1745 802 1792 consules
834 1742 1026 1804 fecisti,
1050 1759 1166 1792 cum
1197 1744 1307 1806 ipse
1337 1752 1417 1792 ter
1445 1748 1626 1796 consul

562 1835 732 1880 esses;
774 1821 927 1868 immo
972 1820 1059 1869 lios
1099 1820 1227 1869 duos
1265 1822 1493 1884 collegas
1536 1824 1626 1873 ad·

560 1897 775 1951 scivisti,
800 1904 855 1945 et
892 1897 1173 1946 sanctitate
1215 1899 1356 1946 tertii
1392 1901 1626 1950 consula·

561 1981 644 2022 tus
661 1975 732 2021 tui
745 1974 1127 2040 condecorasti,
1143 1975 1627 2040 splendidioresque

561 2049 850 2097 reddidisti.
906 2049 1260 2112 Scilicet,jam
1285 2051 1623 2102 honorificum

560 2125 622 2175 iis
647 2134 781 2189 erat,
803 2141 928 2189 quos
953 2128 1129 2176 Caesar
1152 2129 1293 2177 tertii
1323 2131 1623 2180 consulatus

559 2204 753 2252 honore
787 2213 1015 2259 ornaret,
1047 2212 1102 2254 et
1140 2218 1353 2254 numero
1385 2208 1623 2257 consula·

560 2286 705 2329 tuum
737 2280 832 2329 sibi
865 2288 1187 2344 exaequaret‚
1220 2295 1334 2329 cum
1371 2282 1485 2344 ipse
1522 2291 1623 2331 ter·

557 2359 682 2405 tium
720 2358 897 2406 consul
932 2364 1102 2418 esset3
1137 2368 1192 2407 at
1225 2358 1386 2407 multo
1421 2359 1622 2409 lionori-

558 2431 794 2482 ficentius
847 2432 1272 2498 splendidiusque
1328 2440 1460 2499 erat,
1504 2451 1621 2487 cnm

556 2508 764 2558 eosdem
803 2509 1028 2571 collegas
1064 2509 1159 2559 sibi
1199 2509 1537 2576 adscisceret,
1569 2523 1622 2564 et

556 2586 700 2633 tertii
719 2586 1007 2634 consulatus
1027 2587 1104 2635 sui
1125 2590 1388 2637 consortio
1407 2597 1459 2639 et
1475 2605 1620 2641 sauc-

557 2660 708 2707 titate
734 2660 1045 2721 dignaretur.
1116 2662 1285 2711 Multo
1311 2672 1480 2714 autem
1507 2666 1620 2729 dig·

555 2735 669 2782 nius
705 2737 1007 2798 graviusque
1031 2745 1111 2785 est
1138 2752 1321 2787 nomen
1344 2743 1621 2807 sanctitate,

553 2826 704 2875 quarn
742 2819 798 2860 ut
834 2826 924 2873 pro
958 2826 1020 2860 eo
1045 2813 1278 2874 recipere
1305 2818 1521 2867 velimus
1545 2836 1619 2868 so·

552 2889 742 2952 cietate,
763 2888 896 2952 quod
935 2889 984 2937 iu
1016 2890 1145 2940 libro
1181 2892 1429 2943 vossiano
1458 2910 1618 2946 anno-

555 2975 720 3017 tatum
757 2974 855 3027 est,
889 2975 942 3015 et
975 2967 1112 3031 quod
1147 2967 1286 3019 forte
1321 2978 1496 3022 natum
1534 2982 1618 3025 est

552 3058 618 3093 ex
667 3045 1029 3108 compendiosa
1079 3047 1334 3110 scriptura
1385 3050 1619 3103 vocabuli

550 3123 739 3183 scitote,
763 3139 877 3188 quae
906 3124 956 3172 in
982 3124 1213 3174 Catanaei
1241 3126 1468 3178 editione
1500 3129 1613 3180 Me-

550 3200 835 3250 diolanensi
877 3216 959 3250 an.
1003 3204 1146 3250 1506.
1195 3212 1248 3252 et
1287 3204 1489 3255 Veneta
1527 3222 1615 3258 an.

551 3279 697 3325 1510.
719 3277 968 3326 occurrit.
1002 3277 1243 3326 Schwarz.

619 3353 878 3400 Consulatu
917 3356 1035 3402 duos
1070 3356 1296 3419 collegas]
1354 3359 1616 3409 Consulatu

546 3431 752 3490 collegas
786 3432 957 3481 Livin.
985 3433 1034 3480 in
1070 3440 1216 3483 textu
1241 3451 1255 3496 3
1292 3436 1382 3484 sed
1407 3438 1454 3484 in
1481 3452 1613 3486 mar-

550 3507 685 3570 gine,
708 3510 970 3557 Consulatu
991 3511 1106 3557 duos
1126 3512 1328 3572 collegas
1347 3514 1413 3562 V.
1448 3514 1614 3564 Licin.

613 3582 915 3631 Extendendi
932 3585 1197 3633 consulatus
1210 3586 1309 3649 tui]
1345 3588 1449 3637 Pro
1467 3603 1611 3640 more

543 3657 748 3706 illorum
775 3654 1084 3720 temporum,
1105 3668 1160 3709 ut
1176 3661 1285 3723 jam
1307 3678 1463 3726 supra
1484 3665 1613 3728 dixi,

546 3734 847 3784 consulatus
874 3734 1176 3797 plerumque
1202 3745 1400 3788 tantum
1426 3741 1609 3791 bimes-

546 3819 651 3861 tres
675 3818 857 3868 erant3
892 3809 1023 3858 adeo
1046 3820 1101 3859 et
1120 3814 1369 3878 Trajanus
1393 3818 1610 3882 impera·

546 3897 647 3950 tor,
680 3903 796 3937 cum
827 3887 891 3937 A.
916 3887 975 3936 C.
1002 3891 1108 3936 100.
1142 3890 1380 3942 Calendis
1414 3895 1609 3947 Jauua.

543 3965 634 4014 riis
669 3964 870 4014 iniisset
901 3963 1222 4014 consulatum
1264 3969 1496 4026 tertium,
1528 3973 1606 4022 ni.

540 4042 612 4092 bil
651 4051 844 4104 praeter
879 4054 1069 4092 morem
1104 4039 1331 4106 fecisset,
1364 4047 1426 4102 si,
1456 4047 1609 4101 finito

540 4132 721 4169 mense
752 4116 1055 4174 Februario,
1092 4132 1207 4167 eum
1244 4119 1603 4189 deposuisset3

540 4193 651 4251 sed,
677 4201 732 4242 ut
765 4208 865 4242 non
895 4209 1044 4255 unum
1071 4195 1323 4247 duntaxat
1345 4214 1409 4247 ex
1435 4203 1606 4263 priva-

541 4269 627 4327 tis.
655 4283 840 4334 nempe
875 4271 1206 4335 Frontonem,
1235 4288 1410 4327 mense
1439 4277 1606 4333 Janu·

1268 376 1484 425 NOTAE

1538 377 1947 427 vamonust
2004 380 2083 428 tu

1710 520 1824 571 ario
1843 528 1898 571 et
1915 522 2223 586 Februari03
2247 523 2338 575 sed
2357 526 2579 576 alterum
2597 525 2777 587 etiam,

1709 604 1765 646 ut
1809 604 1956 662 puto,
1993 599 2239 649 Acutinm
2283 602 2537 668 Nervam,
2573 605 2777 666 collegii

1706 674 1782 723 sui
1832 676 2026 724 honore
2071 676 2466 735 condecet-aret,
2513 687 2776 745 utrosque,

1706 752 1925 801 alterum
1957 754 2164 817 quidem
2195 763 2318 818 post
2348 758 2591 820 alterum,
2610 760 2775 810 adsci-

1708 828 1783 876 vit
1807 828 1906 877 sibi
1929 831 2154 894 collegas
2177 834 2498 891 consulatus,
2521 851 2651 899 quos
2674 839 2775 898 pri·

1706 920 1764 953 us
1778 903 2145 969 designaverat
2162 922 2661 976 nuncupatis-ratque
2677 925 2775 963 ter·

1708 981 1779 1031 tio
1790 984 2048 1034 consules.
2080 984 2233 1035 Quod
2253 989 2546 1049 exemplum
2562 989 2775 1052 Trajani

1706 1056 1816 1107 fere
1851 1058 2082 1110 imitatus
2114 1068 2194 1110 est
2217 1063 2329 1123 eJus
2352 1078 2640 1126 successor,
2666 1067 2773 1116 Ha·

1706 1134 1933 1196 drianus,
1971 1136 2067 1185 nisi
2103 1137 2239 1200 quod
2277 1138 2361 1189 bic
2403 1141 2573 1202 plures
2613 1144 2772 1194 tertio

1705 1211 2034 1276 secundoque
2070 1216 2309 1264 consules
2340 1213 2529 1267 secisse
2552 1217 2773 1268 dicatur.

1704 1288 1808 1339 Hic
1842 1290 2001 1349 enim,
2036 1288 2299 1340 referente
2331 1293 2630 1356 spartiano,
2652 1312 2701 1346 c.
2722 1300 2772 1347 8.

1704 1371 1717 1393 ⁴
1743 1364 1924 1414 Tertio
1960 1368 2217 1428 consules,
2239 1383 2354 1419 cum
2390 1371 2502 1431 ipse
2535 1378 2619 1422 ter
2649 1372 2773 1423 fnis-

1704 1447 1806 1499 set,
1843 1441 2091 1502 plurimos
2127 1440 2290 1504 fecit3
2333 1444 2562 1496 infinitos
2593 1456 2770 1501 autem

1703 1517 1917 1567 secundi
1939 1520 2235 1569 consulatus
2257 1521 2447 1572 bonore
2468 1525 2773 1576 cumulavit.

1704 1595 1881 1657 Ipsum
1907 1604 2081 1645 autem
2115 1598 2326 1648 tertium
2349 1601 2696 1663 consulatum,
2718 1614 2772 1654 et

1704 1677 1925 1735 quatuor
1955 1673 2218 1724 mensibus
2249 1683 2450 1725 tantum
2483 1679 2615 1741 egit,
2641 1681 2770 1732 etin

1701 1762 1762 1797 eo
1784 1762 1923 1811 saepe
1939 1748 2027 1811 jus
2051 1748 2219 1800 dixit:
2284 1751 2514 1803 Omnino
2545 1769 2771 1807 summus

1700 1824 1861 1873 bonor
1883 1834 2019 1886 erat,
2037 1827 2359 1878 consulatum
2384 1844 2502 1880 cum
2527 1831 2770 1896 principe

1699 1914 1901 1964 gerere,
1939 1909 1990 1951 et
2031 1903 2282 1966 principis
2324 1906 2577 1969 collegam
2621 1922 2769 1959 esse:

1698 1990 1835 2037 cum,
1856 1976 1995 2040 quod
2030 1978 2309 2028 Salmasius
2338 1981 2403 2029 ad
2428 1983 2694 2045 spartian.
2715 1985 2767 2035 in

1701 2052 1989 2115 Hadriano,
2023 2069 2071 2105 c.
2102 2059 2150 2105 8.
2183 2057 2502 2120 observavit,
2539 2068 2667 2111 tunc
2703 2063 2767 2113 de

1698 2129 1904 2194 fastigio
1934 2145 2026 2181 suo
2049 2132 2365 2182 descendere
2388 2134 2767 2199 quodammodo

1699 2206 2087 2257 existimaretur
2103 2211 2406 2273 imperator,
2418 2219 2474 2261 et
2491 2213 2544 2263 in
2564 2228 2767 2278 equum

1700 2284 1879 2332 venire
1910 2298 2024 2334 cum
2060 2286 2296 2350 privatis,
2319 2286 2440 2338 dnm
2463 2303 2581 2338 eum
2606 2290 2769 2341 bono-

1698 2372 1805 2407 rem
1835 2374 1937 2408 nou
1969 2361 2125 2416 solus.
2149 2362 2241 2412 sed
2273 2377 2387 2412 cum
2413 2364 2598 2428 altero,
2619 2382 2768 2431 gere·

1698 2441 1797 2485 ret.
1863 2436 1993 2486 Cum
2028 2438 2184 2502 enim,
2210 2446 2344 2489 teste
2365 2441 2583 2495 Sueten.
2606 2458 2657 2494 c.
2679 2447 2764 2497 st.

1699 2510 2015 2564 'Octavianus
2062 2515 2327 2580 Augustus
2375 2520 2639 2582 exigeret,
2685 2529 2764 2587 ut,

1698 2593 1902 2656 quoties
1926 2594 2217 2642 consulatus
2242 2595 2337 2644 sibi
2363 2595 2593 2655 daretur.
2619 2599 2765 2650 binos

1698 2682 1793 2731 pro
1817 2668 2032 2732 singulis
2051 2670 2275 2732 collegas
2294 2671 2526 2729 haberet.
2545 2688 2647 2725 non
2672 2676 2766 2725 ob·

1697 2744 1875 2807 tinuit,
1910 2746 2302 2796 reclamantibus
2333 2749 2556 2804 cunctis,
2591 2750 2609 2777 ‘
2631 2752 2764 2801 satis

1697 2820 2017 2882 majestatem
2052 2822 2165 2884 ejus
2204 2823 2456 2886 imminui,
2489 2827 2630 2890 quod
2674 2829 2765 2880 ho·

1695 2909 1871 2945 norem
1897 2910 2012 2946 eum
2043 2912 2143 2946 nou
2175 2899 2334 2959 solus,
2355 2900 2447 2949 sed
2477 2916 2599 2952 cnm
2631 2904 2765 2954 alte·

1695 2987 1771 3034 ro,
1789 2972 2035 3037 gereret.’
2102 2974 2242 3024 Hinc
2264 2973 2479 3035 factum.
2500 2987 2556 3028 ut
2580 2995 2763 3033 omnes

1696 3057 1814 3114 post
1834 3050 2218 3099 Diocletianum
2239 3053 2500 3117 principes
2516 3056 2655 3108 hunc
2673 3059 2763 3109 ho·

1694 3141 1870 3176 noretn
1894 3142 2010 3177 cum
2034 3127 2248 3190 privatis
2263 3133 2651 3184 communicare
2670 3135 2763 3184 de-

1691 3204 1892 3260 sierint,
1922 3219 2081 3268 usqne
2116 3205 2181 3255 ad
2216 3205 2502 3271 sulianum,
2532 3211 2763 3275 qui,'ve-

1693 3288 1805 3331 tere
1831 3295 1972 3331 more
1995 3282 2256 3344 restituto,
2275 3283 2540 3335 referente
2564 3286 2763 3338 Ammi-

1692 3373 1789 3408 ano
1816 3359 1850 3406 l.
1872 3370 2045 3407 xxm.
2068 3357 2204 3422 ‘jam
2231 3366 2310 3410 ter
2327 3363 2536 3411 consule
2557 3363 2762 3417 adscito

1691 3434 1741 3483 in
1782 3434 2055 3497 collegium
2091 3436 2287 3485 trabeae
2320 3438 2591 3496 Sallustio,
2627 3456 2763 3504 prae·

1689 3508 1834 3561 fecto
1880 3525 1975 3573 per
2013 3511 2229 3577 Gallias,
2264 3522 2448 3578 qnater
2494 3516 2612 3579 ipse
2652 3533 2763 3570 am·

1689 3587 1969 3650 plissimum
1994 3588 2180 3639 inierat
2207 3592 2587 3655 magistratum,
2605 3602 2665 3644 nt
2691 3597 2762 3646 vi-

1688 3662 1908 3713 deretur
1946 3679 2149 3723 novum,
2173 3665 2471 3729 adjunctum
2504 3684 2624 3720 esse
2652 3670 2763 3723 An-

1688 3749 1840 3804 gusto
1859 3742 2148 3805 privatum;
2181 3745 2335 3808 quod,
2357 3753 2473 3807 post
2502 3747 2762 3800 Diocleti-

1687 3833 1836 3868 anum
1862 3827 1916 3870 et
1938 3818 2307 3881 Aristobulum,
2322 3824 2491 3872 nullus
2509 3827 2761 3881 memine-

1689 3903 1767 3943 rat
1798 3894 2036 3957 gestum.’
2106 3895 2168 3947 Id
2202 3898 2370 3950 adbuc
2402 3900 2560 3966 addo,
2582 3903 2634 3953 in
2670 3920 2756 3957 co-

1686 3970 1805 4021 dice
1838 3971 2307 4037 Guelpberbytano
2341 3978 2444 4042 legi
2477 3982 2755 4046 esua-di,

1686 4064 1782 4113 pro
1803 4052 2108 4101 extendendi.
2140 4053 2403 4107 Scltsrara.

1748 4126 2078 4190 Extendendi]
2113 4129 2275 4191 Ecce,
2310 4144 2405 4193 pro
2440 4144 2604 4189 more,
2636 4142 2753 4197 post

1684 4202 1813 4253 duos
1844 4218 2044 4254 menses
2067 4205 2331 4257 debuisset
2353 4206 2545 4258 cedere
2569 4224 2749 4263 consa-

1686 4281 1798 4337 latu
1830 4283 2119 4348 Trnjmus:
2142 4298 2296 4337 ,nnnc
2325 4300 2429 4338 non
2458 4284 2623 4352 fecitg
2659 4290 2749 4343 sed
