3060 4902
752 418 819 466 0.
867 415 1105 466 PLtNtt
1157 416 1490 467 suevum
1540 418 1818 468 PANEG.

303 577 421 632 quae
459 563 513 613 in
551 561 797 612 omnibus
838 561 989 610 editis
1023 560 1169 610 libris
1206 567 1375 622 extat,

304 659 365 693 ac
404 642 647 692 codicum
696 640 855 688 etiam
892 639 1021 687 Mas.
1058 638 1375 688 auctoritate

304 721 599 769 stabilitur.
649 715 953 766 Particulas
974 724 1150 765 autem
1177 716 1291 764 illas
1315 731 1375 765 ne

301 798 514 858 quidem,
537 794 636 843 hoc
659 793 773 842 loco
790 791 1109 855 explicamus
1129 805 1222 854 per
1237 791 1253 819 4
1271 805 1372 840 non

301 872 528 930 saltem,'
555 880 570 905 ⁸
587 887 689 920 non
713 868 1006 926 duntaxat,’
1032 871 1257 935 aliasque
1282 871 1373 918 ltu·

292 952 382 1015 jus
408 950 621 1015 generis
649 947 920 998 formulas.
984 946 1097 995 Ista
1132 954 1276 996 certe
1303 948 1373 995 lo·

299 1029 494 1091 qnendi
520 1028 660 1076 ratio
681 1023 928 1089 frequens
957 1025 1182 1073 occurrit
1206 1024 1256 1073 in
1284 1039 1373 1073 an·

299 1105 461 1169 tiquis
488 1103 829 1168 probatisque
852 1100 1190 1164 scriptoribus
1212 1115 1227 1159 ς
1257 1115 1301 1149 ν.
1322 1116 1372 1164 g.

301 1181 441 1245 apud
466 1180 580 1229 Cic.
619 1180 683 1227 ad
710 1178 871 1227 Attie-
896 1189 977 1225 tx.
1003 1181 1048 1227 l.
1081 1183 1097 1205 ‘
1122 1176 1372 1232 Mirabar,

299 1259 426 1307 nihil
472 1258 688 1307 allatum
730 1269 864 1317 esse,
905 1268 972 1302 ne
1013 1252 1231 1302 rumoris
1260 1254 1372 1317 qui·

301 1336 416 1385 dem
444 1334 479 1396 ς’
538 1336 574 1383 i.
623 1347 672 1383 e.
715 1346 819 1381 non
866 1344 1121 1380 rumorem
1170 1330 1371 1379 saltem.

299 1411 500 1462 Confer
519 1410 721 1461 Sanctii
746 1410 971 1458 Minerv.
1007 1420 1056 1456 c.
1095 1420 1220 1457 xiv,
1251 1421 1370 1469 pag.

299 1495 413 1539 570.
474 1490 684 1538 Plinius
703 1485 905 1536 scilicet
931 1482 1166 1532 laudavit
1188 1483 1370 1545 Traja-

298 1580 440 1628 nnm,
459 1566 598 1631 qnod
622 1564 705 1612 tric
728 1576 878 1624 aequo
902 1561 1072 1608 animo
1105 1561 1305 1622 tulerit,
1328 1559 1369 1607 si

298 1644 385 1707 qui
430 1640 702 1692 beneficiis
749 1637 1018 1702 donisque,
1062 1650 1176 1684 cnm
1223 1651 1253 1684 a
1298 1649 1370 1699 se,

298 1728 408 1767 tum
432 1734 459 1767 a
487 1727 640 1782 patre
666 1731 778 1779 suo,
803 1715 999 1769 Nerva,
1024 1713 1289 1767 cumulati,
1315 1714 1367 1761 in

299 1796 628 1844 testamentis
667 1794 834 1856 ipsum
873 1790 1226 1854 praeterierint
1259 1791 1368 1839 sine

297 1873 429 1935 grati
452 1872 613 1921 animi
636 1868 1010 1933 significatione
1035 1880 1049 1926 ;
1085 1881 1198 1915 cum
1227 1874 1366 1915 cete·

297 1950 338 1997 ri
376 1949 663 2013 principes,
699 1945 744 1995 si
786 1959 885 1993 non
928 1949 1062 1992 totas
1091 1941 1366 1991 facultates

297 2027 637 2090 privatorum,
673 2013 856 2071 saltem
899 2027 1071 2069 tamen
1106 2018 1156 2067 id
1187 2033 1252 2067 ex
1278 2020 1366 2068 lte-

296 2102 526 2151 reditate.
565 2108 862 2149 senatorum
898 2096 1191 2159 civiumque
1234 2111 1365 2144 mor-

300 2185 504 2227 tuorum
527 2176 623 2226 sibi
650 2173 982 2224 referendum
1014 2173 1365 2235 expectarint,

295 2264 351 2303 et
396 2255 543 2317 qnasi
597 2267 689 2301 sno
732 2252 831 2300 sibi
869 2250 993 2313 jure
1035 2251 1362 2313 repetierint,

296 2331 430 2393 qnod
472 2329 588 2379 istis
625 2328 756 2378 vivis
792 2327 857 2375 de
890 2341 983 2375 suo
1007 2326 1361 2376 donavisseut.

296 2407 403 2458 Pro
443 2407 608 2459 verbo
637 2406 802 2468 duxit,
832 2403 999 2454 codex
1024 2404 1251 2453 Venetus
1277 2405 1359 2451 ha-

295 2484 385 2536 bet
426 2487 580 2542 dixit.
620 2493 674 2535 et
715 2481 1124 2546 salisburgensis
1159 2482 1361 2529 dixerit.

292 2563 396 2613 Sed
424 2564 600 2626 piacet
619 2562 831 2624 vulgata
856 2561 1030 2609 lectio.
1068 2558 1308 2608 Schwarz.

364 2642 434 2689 Ut
477 2641 684 2701 Regum.
721 2639 793 2686 ita
840 2638 1104 2695 cessurum,
1141 2634 1360 2696 munem]

292 2717 310 2744 4
332 2715 490 2780 Regis
513 2716 525 2736 '
558 2725 615 2765 et
661 2712 881 2778 ‘regni,’
927 2713 1134 2761 nomina
1174 2713 1361 2761 Roma-

292 2793 388 2856 nis,
423 2794 474 2842 in
507 2791 671 2841 libera
695 2790 928 2854 inprimis
950 2789 1237 2853 republica,
1273 2790 1360 2838 ad·

293 2869 503 2919 modum
535 2868 686 2917 fuere
725 2867 907 2927 invisa,
942 2867 1018 2915 ita
1066 2874 1122 2914 ut
1161 2872 1358 2915 tantum

293 2960 395 2994 non
446 2946 462 2972 4
491 2942 618 2994 rex'
660 2957 754 3008 pro
802 2950 1042 3006 tyranno,
1077 2948 1093 2970 ‘
1114 2957 1327 3003 regnum
1347 2941 1360 2963 '

292 3037 386 3086 pro
421 3020 702 3086 tyrannide
726 3019 1011 3069 diceretur.
1078 3018 1231 3067 Unde
1265 3020 1357 3066 La-

290 3101 430 3147 tinus
470 3099 658 3147 Pacat.
694 3111 810 3161 cap.
847 3101 930 3146 2⁰.
969 3096 1113 3151 dicit,
1156 3106 1358 3146 veteres

291 3174 574 3230 Romanos,
615 3182 733 3236 post
765 3180 977 3222 exactos
1011 3186 1177 3234 reges,
1212 3179 1357 3235 ‘reg-

289 3264 411 3298 num
434 3265 600 3312 usqne
626 3249 689 3298 ad
716 3263 900 3297 nomen
919 3247 1123 3296 odisse.'
1157 3249 1359 3309 Tyran-

290 3338 385 3375 nus
408 3336 588 3375 antem
615 3327 656 3374 is
681 3326 988 3385 habebatur,
1008 3326 1090 3388 qni
1114 3340 1215 3373 non
1233 3326 1357 3388 jure

290 3412 346 3453 et
388 3405 555 3467 equis
593 3404 814 3467 legibus,
855 3402 944 3452 sed
981 3404 1026 3451 vi
1059 3412 1112 3451 et
1134 3404 1355 3467 quadani

292 3481 448 3530 animi
496 3480 734 3542 libidine,
776 3479 1146 3530 dominaretur.
1221 3481 1356 3531 Hinc

289 3560 395 3624 qui,
420 3565 542 3623 post
566 3566 814 3609 mutatam
848 3559 1155 3623 reipublicae
1179 3559 1354 3607 liberae

288 3635 529 3696 formam,
564 3650 777 3685 snmmae
804 3650 973 3685 rerum
1001 3636 1136 3697 apud
1169 3636 1355 3684 Roma-

287 3726 380 3760 nos
404 3719 687 3777 praeerant,
712 3728 810 3762 non
837 3712 852 3740 ‘
875 3712 1060 3775 regens
1082 3712 1171 3760 sed
1208 3720 1221 3741 ‘
1241 3713 1355 3762 Cae-

285 3788 471 3849 sares,'
493 3790 512 3819 4
538 3787 801 3854 Augusti,’
819 3797 875 3840 et
899 3792 915 3818 4
944 3788 1240 3852 principes‚'
1266 3803 1354 3852 ap·

287 3865 469 3928 pellari
489 3874 890 3915 consueverunt.
937 3866 1023 3915 Sic
1045 3866 1152 3915 Jul.
1180 3866 1356 3914 Caesar

288 3943 427 4006 plebi
477 3956 652 4006 regem
689 3958 744 3992 se
782 3943 1050 3996 salutanti.
1091 3943 1353 3991 Cat-sarem

287 4033 358 4079 sc,
381 4033 486 4069 non
511 4032 688 4081 regem
712 4032 846 4074 esse,
871 4018 1159 4081 respondit.
1225 4017 1351 4066 Sue·

290 4101 395 4144 ton.
416 4096 557 4145 Caes.
590 4110 640 4145 c.
666 4098 751 4144 ⁷9.
821 4096 889 4144 Et
911 4096 1077 4143 Tacit.
1101 4094 1290 4143 Annal.
1314 4109 1353 4143 ι.

290 4176 333 4221 1.
365 4170 551 4232 tradit,
575 4170 868 4235 Augustum
902 4176 917 4201 ⁸
938 4178 1127 4220 cuncta
1159 4171 1353 4220 discor·

287 4248 380 4297 diis
411 4248 653 4298 civilibus
688 4247 823 4296 fessa
864 4249 1067 4297 nomine
1102 4248 1352 4313 principis

288 4326 381 4377 sub
406 4325 679 4391 imperinm
713 4325 980 4390 accepisse
1004 4325 1040 4388 ;’
1076 4333 1129 4376 et
1161 4338 1276 4390 cap.
1304 4332 1355 4377 9.

1898 420 1946 468 ι.
1978 405 2085 469 43.
2392 407 2523 472 693

1453 561 1516 611 ab
1546 561 1801 625 Augusto,
1841 562 1858 592 ‘
1876 577 1979 612 non
2004 577 2185 627 regno,
2220 577 2387 627 neque
2411 564 2518 615 dic-

1455 646 1647 698 tatura,
1671 641 1762 688 sed
1790 641 2037 703 principis
2070 642 2293 700 nomine,
2326 644 2521 692 consti-

1454 722 1620 766 tutam
1645 731 1762 765 esse
1782 718 2186 778 rempublicam-⁹
2216 718 2387 767 Etiam
2410 718 2520 768 Au-

1451 792 1545 840 rel.
1569 793 1780 854 Victor,
1805 793 1946 855 Epit.
1973 809 2019 843 c.
2043 798 2087 841 1.
2112 794 2203 854 ait,
2239 795 2252 820 ‘
2270 794 2387 843 Mos
2418 795 2517 843 Ro·

1449 881 1549 916 mae
1597 869 1852 931 repetitus
1896 869 1984 917 uni
2032 884 2238 931 prorsus
2283 872 2522 933 parendi,

1451 959 1546 1007 pro
1585 959 1724 1006 rege,
1769 946 2107 1009 imperatore,
2144 948 2222 993 vel
2260 948 2517 997 sanctiore

1450 1022 1654 1069 nomine
1681 1022 1933 1082 Augusto,
1961 1022 2264 1086 appellato.'
2304 1025 2384 1073 De
2404 1026 2514 1089 qui-

1450 1097 1546 1147 bus
1576 1099 1944 1162 imperatorum
1971 1102 2313 1149 Romanorum
2333 1104 2515 1165 appel-

1451 1175 1729 1225 lationibus
1746 1192 1895 1226 uerno
1914 1179 2208 1226 accuratius
2226 1178 2334 1240 egit
2349 1179 2515 1241 Span-

1448 1253 1617 1303 hemio
1641 1255 1705 1304 de
1732 1258 1839 1305 Usu
1861 1266 1913 1306 et
1943 1259 2219 1306 Praestant.
2256 1259 2515 1310 Numisnt.

1450 1331 1672 1381 Dissert.
1698 1346 1803 1382 xn.
1830 1349 1879 1396 p.
1898 1339 2174 1386 342—358.
2247 1337 2410 1385 Erant
2438 1344 2513 1385 ta·

1448 1420 1566 1454 men
1614 1409 1770 1457 etiam
1829 1411 1963 1460 inter
2005 1412 2094 1461 lios
2144 1413 2401 1475 principes
2459 1423 2514 1463 et

1444 1484 1683 1533 Coesares
1724 1488 1961 1537 omnibus
2004 1490 2211 1552 regibus
2255 1492 2513 1541 avidiores

1448 1561 1700 1621 potentiae
1731 1571 1784 1612 et
1823 1565 2080 1625 saeviores,
2105 1567 2175 1613 ita
2201 1574 2258 1615 ut
2282 1568 2512 1630 aliquan-

1446 1636 1513 1684 do
1552 1645 1605 1685 et
1640 1641 1896 1701 ‘speciem
1943 1641 2267 1705 principatus
2303 1643 2354 1691 in
2396 1658 2504 1707 reg·

1446 1712 1497 1759 ni
1548 1710 1764 1762 formam
1816 1717 2153 1766 convertere'
2203 1718 2511 1769 niterentur.

1445 1789 1597 1839 Quod
1644 1792 1904 1854 sigillatim
1944 1795 2010 1842 de
2056 1795 2292 1858 Caligula
2332 1804 2510 1846 narrat

1441 1864 1737 1930 Suetonius,
1764 1869 1815 1916 in
1841 1870 1953 1932 ejus
1980 1871 2107 1930 vita,
2129 1886 2245 1934 cap.
2266 1877 2347 1921 22.
2401 1874 2504 1922 No-

1446 1948 1521 1991 tat
1564 1958 1690 2007 ergo
1726 1953 1779 1994 et
1817 1947 2013 1996 Plinius
2044 1958 2223 1998 noster
2258 1949 2353 1998 hoc
2392 1950 2508 2000 loco

1442 2022 1762 2085 quorundam
1790 2025 2074 2089 hujusmodi
2102 2029 2358 2076 Coesarum
2389 2042 2510 2078 ava-

1444 2097 1636 2157 ritiam,
1660 2100 1747 2161 qui
1773 2109 1985 2163 propter
2016 2117 2233 2151 munera
2256 2103 2306 2151 in
2340 2105 2509 2165 priva·

1445 2179 1523 2221 tos
1551 2183 1703 2224 antea
1728 2178 1938 2234 collata,
1963 2186 2206 2242 tanquam
2238 2180 2431 2228 viscata
2453 2188 2508 2229 et

1441 2250 1647 2300 hamata
1696 2253 1966 2309 beneficia,
2024 2268 2202 2304 eorum
2249 2256 2507 2305 heredita·

1444 2335 1566 2382 tem,
1593 2344 1876 2395 omnesque
1902 2346 2042 2393 saepe
2067 2330 2360 2389 facultates,
2385 2348 2506 2397 cap·

1441 2405 1601 2454 tarint
1624 2406 1824 2469 sibique
1845 2407 2168 2456 vindicarint.
2203 2409 2353 2458 Idem.

1505 2484 1668 2531 Illieos
1690 2485 1807 2533 cibis
1827 2485 2012 2547 hamos]
2039 2487 2259 2549 Elegans
2286 2487 2504 2536 imitatio

1439 2559 1575 2621 ejus,
1616 2561 1750 2621 quod
1787 2575 1815 2608 a
1856 2560 2121 2609 veteribus
2175 2561 2367 2611 dictum
2404 2572 2502 2622 est,

1439 2642 1451 2662 ‘
1476 2636 1694 2685 Munera
1721 2636 1898 2686 hamos
1925 2637 2231 2687 imitantur!
2263 2640 2367 2688 Sed
2395 2642 2501 2688 ele-

1440 2716 1646 2773 gantior
1670 2715 1787 2774 erit,
1817 2716 1878 2769 si,
1913 2730 2005 2775 pro
2031 2717 2363 2779 multiplicata,
2397 2732 2499 2765 me-

1438 2804 1553 2838 cum
1603 2794 1894 2854 reposueris
1942 2793 2225 2855 implebam,-
2259 2807 2373 2841 naut
2416 2794 2502 2842 ha-

1436 2881 1633 2916 morutn
1675 2877 1754 2916 est
1787 2873 1801 2896 4
1825 2869 2131 2931 implicare‚'
2167 2883 2264 2918 non
2300 2871 2499 2919 ‘multi-

1438 2943 1667 3005 plicare’
1707 2945 1942 2992 Rieterslc.

1506 3021 1665 3068 Illilos
1693 3021 1811 3068 cibis
1846 3021 2028 3082 hamos]
2085 3026 2100 3048 4
2123 3021 2350 3069 Hantata
2390 3036 2498 3068 rnu-

1435 3095 1594 3143 nera'
1645 3097 1842 3144 Plinius
1891 3104 2042 3144 vocat
2088 3097 2254 3160 Epist.
2302 3110 2380 3146 tx.
2421 3103 2502 3147 30.

1434 3175 1449 3202 ⁶
1476 3174 1686 3222 viscata
1727 3172 2013 3222 beneficia'
2048 3175 2234 3223 Seuec.
2271 3175 2500 3237 Epistola

1435 3255 1482 3298 8.
1549 3251 1771 3301 Hamum
1824 3251 1959 3314 jacit
2010 3258 2264 3314 captator.
2356 3253 2500 3301 Mar-

1439 3326 1549 3375 tial.
1574 3329 1623 3375 in
1646 3335 1943 3389 captatores
1970 3341 2047 3376 tv.
2072 3333 2153 3376 56.
2186 3330 2202 3355 4
2222 3329 2308 3377 Sic
2335 3331 2499 3379 avidis

1434 3403 1592 3452 fallax
1621 3404 1851 3464 indulget
1878 3403 2103 3466 piscibus
2121 3405 2319 3465 luamus,
2344 3409 2499 3457 (tatti-

1434 3481 1502 3528 da
1558 3483 1632 3529 sic
1679 3482 1865 3529 stultas
1914 3480 2115 3544 decipit
2165 3495 2288 3530 esca
2329 3481 2496 3533 feras:

1434 3558 1592 3605 Rern.

1508 3634 1646 3682 Velut
1666 3634 1836 3682 hausta
1853 3639 1898 3682 et
1916 3633 2182 3696 implicata]
2211 3634 2345 3683 Velut
2362 3638 2498 3686 liaus-

1432 3718 1483 3760 la
1504 3719 1550 3761 et
1575 3713 1816 3775 implicata
1843 3713 2007 3760 Liviu.
2077 3711 2214 3775 Vidi,
2237 3714 2320 3775 qui
2342 3716 2496 3777 impli-

1430 3795 1555 3849 cata,
1599 3800 1684 3838 aut
1735 3791 1984 3851 implicita,
2028 3789 2313 3852 probaret;
2372 3793 2494 3838 milti

1432 3866 1654 3926 placeat,
1700 3868 1824 3914 relat
1881 3871 2022 3915 aucta
2069 3870 2117 3914 et
2166 3866 2497 3929 multiplicata.

1437 3942 1602 3991 Lirin.

1499 4020 1715 4083 Housta]
1743 4019 2041 4081 Legendum
2060 4024 2233 4076 ουσία,-
2254 4021 2294 4068 si
2321 4029 2494 4069 tamen

1429 4110 1650 4159 sequens
1677 4111 1773 4143 vox
1799 4096 2115 4157 multiplicata
2136 4097 2335 4143 sedeat.
2388 4097 2494 4144 Pro

1432 4189 1532 4237 qua
1570 4174 1654 4223 alii
1694 4174 1809 4222 libri
1847 4173 2123 4235 implicatu
2158 4182 2211 4220 et
2245 4172 2361 4219 milti
2391 4189 2491 4222 non

1431 4250 1720 4313 displiceat,
1747 4251 2027 4313 aptiusque
2059 4248 2129 4296 ita
2153 4246 2215 4296 ad
2243 4249 2401 4297 hamos
2424 4252 2492 4299 Ia·

1429 4342 1657 4391 queosque
1692 4326 1902 4375 referas.
1976 4325 2124 4373 Bona
2160 4326 2243 4374 illa
2272 4326 2495 4376 Caesaris
