3060 4902
520 323 693 395 1050

518 487 904 538 cohabitatione
945 486 1166 537 militnm
1212 486 1309 536 sub
1354 502 1455 537 uno
1507 493 1585 538 ta·

516 565 794 616 herunculo
834 571 1145 624 sumeretur,
1166 570 1220 613 et
1244 563 1278 612 ii
1304 564 1390 628 qui
1426 579 1586 626 expe·

517 639 772 689 ditionum
796 638 1035 694 comites,
1060 637 1245 686 iisdem
1282 638 1410 686 tecti
1437 638 1584 700 pelli·

513 716 630 778 bns,
666 730 727 765 ac
760 713 978 779 proinde
1000 714 1194 777 majore
1224 714 1397 777 juncti
1430 720 1583 764 erant

514 792 918 854 necessitudine,
965 789 1439 841 ‘contubernales’
1491 806 1583 855 ap·

516 871 852 933 pellerentur.
939 867 1076 916 Vide
1130 868 1456 917 Torrentium
1514 868 1580 917 ad

512 948 727 998 Sueton.
751 948 909 1009 Vesp.
943 960 990 995 c.
1014 951 1062 993 8.
1097 946 1246 994 Idem.

584 1026 876 1074 Desiderare
913 1021 1172 1087 principem
1209 1019 1579 1083 desiderantem]

513 1101 855 1165 Participiutn
872 1101 1230 1162 desiderantem,
1248 1098 1383 1163 quod
1406 1099 1456 1147 in
1478 1113 1579 1147 nou

514 1180 667 1229 nullis
685 1177 846 1226 ·1ibris
883 1177 1161 1239 impressis,
1184 1182 1238 1223 et
1269 1176 1437 1224 adhuc
1461 1176 1580 1225 Cel·

510 1255 740 1308 larianis,
760 1253 1000 1301 omissum
1025 1259 1124 1314 est,
1148 1252 1320 1301 inveni
1346 1253 1394 1301 iu
1418 1252 1583 1302 omni-

512 1332 632 1391 bus,
653 1330 838 1393 quibus
863 1343 984 1378 usus
1007 1343 1140 1392 sum,
1156 1328 1423 1377 codicibus
1447 1329 1579 1378 Mss.

506 1406 756 1470 'idemque
782 1404 1043 1453 Livineius
1080 1405 1130 1452 in
1170 1418 1263 1452 suo
1296 1404 1475 1452 codice
1499 1418 1578 1453 re·

510 1489 751 1549 perer-an
775 1497 836 1530 ac
851 1482 961 1544 jam
983 1481 1319 1535 Puteolanus,
1338 1480 1577 1543 Cuspini·

509 1575 661 1624 anus,
684 1561 980 1620 Rhenanus,
1000 1564 1052 1606 et
1078 1557 1215 1606 forte
1238 1557 1343 1618 alii,
1367 1557 1577 1620 evulga-

508 1647 656 1701 runt,
681 1644 737 1688 et
770 1650 907 1686 nunc
943 1635 1254 1685 Arntzenins
1290 1648 1348 1683 ac
1376 1635 1577 1684 Gesne-

513 1729 598 1763 rus
651 1721 770 1763 sunt
813 1712 1058 1775 amplexi.
1128 1712 1298 1774 Digna
1342 1712 1452 1760 haec
1497 1718 1579 1761 est

510 1790 686 1846 lecti0,
709 1804 772 1838 ex
800 1788 1060 1837 sententia
1095 1786 1275 1849 Lipsii‚
1304 1801 1418 1846 quae
1444 1787 1574 1834 reci-

507 1867 722 1930 piatur:
757 1864 1000 1914 convenit
1040 1863 1174 1911 enim
1214 1863 1429 1924 argutiis
1468 1863 1575 1911 Pli-

509 1944 691 1991 niauis.
759 1941 993 2000 Scilicet,
1015 1953 1116 1986 nou
1148 1945 1251 1987 tam
1280 1938 1573 2000 jucundum

507 2029 605 2076 est,
630 2018 933 2082 simpliciter
956 2014 1255 2065 desiderare
1278 2015 1541 2065 absentem
1561 2032 1577 2077 3

510 2112 663 2160 qnam
704 2094 1000 2145 desiderare
1033 2107 1167 2155 eum,
1191 2108 1221 2141 a
1246 2106 1347 2155 quo
1378 2093 1572 2142 sentias

508 2176 667 2224 etiam
715 2181 768 2223 te
809 2170 1112 2220 desiderari.
1178 2170 1307 2218 Cum
1350 2170 1573 2233 primum

505 2251 636 2300 hanc
659 2248 929 2315 proderem
954 2246 1381 2300 observationem,
1404 2262 1466 2295 ea
1494 2261 1573 2295 se·

508 2336 750 2390 quentem
765 2339 1033 2375 censuram
1055 2323 1371 2378 Heumanni,
1389 2323 1575 2373 Poecil.

507 2410 630 2455 tom.
668 2418 751 2455 ιιι.
790 2402 879 2451 lib.
913 2416 987 2450 tv.
1027 2401 1247 2449 meruit:
1285 2400 1457 2448 ‘Dum
1491 2414 1572 2449 se·

508 2481 720 2544 queris,'
754 2479 934 2545 inquit,
969 2480 984 2507 ⁴
1008 2485 1151 2527 tuum
1191 2478 1469 2542 ingenium,
1493 2475 1571 2527 fe-

507 2557 653 2606 licior
676 2570 912 2620 es,qnam
939 2569 1053 2603 cum
1080 2554 1311 2617 sequeris
1336 2554 1570 2602 codicem

507 2642 665 2690 tuum,
713 2634 761 2680 iu
806 2645 906 2695 quo
958 2631 1137 2693 inepta
1196 2629 1402 2691 argutia
1456 2629 1570 2679 haec

502 2709 663 2758 verba
686 2714 885 2768 extant,
908 2706 1173 2755 desiderare
1199 2705 1460 2767 principem
1486 2707 1570 2755 de·

501 2788 805 2837 siderantem.
839 2785 1050 2843 Quaeso,
1073 2790 1129 2831 ut
1153 2784 1369 2846 cogites,
1399 2798 1567 2833 aunon

494 2878 596 2928 pro
628 2863 895 2912 desiderare
929 2859 1201 2924 principem,
1238 2859 1569 2909 scribendum

502 2941 590 3000 sit,
626 2938 889 2990 desiderari
924 2954 954 2987 a
987 2937 1218 3001 principe.
1285 2936 1416 2985 Mihi
1458 2938 1568 3000 qni·

499 3018 621 3067 dem
659 3017 713 3067 id
741 3031 841 3066 nou
876 3022 957 3065 est
991 3011 1235 3064 dubium!
1302 3013 1414 3077 Ego
1439 3015 1568 3063 nibil

502 3094 567 3143 ad
590 3095 705 3143 boec
730 3106 947 3155 regero;
983 3097 1166 3152 repeto
1202 3104 1322 3139 vero
1347 3103 1429 3151 ea,
1450 3104 1566 3153 quse

501 3170 722 3233 regessit
742 3167 1075 3219 Arutzenius:
1111 3167 1127 3196 ‘
1147 3166 1274 3214 Cum
1301 3165 1430 3214 adeo
1452 3181 1565 3215 cer-

500 3253 556 3294 ta
595 3244 743 3301 lia-cf
780 3242 969 3308 inquit,
1001 3248 1014 3269 ‘
1034 3239 1287 3289 habeatur
1313 3241 1420 3289 viro
1450 3255 1566 3289 eru-

498 3321 755 3372 ditissimo
793 3321 1103 3370 Heumanno
1138 3318 1449 3373 emendatio,
1482 3319 1564 3368 de·

496 3397 702 3447 siderori
754 3414 785 3445 a
833 3397 1065 3459 principe,
1116 3407 1308 3449 omnes,
1371 3390 1563 3450 fateor,

498 3471 697 3522 intendi
733 3472 922 3534 ingenii
947 3472 1099 3525 vires,
1123 3477 1179 3519 ut
1205 3469 1429 3532 undique
1458 3472 1564 3520 col·

495 3552 710 3612 ligerem
730 3563 793 3597 ea
812 3556 1135 3611 argumenta,
1154 3547 1337 3611 quibus
1360 3555 1415 3595 et
1438 3547 1561 3596 mihi

495 3625 798 3691 persuaderi
838 3631 1033 3687 posset,
1068 3632 1122 3672 et
1157 3623 1347 3672 veritas
1389 3621 1563 3673 Plinio

497 3702 716 3754 restitui.
786 3700 911 3757 Sed,
948 3701 1033 3764 qui
1073 3713 1215 3747 meus
1250 3706 1331 3747 est
1363 3704 1564 3762 stupor,

494 3780 719 3831 nondum
752 3777 880 3828 adeo
917 3774 1055 3823 felici
1089 3788 1203 3823 esse
1239 3775 1479 3836 contigit,
1502 3782 1562 3824 ut

497 3859 580 3908 vel
604 3858 657 3906 in
682 3854 1024 3906 verosimilem
1059 3850 1282 3914 aliquam
1306 3852 1560 3901 rationem

494 3934 782 3991 inciderim,
805 3946 903 3997 qua
930 3936 1193 3993 permotus
1218 3934 1322 3977 tatu
1356 3928 1507 3992 longe
1529 3944 1562 3979 a

494 4009 736 4059 ductibus
765 4007 1034 4056 literarum
1065 4004 1310 4054 auderem
1345 4005 1561 4056 recede·

493 4096 568 4133 re.
634 4085 850 4143 Contra,
884 4083 938 4131 iu
975 4079 1253 4144 participio
1287 4080 1561 4132 desideran-

491 4166 587 4210 tem
603 4163 764 4211 multo
780 4158 1068 4223 elegantius
1081 4157 1356 4208 videbatur
1371 4159 1561 4218 inesse,

492 4235 630 4304 qnod
666 4235 876 4287 volebat
913 4235 1269 4300 Heumauuus,
1299 4234 1563 4287 desiderari

1219 338 1436 395 NOTAE
1490 343 1896 396 vammum
1949 346 2030 396 ΙΝ

1658 505 1687 537 ιι
1706 488 1949 552 principe.-
1982 490 2057 538 ita
2081 496 2361 554 utrumqne
2379 491 2737 555 conjungeba-

1661 573 1760 628 tur,
1778 575 1835 615 ut
1858 577 1912 616 et
1938 569 2180 631 princeps
2196 568 2521 619 desideraret
2542 573 2732 620 absen-

1660 648 1785 703 tem,
1806 649 1859 691 et
1894 643 2006 706 ipse
2044 644 2230 692 absens
2268 644 2562 709 principem
2594 646 2732 696 desi·

1659 718 1948 769 derantem.
2034 721 2164 770 Ideo
2219 721 2440 771 credere
2491 725 2735 786 sustinui,

1658 796 1783 844 uiliil
1807 798 1969 858 magis
1991 796 2287 845 Plinianum
2313 797 2439 855 dici,
2462 800 2546 848 vel
2584 798 2734 863 fingi,

1659 870 1925 932 potuisse,'
1947 874 2045 922 διε.
2103 871 2372 922 Hactenus
2394 872 2739 926 Arutsenius.

1657 945 1808 995 Idem.

1722 1022 2112 1086 Desidet-antem]
2146 1025 2235 1074 Sic
2261 1024 2544 1085 retinni,nt
2567 1035 2650 1077 est
2678 1030 2732 1078 in

1656 1098 1787 1148 edit.
1827 1100 1997 1149 Paris.
2035 1115 2116 1150 au.
2158 1105 2301 1150 165⁵.
2342 1101 2394 1150 iu
2440 1102 2554 1152 aliis
2601 1104 2731 1155 illud

1658 1175 1869 1224 verbum
1895 1176 2059 1225 deest.
2092 1177 2314 1226 Paean-01.

1727 1252 2014 1302 Desidernre
2052 1254 2315 1316 principem
2353 1255 2728 1321 desides-entem]

1656 1328 1946 1378 Desiderare
1965 1330 2225 1392 principem
2252 1331 2419 1380 Lirin.
2456 1332 2508 1379 iu
2541 1339 2731 1395 textn3

1655 1403 1747 1451 sed
1787 1404 1838 1453 in
1874 1405 2125 1468 margine.
2159 1405 2430 1454 desiderare
2461 1406 2733 1469 principem

1652 1480 1999 1530 desiderantem
2020 1482 2087 1530 V.
2113 1482 2172 1531 C.
2197 1481 2262 1529 R.
2286 1490 2447 1530 recte.
2483 1483 2729 1534 Rittersb.

1718 1558 2010 1608 Desideras-e
2050 1560 2334 1624 principem]
2372 1561 2490 1609 Tali
2528 1561 2732 1610 virtute

1650 1638 1709 1680 et
1736 1632 2083 1696 benignitate,
2103 1641 2159 1682 nt
2183 1635 2326 1682 suavi
2351 1648 2564 1696 semper
2586 1636 2732 1697 eogi-

1652 1709 1849 1757 tatioue
1872 1709 2122 1758 delectet.
2188 1709 2293 1759 Sed
2319 1709 2526 1772 plenius
2552 1718 2729 1761 tamen

1652 1784 2008 1848 argutiusque,
2028 1785 2167 1848 quod
2203 1786 2254 1833 iu
2291 1786 2422 1841 aliis,
2455 1787 2732 1836 desiderare

1648 1861 1907 1924 principem
1927 1862 2288 1912 desiderantem.
2341 1860 2648 1912 Jucnndnsn
2673 1864 2728 1912 iu

1652 1951 1827 1986 amore
1872 1939 1971 1987 etsi
2016 1952 2131 1988 cum
2183 1953 2376 1996 morsu,
2417 1938 2730 1990 desiderare

1652 2013 1937 2070 absentem,
1961 2030 1991 2066 a
2012 2029 2116 2080 quo
2141 2015 2275 2066 scias
2297 2023 2353 2066 et
2376 2023 2429 2065 te
2453 2015 2729 2066 desidera·

1652 2089 1712 2138 ri.
1742 2090 1877 2153 Lips.

1722 2168 1790 2216 Ut
1813 2167 2020 2217 maximo
2040 2166 2212 2229 fruetis
2232 2167 2462 2230 suscepti]
2493 2170 2562 2218 Ut
2580 2185 2722 2220 usa:-

1646 2242 1745 2292 inm
1782 2243 1982 2301 fructus
2021 2245 2243 2309 suscepti.
2308 2244 2532 2293 Maxi-so
2585 2245 2723 2295 bene

1647 2325 1729 2368 est
1769 2320 1820 2368 in
1857 2321 1923 2370 V.
1958 2319 2050 2370 sed
2092 2328 2147 2370 et
2173 2321 2346 2381 snctss
2379 2320 2610 2370 arbitror
2643 2323 2723 2372 le·

1647 2395 1887 2460 gendum,
1917 2410 2016 2446 uon
2041 2395 2256 2457 fractus.
2293 2396 2463 2446 Lirin.

1719 2473 1785 2522 Ut
1809 2474 2016 2523 maximo
2035 2474 2208 2532 fructu
2225 2473 2455 2537 suscepti]
2488 2475 2555 2523 Ut
2577 2490 2719 2524 max·

1644 2547 1741 2597 ima
1762 2547 1960 2608 fructus
2000 2551 2221 2613 suscepti.
2291 2551 2611 2614 Legendnsn,
2659 2559 2720 2602 nt

1644 2625 1929 2690 Livineius,
1960 2628 2168 2678 maxims
2186 2628 2376 2686 fincte.
2439 2627 2559 2678 Quo
2590 2628 2717 2678 illo?

1642 2703 1778 2767 quod
1803 2717 1867 2752 ex
1889 2703 2207 2768 praefectura
2226 2704 2317 2752 illa
2334 2711 2580 2767 suscepta
2595 2719 2717 2769 ges·

1645 2788 1821 2845 taque,
1863 2789 1919 2830 et
1958 2795 2106 2845 opes,
2141 2788 2194 2832 et
2232 2788 2375 2831 tuam
2410 2780 2718 2841 amicitiam,

1645 2859 1844 2907 retulit.
1878 2858 2027 2921 Lips.·

1715 2934 1782 2983 Ut
1804 2936 2014 2984 maximo
2034 2934 2207 2995 fructu
2229 2934 2456 2998 suscepti]
2491 2934 2714 2998 Legitur

1643 3009 1693 3058 in
1729 3010 1966 3060 omuibus
2005 3010 2149 3060 libris
2192 3011 2470 3073 impressis,
2513 3020 2716 3072 preter

1642 3086 2042 3149 Gesnerianum,
2063 3092 2117 3137 at
2149 3087 2575 3145 maximasnctns
2603 3102 2715 3138 sas-

1638 3162 1778 3224 cepts'.
1846 3161 2055 3210 Primus
2079 3161 2378 3212 Livineinst
2414 3167 2429 3190 ‘
2448 3160 2716 3224 Maza-o:

1640 3237 1826 3300 iuquit,
1859 3237 2028 3287 ‘bene
2066 3247 2146 3287 est
2189 3238 2242 3286 iu
2278 3238 2445 3287 veteri
2487 3237 2713 3300 codice3

1640 3313 1731 3363 sed
1758 3323 1813 3364 et
1836 3314 2008 3373 ,ti-ueta
2032 3314 2259 3365 arbitror
2283 3313 2583 3377 legendnm,
2601 3328 2712 3364 uon

1624 3388 1858 3449 sructus.’
1922 3391 2118 3455 Atque,
2155 3405 2240 3451 en,
2277 3391 2355 3440 ita
2388 3390 2587 3440 diserte
2619 3404 2710 3441 co·

1638 3467 1739 3516 dex
1784 3481 1926 3516 meus
1966 3458 2143 3531 habet,
2186 3467 2254 3517 Ut
2289 3468 2499 3517 mxi-no
2531 3466 2711 3526 fructu

1635 3544 1852 3606 suscepti.
1917 3542 2149 3594 Eandem
2191 3543 2472 3597 lectionem
2519 3552 2713 3607 postea

1637 3621 1792 3670 etiam
1816 3618 2135 3684 deprehendi
2166 3619 2217 3668 in
2238 3620 2422 3670 codice
2444 3620 2712 3673 salisbur-

1636 3699 1783 3759 gensi
1833 3705 1889 3748 et
1931 3699 2138 3749 Veneto
2191 3701 2242 3746 2.
2311 3697 2386 3747 At
2428 3698 2482 3747 iu
2522 3697 2712 3749 codice

1637 3774 1891 3824 Vaticano
1912 3777 2059 3823 8⁴61.
2087 3780 2143 3822 et
2163 3773 2425 3824 Pataviuo
2448 3774 2712 3837 scriptum

1635 3859 1737 3905 est,
1779 3855 1835 3900 sst
1877 3849 2085 3899 maximo
2126 3849 2323 3909 fructas
2362 3852 2587 3913 uscepti,
2633 3854 2714 3901 ita

1635 3926 1810 3987 maiore
1850 3926 2053 3990 depositi
2098 3926 2243 3992 officii
2289 3927 2452 3989 glor-2·-
2493 3927 2709 3989 fruitur.

1636 4003 1740 4053 Ubi
1766 4001 2041 4053 manifesto
2063 4016 2259 4066 errore,
2280 4012 2374 4053 aut
2389 4004 2593 4064 fructas
2622 4019 2707 4055 re·

1635 4079 1855 4144 positum
1867 4085 1949 4129 est
1967 4077 2256 4141 prosi-ncta,
2272 4086 2366 4129 ant
2377 4080 2588 4129 maxim
2604 4094 2705 4141 pro

1633 4155 1862 4205 naxium
1909 4154 1974 4203 In
1990 4154 2201 4205 Veneto
2218 4158 2264 4205 1.
2277 4154 2517 4211 ambigue
2536 4156 2703 4220 scrip·

1633 4240 1767 4297 tum,
1783 4232 2040 4298 simulque
2057 4231 2364 4285 vocabulum
2385 4233 2532 4299 efficii
2546 4234 2705 4285 omis·
