3060 4902
763 387 828 434 0.
874 384 1114 434 Pmml
1166 384 1494 435 suenum
1550 385 1822 434 PANEG.

310 526 505 578 ruerat.
592 527 899 578 Suetonium
932 530 1046 592 lege
1076 529 1380 580 Domitiano

310 619 356 656 e.
380 609 464 655 1⁴.
494 605 666 654 Lis-in.

383 681 455 731 Ue
491 684 545 731 in
576 696 626 730 se
658 681 812 744 diota]
831 681 877 734 1.
903 694 950 730 e.
983 688 1224 746 tunquam
1249 682 1299 730 in
1325 696 1381 731 se

310 757 470 808 dictu.
541 756 724 807 Codex
764 759 1000 807 Venetus
1031 763 1080 807 2.
1113 773 1209 821 pro
1254 773 1381 808 voce

308 835 465 895 dictu,
491 835 626 883 mule
662 833 821 884 habet
851 835 1011 883 ducta.
1078 834 1184 883 Sed
1218 836 1381 885 verbu

318 911 482 960 dicere
505 919 561 960 et
582 912 751 960 ducere
780 912 937 960 etium
971 910 1091 959 alibi
1114 909 1382 968 confundi,

314 988 622 1037 observavit
661 989 910 1038 Burman.
938 987 1002 1037 ud
1029 988 1244 1038 Nemes.
1279 989 1380 1036 Bn-

313 1065 416 1112 col.
455 1064 571 1112 Ecl.
616 1076 652 1111 ι.
681 1066 765 1111 63.
830 1063 1124 1124 Praeterea,
1159 1064 1210 1113 in
1247 1064 1380 1114 libro

314 1142 572 1191 Vossisuo
613 1142 806 1205 legitur
839 1145 899 1192 de
936 1158 987 1192 se
1022 1143 1190 1203 «ficta,-
1237 1151 1293 1192 et
1327 1145 1379 1191 in

313 1231 432 1267 meo
455 1216 654 1273 codice,
675 1219 784 1267 dein
799 1234 850 1267 se
872 1218 1020 1268 dicto.
1090 1220 1208 1268 Nou
1233 1220 1379 1268 dnbi-

313 1300 395 1351 to,
437 1291 713 1355 quiaillud
752 1295 810 1341 dc
840 1290 1052 1341 fluxerit
1084 1307 1150 1342 ex
1193 1295 1381 1357 glossa,

313 1368 523 1432 rejecta
562 1369 762 1417 veriore
788 1369 969 1418 rocula
990 1370 1075 1419 in.-
1112 1368 1252 1417 rudis
1293 1385 1381 1418 su-

315 1452 427 1494 tem
473 1443 715 1493 librarius
759 1445 953 1493 codicis
1005 1446 1107 1493 mei
1162 1446 1381 1508 glossam

313 1533 432 1568 cum
459 1532 582 1567 vers
606 1518 825 1566 lectione
844 1521 1167 1583 conjunxerit
1192 1536 1208 1582 ;
1244 1520 1382 1570 unde

312 1602 496 1643 mrum
520 1597 572 1642 ut
595 1595 704 1644 dein
724 1609 776 1643 se
798 1595 942 1645 dicta.
1005 1596 1152 1645 Nihil
1177 1597 1381 1648 facilius

310 1678 418 1732 est,
439 1686 592 1736 quum
615 1673 744 1722 dicta
769 1674 819 1723 in
845 1689 1019 1731 unum,
1039 1676 1197 1724 etism
1222 1677 1273 1724 in
1292 1675 1383 1724 ali-

313 1761 373 1796 os
399 1747 532 1797 truisi
558 1762 725 1809 posse.
762 1749 1016 1801 Quinctil.
1036 1752 1210 1800 Instit.
1230 1752 1385 1802 Orat.

310 1839 365 1873 v.
390 1829 440 1874 8.
462 1824 549 1874 ubi
573 1826 637 1874 de
660 1825 893 1875 dicteriis
914 1829 1055 1891 agit:
1094 1831 1110 1857 ‘
1130 1830 1274 1878 Solet
1297 1844 1384 1879 ac·

313 1902 515 1962 cidere,
561 1909 618 1950 ut
655 1901 729 1964 id,
763 1903 899 1967 quod
934 1906 986 1954 in
1026 1905 1380 1955 adversarium

315 1977 558 2034 dicimus,
597 1985 689 2027 sut
727 1979 779 2027 in
808 1980 1040 2043 judicem
1086 1983 1380 2038 conveniat,

314 2062 409 2104 sut
438 2055 489 2102 in
520 2061 754 2104 nostrum
789 2071 990 2121 qnoque
1031 2058 1382 2121 litigatorem‚’

317 2134 425 2181 dte.
453 2130 623 2183 Julius
646 2132 840 2194 Caessr,
862 2147 955 2195 pro
971 2134 1122 2182 animi
1140 2134 1216 2182 sni
1239 2148 1379 2197 mag-

313 2206 578 2268 nitudine,
619 2207 811 2256 leniter
862 2207 982 2256 tulit
1022 2209 1074 2256 in
1121 2223 1177 2257 se
1220 2209 1380 2259 diets.

312 2283 536 2332 Sueton.
561 2283 697 2332 Caes.
721 2298 769 2333 c.
805 2287 888 2334 ⁷⁶.
920 2290 934 2312 ‘
960 2284 1015 2333 Si
1044 2298 1144 2346 qna
1169 2292 1259 2334 sut
1295 2300 1379 2334 co·

314 2359 617 2422 ‘iterentur
649 2360 859 2423 gravius
896 2359 1141 2409 adversus
1178 2375 1252 2423 se,
1290 2369 1378 2410 aut

316 2435 644 2498 dicerentur,
697 2435 933 2485 inhibere
988 2435 1187 2492 moluit,
1227 2451 1379 2501 qnam

312 2511 618 2561 vindicare!
682 2513 770 2562 Sic
804 2519 859 2562 et
897 2512 1111 2563 Sueton.
1135 2513 1295 2575 Vesp.
1336 2529 1382 2564 c.

317 2591 403 2641 ls.
439 2588 790 2651 Vespuiunus
809 2586 1005 2637 dicitur
1039 2589 1380 2638 ‘csussidico-

315 2677 431 2712 rum
454 2662 647 2725 figuras
668 2667 682 2690 ’
721 2663 983 2714 lenissime
1009 2665 1206 2714 tulisse.
1275 2667 1379 2715 Cu·

302 2738 540 2803 jusmodi
563 2738 755 2801 figuras
778 2741 1015 2789 Macrob.
1047 2742 1253 2791 Saturu.
1278 2755 1378 2792 vn.

309 2818 361 2863 7.
378 2817 428 2862 8.
445 2822 599 2864 vocnt
621 2817 639 2844 ⁶
657 2830 855 2866 morsus
869 2815 1114 2879 figuratos
1131 2816 1163 2880 ς’
1186 2819 1378 2869 Quinc·

309 2888 394 2936 til.
417 2901 498 2937 tv.
521 2888 919 2939 2.‘schemstn.'
957 2890 1027 2940 At
1051 2893 1254 2954 gravius
1281 2893 1383 2943 ista

314 2966 457 3014 nitus
493 2973 575 3014 est
615 2966 957 3024 Domitianus,
995 2975 1131 3018 teste
1167 2970 1382 3020 Sueton.

313 3042 519 3092 Domit.
543 3056 590 3091 c.
608 3047 688 3092 1⁰.
714 3043 729 3070 ‘
753 3044 1141 3107 Hermogenem
1155 3046 1379 3095 Tarsen-

310 3133 442 3175 sem,
465 3126 680 3183 propter
709 3120 956 3183 quasdam
995 3122 1046 3170 in
1087 3122 1298 3171 historia
1323 3122 1380 3172 fi·

312 3210 489 3260 gur-s,
503 3196 715 3260 occidit,
733 3196 958 3247 librariis
977 3199 1250 3263 etium,qui
1267 3214 1379 3250 eam

311 3272 728 3336 descripserunt,
764 3275 906 3323 cruci
949 3273 1131 3322 adfixis
1168 3308 1182 3323 .
1208 3310 1221 3323 .
1249 3310 1262 3323 .
1299 3276 1381 3323 ΔΞ-

314 3350 443 3398 lium
472 3349 701 3398 Lamiam
726 3350 994 3399 interemit
1029 3350 1096 3399 ob
1128 3352 1380 3415 suspicio-

312 3440 400 3475 sos
423 3424 660 3489 quidem,
684 3440 857 3475 rerum
878 3433 932 3474 et
951 3433 1151 3475 veteres
1176 3435 1231 3476 et
1255 3443 1380 3476 nox·

311 3499 390 3549 ios
416 3500 588 3564 jocos.
611 3532 625 3547 .
649 3534 663 3549 .
682 3530 698 3547 .
725 3501 936 3550 Occidit
977 3510 1030 3550 et
1076 3502 1378 3553 Helvidium

311 3577 499 3637 filium,
535 3575 696 3640 quod,
733 3578 877 3639 quusi
924 3579 1134 3627 scenico
1176 3580 1379 3636 exodio,

311 3652 430 3717 [ubi
470 3653 643 3701 malim
690 3654 864 3715 legere
908 3654 924 3681 ‘
949 3654 1248 3720 episodio,’]
1283 3656 1378 3705 sub

308 3743 545 3795 persons
590 3729 798 3779 Paridis
838 3738 895 3779 et
928 3732 1177 3789 OEnones,
1210 3732 1379 3781 divor-

311 3808 444 3856 tium
468 3819 616 3855 suum
642 3820 758 3853 cum
780 3820 939 3855 uxore
964 3806 1236 3857 tuomet?
1281 3808 1380 3856 Ce-

309 3891 507 3945 terum,
534 3881 586 3930 in
611 3882 856 3944 proximis
880 3883 1071 3944 verbis,
1093 3883 1273 3932 Codex
1288 3883 1380 3932 Sa·

309 3958 658 4022 lisburgensis
705 3973 798 4021 pro
841 3960 1171 4024 ulciscebatur,
1223 3961 1380 4011 habet

308 4037 633 4085 ulcisceretur.
659 4035 915 4086 Schwarz.

381 4115 549 4170 Quare
568 4126 672 4174 ego,
698 4114 887 4177 Coesar]
923 4112 986 4160 In
1012 4112 1205 4163 Codice
1235 4114 1384 4163 Puri·

309 4189 489 4251 sicud,
512 4190 723 4239 Veneto
746 4193 796 4237 2.
821 4188 1307 4254 Guelpberbytsuo,
1329 4197 1383 4240 et

309 4265 452 4317 libro
467 4265 744 4321 vossiano,
779 4278 872 4329 pro
893 4281 999 4329 ego,
1040 4265 1231 4331 legitur
1256 4280 1388 4328 ergo.

1281 4363 1468 4424 Paneg.
1496 4359 1607 4411 Vct.

447 4361 628 4428 Daph.
648 4366 695 4413 et
720 4360 837 4412 Var-
860 4362 987 4413 ctas.

1900 385 1947 438 ι.
1995 371 2107 436 53.
2392 369 2525 436 ’769

1455 529 1597 590 Scio,
1623 544 1653 578 a
1687 529 1994 594 quibusdam
2024 529 2339 588 unctoribus,
2360 538 2416 581 et
2452 531 2526 579 in·

1459 606 1637 668 primis
1680 608 1743 655 ab
1780 606 2020 669 Apuleio,
2060 607 2187 655 istas
2224 607 2527 670 particulos,

1456 696 1603 745 quare
1625 698 1755 745 ergo,
1792 684 2074 732 identidem
2108 683 2389 746 conjungi3
2426 681 2521 732 sed

1456 761 1567 807 scio
1591 761 1764 819 etism,
1798 774 1911 820 ergo
1944 767 1999 808 et
2032 774 2119 820 ego
2152 757 2457 823 frequenter
2491 773 2526 807 a

1458 835 1677 885 librariis
1700 837 2023 892 commisceri
2050 843 2265 885 temere.
2300 837 2523 886 Retineo

1457 926 1583 975 ergo
1609 927 1889 977 pronomen
1925 928 2032 975 ego,
2056 921 2239 977 utpote
2264 913 2382 962 huic
2407 915 2521 963 loco

1457 991 1584 1039 sutis
1624 990 1969 1044 commodum,
1996 997 2048 1039 et
2087 1005 2118 1039 a
2154 991 2344 1039 ceteris
2378 990 2524 1040 libris

1456 1066 1689 1114 omnibns
1730 1064 2107 1114 confirmatum.
2175 1067 2304 1114 Cum
2351 1073 2523 1115 utitem

1456 1141 1597 1189 locus
1619 1142 1701 1190 hic
1725 1142 1944 1189 antehac
1968 1140 2043 1190 sic
2070 1141 2224 1203 vulgo
2259 1140 2524 1197 ederetur,

1461 1219 1624 1273 Quare
1649 1234 1737 1278 ego
1772 1225 1836 1278 te,
1872 1219 2053 1278 Coesar,
2075 1218 2346 1267 muneribus
2374 1219 2527 1266 omni-

1456 1293 1544 1342 bus
1561 1294 1673 1356 tuis,
1696 1294 1910 1342 omnibus
1945 1309 2179 1356 comparo,
2205 1295 2369 1342 multis
2387 1300 2523 1345 ante·

1451 1383 1605 1430 pono‚·
1628 1369 1739 1432 jain
1764 1368 1953 1417 dudum
1972 1370 2178 1433 quidem
2200 1370 2528 1418 animadver-

1459 1444 1520 1492 tit
1546 1445 1772 1507 Lipsius,
1795 1445 1847 1492 in
1871 1444 1947 1492 his
1973 1445 2144 1493 verbis
2170 1459 2452 1508 pronomen
2477 1452 2525 1494 te

1457 1518 1741 1582 abundare,
1789 1530 2029 1584 tanquam
2078 1533 2141 1567 ex
2186 1520 2379 1582 glossa,
2414 1521 2523 1569 sive

1457 1602 1584 1644 nota
1633 1596 1713 1644 Tr.
1752 1597 1786 1643 i.
1821 1609 1865 1642 e.
1904 1595 2153 1657 Trojanc,
2187 1602 2389 1656 ortum;
2430 1597 2522 1646 sed

1458 1685 1559 1718 non
1609 1670 1999 1726 animadvertit,
2050 1672 2245 1734 puriter
2293 1671 2525 1722 vocubu-

1459 1748 1563 1796 lum
1610 1749 1824 1796 omnibus
1869 1748 2028 1796 semel
2074 1761 2520 1810 supervacaneum

1459 1823 1645 1872 videri.
1747 1824 1905 1873 Certe
1945 1824 2040 1871 hoc
2091 1824 2338 1872 omittunt
2373 1823 2518 1873 codi-

1458 1912 1546 1948 ces
1572 1900 1916 1962 Manuscripti
1946 1900 2198 1956 Vsticsni,
2224 1900 2518 1963 Gnelpher·

1456 1976 1702 2040 bytanus,
1748 1986 1804 2026 et
1838 1984 2031 2039 noster,
2074 1978 2124 2025 in
2171 1978 2355 2041 quibus
2394 1980 2520 2040 legi·

1457 2068 1589 2112 mus,
1640 2054 1807 2102 Coesar·
1849 2054 2122 2102 muneribus
2165 2055 2264 2103 tuis
2310 2056 2524 2103 omnibus

1453 2144 1688 2192 comparo.
1756 2129 1905 2177 Idem
1936 2129 2093 2178 etium
2131 2131 2387 2193 expunxit
2411 2131 2521 2180 Gu-

1455 2205 1571 2253 dius
1596 2207 1647 2253 in
1671 2206 1835 2254 sltero
1862 2205 2021 2267 libro;
2054 2205 2145 2253 sed
2166 2204 2304 2255 forte
2329 2221 2393 2254 ex
2418 2207 2522 2255 lec-

1458 2284 1599 2332 tione
1626 2283 1816 2331 codicis
1839 2282 2311 2344 Guelplierbytani.
2379 2283 2521 2334 Livi-

1456 2360 1602 2407 neius
1623 2359 1732 2420 jam
1768 2371 1796 2406 e
1829 2359 2134 2421 conjectura
2169 2357 2522 2420 adscripscrat

1456 2436 1697 2486 editionis
1757 2449 1863 2485 suae
1922 2433 2142 2496 margini
2185 2434 2304 2485 dele.
2371 2436 2519 2486 Solus

1456 2515 1601 2563 Ceva
1635 2513 1802 2561 adhuc
1841 2526 2122 2575 pronomen
2144 2518 2194 2562 te
2214 2513 2265 2561 iu
2296 2528 2389 2561 sua
2413 2514 2522 2562 edi-

1459 2589 1603 2638 tione
1650 2590 1998 2652 praeterrnisit.
2066 2588 2320 2653 Equidem
2365 2592 2521 2640 Cata·

1455 2680 1621 2729 naeus,
1649 2674 1703 2715 et
1739 2667 1823 2715 alii
1852 2666 2058 2729 quidam
2094 2666 2428 2730 interpretes,
2463 2669 2522 2715 il-

1453 2740 1539 2790 lud
1563 2742 1791 2801 omnibus,
1812 2750 1865 2790 et
1894 2742 2073 2795 mullis.
2100 2741 2522 2804 interpretantur

1454 2817 1519 2866 de
1547 2819 1946 2881 imperatoribus
1974 2818 2359 2880 superioribus;
2400 2833 2523 2883 qus·

1456 2891 1498 2939 si
1542 2893 1743 2941 Plinius
1776 2893 1852 2941 liis
1885 2895 2055 2943 verbis
2087 2895 2366 2958 Trajauum
2402 2910 2520 2944 cum

1457 2968 1859 3032 imperatoribus
1883 2970 2229 3030 superioribus
2252 2985 2522 3032 compara-

1457 3044 1544 3105 rit,
1569 3057 1788 3106 eumque
1815 3045 1988 3093 multis
2015 3047 2403 3107 anteposuerit:
2433 3061 2519 3095 ve-

1457 3135 1567 3169 rum
1608 3121 1756 3167 nnius
1789 3120 1995 3183 Trojaui
2030 3134 2260 3181 munera,
2287 3123 2320 3169 i.
2345 3135 2391 3170 e.
2430 3122 2519 3170 be-

1454 3196 1642 3245 neficia
1669 3205 1723 3244 et
1759 3197 1962 3251 merito,
1988 3196 2128 3245 inter
2161 3211 2218 3245 se
2254 3206 2521 3260 comparat

1457 3280 1511 3321 et
1556 3272 1845 3337 contendit,
1889 3274 1981 3329 its,
2025 3279 2082 3321 ut
2129 3274 2362 3323 omuibus
2407 3276 2519 3324 eliis

1456 3349 1572 3412 ejus
1595 3347 1860 3397 beneficiis
1886 3363 1946 3397 uc
1972 3351 2264 3398 muneribus
2285 3351 2394 3400 haec
2418 3352 2521 3401 duo

1456 3431 1649 3486 seques,
1673 3423 1949 3487 multisque
1982 3430 2288 3485 snteponnt,
2313 3428 2435 3487 quod
2461 3428 2521 3477 ti-

1453 3504 1558 3547 ceu!
1584 3499 1827 3547 Romanis
1846 3504 1892 3547 et
1914 3499 1964 3547 iu
1986 3500 2284 3561 preteritum
2305 3504 2364 3550 de
2384 3503 2524 3551 mulis

1454 3574 1814 3637 imperatoribus
1856 3576 2067 3636 quotidie
2106 3576 2365 3639 vindicari,
2410 3578 2520 3627 sive

1458 3652 1693 3700 vindicta
1726 3650 1860 3712 frui;
1894 3658 1942 3701 et
1964 3652 2163 3711 saturos
2192 3653 2279 3701 sub
2311 3656 2522 3717 exemplo

1451 3742 1761 3789 praemonere,
1781 3730 1920 3792 quod,
1942 3731 2024 3790 ᾄτ.
2048 3730 2251 3779 Munera
2279 3732 2411 3779 enim
2438 3731 2523 3781 liic

1457 3817 1553 3864 pro
1601 3803 1865 3853 beneficiis
1908 3812 1964 3853 et
2007 3806 2206 3854 meritis
2247 3807 2374 3862 dici..
2406 3808 2522 3869 quis

1456 3880 1696 3929 dubitet?
1752 3881 1950 3929 Plinius
1998 3881 2106 3943 ipse
2152 3895 2432 3943 supre‚1v.
2472 3887 2522 3930 3.

1452 3958 1467 3983 ‘
1490 3957 1605 4007 Nec
1653 3956 1801 4005 uobis
1843 3970 2054 4005 munera
2090 3964 2178 4004 tua
2211 3957 2521 4017 praedicsre.

1455 4032 1547 4082 sed
1573 4033 1751 4082 audire
1789 4033 1885 4081 tibi
1921 4046 2134 4081 necesse
2169 4031 2286 4081 est.’
2353 4031 2523 4092 Idem,

1459 4123 1658 4160 xxxvi.
1684 4116 1732 4159 5.
1757 4117 1771 4139 ‘
1793 4112 1978 4173 Neque
2000 4109 2134 4156 enim
2163 4109 2317 4156 ullam
2346 4123 2523 4157 neces.

1458 4187 1665 4235 sitatem
1691 4187 1985 4235 muneribus
2013 4184 2114 4233 tuis
2140 4183 2316 4244 addin
2352 4194 2405 4233 ut
2431 4188 2522 4248 qui

1460 4264 1617 4324 scias,
1638 4265 1769 4314 huuc
1794 4278 1906 4314 esse
1944 4258 2310 4311 beneficiorum
2336 4265 2522 4326 prinei-

2280 4360 2385 4411 SC
