3060 4902
742 367 806 415 ο.
854 362 1095 412 emim
1147 358 1479 410 saeuum
1535 357 1811 406 muno.
1886 357 1934 405 1.
1994 338 2103 404 82.

2334 333 2510 402 1013

307 520 399 565 aut
433 516 702 573 argentee
729 504 1050 568 Latinitatis,
1074 502 1371 564 exemplum
1450 499 1516 548 de
1542 498 1718 549 Dia-ta
1741 498 1829 548 lib.
1859 511 1921 546 ιι.
1947 512 2000 559 p.
2024 500 2138 546 862.
2163 494 2475 558 edit-2Foesii
2497 511 2511 545 z

307 588 584 643 succurrit,
648 584 736 633 ubi
792 583 1105 644 indulgeneiae
1159 592 1375 628 numero

1447 576 1669 638 *Ραδυμίη
1703 575 1911 639 ὕγριιίνη,
1949 575 2026 625 καὶ
2060 573 2256 624 ἀσθενὲς
2285 573 2345 622 τὸ
2378 576 2515 634 σῶμα

306 663 658 717 multitudiuis
681 661 943 716 dicuutur,
967 660 1094 708 licet
1124 655 1376 720 sequioris
1448 654 1613 704 ποιέει·
1645 653 1787 703 πόνος
1819 652 1870 702 δὲ
1890 652 2080 716 ξηραίνη
2103 652 2179 701 καὶ
2204 651 2264 700 τὸ
2286 654 2423 712 σῶμα
2443 651 2516 702 ἶσ-

310 743 409 793 aeri
434 738 718 791 auctoritas
744 751 844 786 non
871 736 1021 785 desit.
1080 733 1375 797 Aliquoties
1451 731 1602 796 χορὸν
1619 729 1784 780 ποιέει.

309 821 469 868 etiam
516 815 748 865 Velleius
794 816 812 843 ⁴
838 812 1061 861 fortunae
1107 810 1379 873 indulgeu-

312 895 439 943 tiam
458 892 473 915 '
493 897 896 949 commemorat;
929 901 1178 951 nusquam
1203 893 1378 934 tamen

1855 731 2058 780 Desidia
2080 732 2333 785 humectat,
2355 736 2403 779 et
2424 729 2517 777 im-

1453 810 1667 857 becillum
1687 822 1873 871 eorpus,
1899 806 2200 870 fluidumque
2220 806 2413 864 reddin
2446 807 2519 854 la·

1454 888 1538 936 bor
1558 887 1722 950 siccat,
1747 890 1794 933 et
1817 884 2057 932 robustum
2077 885 2390 945 strictumque
2410 898 2516 933 eor-

312 974 363 1020 in
381 983 594 1021 numero
613 967 827 1030 plurali;
856 980 904 1014 v.
925 980 973 1026 g.
995 978 1056 1015 ιι.
1081 966 1194 1011 121.
1220 963 1235 990 ⁴
1256 963 1378 1011 For·
1448 978 1540 1026 pus
1572 963 1718 1022 facit.
1790 962 1958 1010 Item:
1992 960 2054 1008 Οἱ
2085 959 2180 1024 ’γὰρ
2221 959 2518 1020 ἀγύμναστοι

313 1056 453 1097 tunae
478 1060 601 1094 vero
626 1044 736 1107 quis
755 1057 857 1091 non
880 1039 1380 1100 mireturiudulgen-

315 1127 441 1175 tiam
459 1123 500 1172 ?’
536 1120 697 1171 can.
719 1124 764 1168 1.
783 1126 837 1168 et
862 1133 925 1167 ιι.
955 1122 1003 1166 8.
1043 1117 1253 1178 Molliat,
1276 1115 1310 1162 i.
1332 1128 1380 1163 e.

315 1201 543 1263 frangat,
563 1207 620 1248 et
643 1196 924 1246 effeminet.
974 1194 1178 1244 Plinius
1206 1198 1382 1239 noster

313 1293 472 1341 supra
499 1289 714 1326 xxxin.
740 1278 789 1322 1.
824 1282 837 1303 ⁶
857 1274 997 1327 Non,
1023 1270 1158 1334 quod
1187 1268 1382 1316 animos

314 1357 542 1405 virorum
578 1352 803 1400 molliret
839 1357 893 1398 et
928 1345 1226 1409 frangeret.’
1293 1347 1381 1392 Se·

315 1447 445 1482 neca
469 1430 634 1494 Epist.
659 1433 743 1478 8².
776 1428 793 1453 ⁸
816 1427 1053 1475 Molliter
1080 1423 1242 1472 vivit:
1286 1422 1383 1470 hoc

315 1509 519 1568 dicunt,
566 1506 725 1554 malus
768 1510 881 1560 est3
931 1500 1197 1565 paullatim
1245 1499 1382 1546 enim

316 1582 646 1636 effeminatur
683 1581 900 1635 animus,
941 1586 1100 1640 atque
1125 1577 1175 1623 in
1202 1574 1381 1622 simili·

319 1661 550 1710 tudinem
588 1658 678 1706 otii
709 1658 808 1712 sui,
845 1662 900 1703 et
935 1653 1180 1716 pigritiae,
1207 1652 1257 1698 in
1282 1665 1383 1713 qua

309 1739 478 1802 jacet,
502 1733 754 1784 solvitur.'
812 1732 875 1781 In
899 1731 1082 1780 codice
1109 1729 1384 1787 Pataviuo,

318 1822 373 1864 et
399 1815 530 1863 libro
553 1811 832 1869 vossiano,
851 1823 946 1871 pro
962 1807 1196 1860 molliunt,
1218 1805 1384 1866 scrip·

316 1899 428 1942 tum
455 1898 538 1939 est
560 1889 758 1938 violant.
826 1886 1058 1948 Operam
1080 1883 1273 1945 perdit,
1297 1881 1383 1944 qui

317 1970 538 2019 verbum
562 1968 678 2021 boe,
700 1964 902 2019 violant,
928 1962 1048 2010 huic
1081 1962 1194 2010 loco
1220 1959 1383 2007 vindi·

318 2062 445 2097 care
476 2052 714 2096 conetur.
783 2041 975 2101 Credo,
1007 2040 1300 2102 imperitum
1324 2038 1387 2087 li-

318 2122 550 2175 brarium
575 2120 701 2170 illud
727 2134 793 2168 ex
819 2118 930 2182 ipso
955 2117 1130 2177 verbo,
1153 2115 1387 2168 molliant,

315 2200 601 2256 effinxisse,
625 2198 746 2247 dum
780 2196 833 2245 in
852 2196 1016 2259 prima
1039 2192 1237 2256 syllaba
1259 2191 1387 2249 moli,

315 2280 535 2345 primam
559 2277 779 2337 literam,
798 2289 864 2334 m,
888 2288 983 2336 pro
999 2274 1067 2326 ui,
1084 2270 1279 2318 habuit.
1306 2268 1386 2315 Id.

385 2352 747 2417 Delon-queant]
798 2351 845 2400 1.
890 2366 938 2398 e.
983 2346 1287 2400 deflectant,
1330 2353 1386 2392 et

321 2438 568 2491 avocent,
613 2428 755 2495 quasi
799 2428 1038 2488 invitum,
1075 2432 1128 2473 et
1177 2423 1223 2471 vi
1265 2437 1386 2486 qua·

317 2512 461 2573 dam,
515 2509 626 2558 sive
684 2512 887 2568 aperta,
943 2505 1051 2553 sive
1096 2500 1385 2549 blandiore.

319 2589 525 2640 Noster
549 2597 724 2648 supra,
748 2594 880 2631 Lxx.
901 2587 948 2628 5.
984 2588 997 2610 ⁴
1016 2578 1254 2640 Ingenia,
1286 2575 1386 2624 etsi

320 2678 423 2713 nou
460 2658 828 2723 detorquebat,
867 2657 1148 2706 hebetabat
1182 2652 1388 2714 tamen‚'

320 2743 423 2790 Arc.
447 2737 513 2787 ad
546 2751 697 2801 quem
731 2735 899 2785 locum
927 2734 1043 2783 vide
1072 2740 1248 2781 uotam
1272 2746 1388 2781 nos-

323 2824 478 2866 tram.
516 2816 665 2863 Idem.

387 2887 746 2953 Deion-queant]
779 2885 980 2938 ‘Quem
1023 2898 1127 2932 nou
1172 2897 1202 2930 a
1243 2889 1390 2931 recto

325 2970 491 3020 traxit
517 2968 651 3017 male
674 2964 832 3015 suada
857 2964 1116 3024 Voluptas
1141 2961 1391 3021 Tramite,

324 3060 427 3096 nou
451 3047 579 3095 luxu
602 3048 826 3091 mentem
842 3037 1089 3088 labefecit
1107 3037 1393 3097 honestam,

324 3122 585 3174 Florentia
622 3119 830 3169 fortuna
860 3112 1080 3166 domus!
1114 3114 1183 3163 D.
1220 3113 1388 3163 Baud.

323 3200 482 3249 Bern.

395 3274 670 3324 Crescentio
705 3268 942 3320 laboribus
980 3264 1213 3328 membru]
1251 3266 1392 3314 Cres·

323 3352 501 3411 centia,
538 3364 640 3398 non
683 3357 785 3396 tam
820 3343 1198 3407 magnitudine,
1237 3357 1391 3406 quam

326 3428 524 3479 viribus
549 3433 604 3474 et
629 3424 846 3482 robore;
881 3422 1003 3470 dum
1040 3419 1301 3468 laboribus
1340 3419 1390 3466 in

326 3505 438 3554 dies
487 3502 735 3552 validiora
779 3497 1085 3555 redduntur,
1127 3496 1393 3558 magisque

327 3578 723 3632 confirmantur.
791 3574 933 3624 Hinc
958 3572 1166 3627 Cicero,
1192 3572 1394 3621 Quaest.

324 3655 541 3707 Tuscul.
585 3668 647 3703 ιι.
705 3658 784 3702 15.
847 3650 863 3677 ‘
889 3648 996 3710 Illi,
1032 3647 1118 3713 qui
1162 3648 1392 3696 Graeciae

325 3732 543 3783 formam
576 3727 1076 3792 rerumpublicarum
1115 3724 1395 3782 dederunt,

326 3820 550 3870 corpora
579 3805 830 3868 juvenum
864 3800 1054 3849 firmari
1096 3799 1272 3846 labore
1310 3811 1393 3844 vo-

327 3880 579 3935 luerunt.’
644 3880 732 3929 Sic
758 3883 997 3927 auctores
1023 3875 1210 3938 passim
1236 3873 1392 3922 etiam

326 3962 533 4018 dicunt,
556 3960 572 3987 ‘
590 3968 833 4017 amorem,
850 3952 1140 4011 audaciam,
1155 3950 1398 4011 animum,

327 4039 668 4097 voluptatem,
706 4026 985 4084 erescere,'
1020 4027 1055 4077 i.
1092 4041 1140 4075 e.
1177 4027 1396 4074 invales-

327 4126 471 4164 cere.
541 4109 805 4159 Quantum
830 4117 954 4157 vero
985 4102 1130 4150 labor
1153 4099 1394 4147 corrobo-

330 4196 410 4239 ret
452 4185 712 4235 homiuum
760 4179 1012 4239 membra,
1048 4185 1232 4226 contra
1267 4189 1395 4224 vero

325 4264 491 4316 otium
536 4261 782 4321 resolvat,
835 4255 993 4307 docet
1042 4254 1396 4319 Hippocrates

1453 1044 1551 1089 τῶν
1572 1038 1823 1103 ἀνθρώπων
1845 1037 1937 1086 ἀπὸ
1952 1036 2128 1086 παντὸς
2146 1036 2516 1088 noviciam-drou-

1460 1118 1771 1167 [inexercitati
1797 1115 2003 1163 homines
2030 1114 2089 1162 ab
2111 1114 2236 1161 omui
2256 1114 2413 1161 labore
2427 1112 2518 1170 sa·

1456 1196 1691 1254 ligantur.
1757 1192 1957 1241 Horum
1994 1205 2178 1252 conpos
2213 1204 2314 1238 non
2347 1189 2521 1238 reddi-

1459 1280 1546 1320 tur
1578 1278 1766 1334 ⁸opere
1813 1267 2031 1329 laetum,'
2084 1276 2141 1316 ut
2188 1274 2339 1315 antea
2385 1267 2519 1316 dixit

1458 1349 1679 1409 Plinius,
1703 1346 1754 1394 h.
1779 1361 1825 1395 e.
1869 1360 1969 1393 nou
1994 1344 2054 1394 tit
2087 1345 2201 1405 ipso
2224 1345 2404 1393 labore
2426 1341 2523 1392 flo-

1457 1425 1637 1479 ridius,
1684 1423 2044 1484 validiusque3
2080 1421 2153 1469 uti
2199 1435 2398 1480 eorum,
2430 1421 2518 1485 qui

1456 1501 1687 1550 crebrius
1710 1506 2045 1547 exercentur.
2081 1497 2165 1545 Sic
2186 1498 2385 1545 Seneca
2407 1497 2522 1547 haee

1458 1576 1745 1637 conjungit,
1769 1573 1834 1620 de
1862 1573 1967 1629 Ira,
1996 1585 2054 1619 ιι.
2078 1577 2158 1620 15.
2191 1573 2207 1597 ‘
2227 1571 2415 1621 Valida
2439 1587 2522 1621 ar-

1459 1653 1626 1706 busta,
1649 1659 1704 1699 et
1727 1648 1881 1698 laeta.'
1929 1650 2254 1697 Burmannus
2280 1649 2344 1697 ad
2371 1650 2521 1699 Phae·

1458 1730 1632 1782 drum,
1666 1741 1724 1776 ιι.
1758 1732 1806 1775 5.
1836 1726 1966 1774 bene
1991 1725 2241 1786 explicat,
2267 1725 2403 1774 uude
2424 1727 2522 1776 eti·

1459 1819 1540 1853 am
1557 1802 1951 1863 dicantur‚la.·ta
1977 1800 2187 1863 viridia,
2209 1802 2347 1849 laetoe
2373 1816 2521 1864 sege·

1459 1889 1558 1938 tes,
1583 1882 1690 1930 taeti
1714 1880 1845 1942 agri,
1868 1881 1987 1927 laeta
2010 1880 2206 1928 humus.
2245 1879 2491 1930 Schworz.

1526 1958 1736 2007 Maritos
1771 1957 2009 2020 Deorum]
2049 1957 2120 2005 Ut
2155 1956 2433 2018 Cephalus,
2467 1963 2525 2006 et

1461 2034 1646 2090 Orion,
1677 2035 1743 2083 ab
1779 2032 1982 2083 Aurora
2012 2033 2179 2095 rapti;
2218 2033 2280 2081 de
2305 2047 2524 2097 quorum

1461 2112 1627 2174 primo
1653 2109 1941 2158 Pausanias
1965 2109 2015 2155 in
2044 2108 2235 2157 Lacon.
2269 2109 2333 2158 de
2358 2111 2526 2159 altero

1462 2187 1725 2235 Homerus
1771 2186 1963 2247 odyss.
2008 2191 2063 2232 Ε.
2098 2187 2410 2235 mentionem
2447 2186 2525 2236 fa-

1462 2266 1625 2312 ciunt.
1694 2262 1828 2311 Item
1875 2262 2087 2322 Peleus,
2134 2277 2285 2324 quem
2329 2264 2525 2327 Thetys

1463 2340 1562 2390 sibi
1599 2339 1828 2403 jugavit,
1874 2337 2157 2387 secuudum
2214 2337 2523 2400 Apollodor.

1462 2419 1552 2469 lib.
1595 2431 1683 2466 ιιι.
1721 2417 1807 2480 qui
1844 2429 2018 2465 omues
2054 2416 2211 2465 hosce
2248 2430 2277 2464 a
2302 2415 2524 2464 venandi

1462 2495 1634 2545 studio
1656 2494 1854 2542 laudat.
1922 2493 2021 2541 His
2048 2491 2166 2539 addi
2194 2499 2368 2555 potest
2396 2492 2525 2555 Hip·

1464 2574 1690 2637 polytus,
1725 2578 1942 2634 propter
1981 2570 2302 2619 venationem
2337 2569 2527 2620 Dianae

1462 2650 1775 2699 carissimus.
1813 2647 2033 2696 Patarol.

1527 2725 1742 2775 Maricas
1791 2723 2025 2785 Deorum]
2062 2722 2272 2779 Peleus,
2313 2722 2526 2772 Achillis

1465 2811 1634 2866 pater,
1653 2800 1889 2850 Thetidis
1913 2801 2146 2854 maritus.
2182 2797 2341 2848 Ovid.
2358 2800 2528 2863 Epist.

1469 2894 1522 2928 v.
1547 2878 1807 2940 Cephalus
1833 2876 2049 2925 Aurorae
2078 2876 2160 2924 Id.
2184 2875 2248 2924 de
2271 2874 2386 2924 Art.
2413 2876 2531 2927 Am.

1465 2957 1554 3005 lib.
1580 2969 1670 3003 ιιι.
1692 2953 2015 3017 Hippolytus
2039 2954 2246 3014 Dianae,
2271 2952 2403 3000 Met.
2424 2966 2524 3001 vn.

1465 3033 1621 3082 Beris.

1529 3109 1606 3158 Ae
1630 3104 1870 3166 Deorum]
1905 3106 2062 3153 Deum
2087 3105 2151 3153 V.
2187 3104 2350 3153 Licin.

1528 3184 1745 3233 Deorum
1785 3181 1977 3243 liberos]
2025 3181 2305 3241 Theseum,
2345 3179 2531 3230 Casto·

1466 3276 1597 3324 rem,
1620 3261 1906 3321 Pollucem,
1926 3261 2150 3323 aliosque
2176 3258 2370 3321 plures.
2405 3257 2532 3307 Ber·

1466 3352 1667 3398 negger.

1533 3415 1744 3464 Deorum
1773 3411 1965 3474 liberos]
2000 3412 2073 3460 Ut
2098 3410 2285 3459 Castor
2320 3418 2372 3458 et
2410 3410 2535 3458 Pol·

1465 3491 1577 3547 lux,
1632 3490 1776 3540 Jovis
1830 3488 1941 3546 filii,
1984 3488 2050 3537 de
2106 3488 2292 3551 quibus
2336 3489 2531 3536 citatus

1469 3567 1770 3632 Apollodor.
1806 3565 1931 3615 ibid.
1995 3565 2083 3614 Sic
2119 3566 2310 3627 Dryas,
2356 3564 2533 3613 Marte

1471 3645 1697 3708 genitus,
1742 3641 2022 3692 secundum
2069 3641 2312 3702 eundem,
2352 3640 2443 3690 lib.
2490 3654 2530 3692 ι.

1469 3722 1748 3780 Hercules,
1773 3727 1822 3769 et
1848 3719 1951 3767 alii.
1986 3718 2205 3766 Potui-ol.

1537 3798 1749 3847 Deorum
1789 3795 1988 3858 liberos]
2049 3792 2250 3843 Horum
2293 3792 2530 3856 quaedam

1469 3876 1677 3924 nomina
1707 3874 1818 3937 jam
1861 3871 2122 3920 recensuit
2160 3870 2390 3918 Patarol.
2419 3869 2532 3917 Cic.

1470 3953 1521 4001 in
1549 3952 1754 4013 Fragm.
1778 3949 1843 3997 de
1872 3948 2143 4001 Universo,
2179 3959 2227 3992 c.
2250 3949 2329 3992 11.
2372 3943 2387 3970 ‘
2406 3945 2532 3993 Cre-

1468 4028 1694 4079 dendum
1729 4031 1810 4075 est
1850 4023 2111 4072 veteribus
2146 4029 2200 4069 et
2236 4019 2440 4082 priscis,
2476 4026 2537 4069 ut

1469 4106 1635 4165 aiunt,
1662 4102 1800 4155 viris,
1838 4102 1923 4162 qui
1960 4113 2015 4147 ae
2055 4096 2354 4160 progeniem
2395 4096 2532 4145 Deo·

1472 4196 1584 4229 rum
1608 4193 1721 4228 esse
1740 4177 2016 4234 dicebaut3
2052 4174 2226 4235 itaque
2246 4184 2419 4220 eorum
2443 4187 2528 4220 vo·

1470 4257 1660 4307 cabula
1699 4254 1844 4305 nobis
1881 4247 2265 4316 prodiderunt.'
2332 4249 2534 4301 Intelli-
