3060 4902
782 414 850 463 c.
895 413 1151 464 emnil
1197 415 1528 468 saeuum
1581 418 1862 473 Panno.
1938 423 1989 473 ι.
2019 408 2127 475 24.

337 554 561 618 luptatis
582 555 742 621 hujus
759 557 970 623 copiam
986 558 1227 623 prebes?
1260 561 1415 614 Hanc

335 634 647 696 lectionem,
669 637 890 702 ejusque
913 639 1417 703 interpretationem,

336 711 504 760 etiam
527 720 773 763 recentes
796 714 1050 771 editores,
1073 716 1336 768 Gesnerus
1359 727 1415 771 et

339 785 677 846 Aruteeuius.
721 800 1058 856 receperunt,
1100 794 1412 845 luculenter·

334 879 446 928 que
469 866 865 918 confirmarunt.
931 869 1063 918 Mibi
1096 871 1197 919 mei
1219 872 1412 922 codicis

339 941 448 990 Ma.
472 942 634 992 lectio
657 945 777 993 olim
799 944 1083 1008 arridebat,
1105 947 1315 997 ambulas
1336 950 1410 999 ia-

335 1022 418 1067 ter
450 1034 554 1082 nos,
587 1026 642 1069 ae
677 1023 815 1085 qnasi
835 1022 1103 1085 contingas.
1169 1025 1267 1073 Cui
1304 1028 1407 1075 lec·

337 1096 469 1146 tioni
494 1111 645 1161 qnam
676 1099 1095 1161 probabilitatem
1125 1101 1407 1151 conciliare

334 1175 554 1223 annisus
579 1174 693 1228 siin,
716 1175 833 1224 vide
858 1178 928 1224 sis
947 1176 1001 1224 in
1025 1177 1243 1225 Excurs.
1268 1191 1403 1228 xxx.

336 1249 481 1302 Quia
510 1265 634 1300 vero
658 1260 917 1315 praterea
932 1253 1086 1302 etiam
1113 1253 1248 1303 liber
1273 1255 1406 1304 Vos·

333 1328 516 1377 cianus
548 1327 709 1379 babet
735 1334 793 1377 at
817 1329 1086 1392 contingas,
1111 1345 1291 1393 parum
1316 1330 1403 1380 ab·

331 1412 439 1461 est.
486 1405 609 1469 quin
654 1405 877 1469 gestiam
916 1407 1048 1456 lianc
1092 1407 1402 1468 scripturam

330 1495 455 1530 cum
501 1482 702 1545 vulgari
746 1482 820 1531 ita
856 1483 1160 1544 conciliare,
1190 1483 1403 1533 ambulas

328 1557 466 1608 inter
486 1573 590 1621 aas,
609 1574 703 1607 noa
734 1563 790 1608 at
821 1562 960 1622 quusi
982 1560 1247 1621 contingas.
1310 1560 1399 1611 Sic

330 1635 474 1686 enim
499 1636 611 1685 baec
641 1637 983 1701 nequeuntibus
1020 1637 1194 1687 verbis
1227 1638 1401 1702 aptius

325 1719 649 1775 congruunt,
668 1716 716 1760 et
734 1712 918 1775 copias·
939 1713 1033 1768 eui,
1053 1728 1149 1762 non
1171 1719 1223 1762 at
1245 1714 1398 1778 inipu-

325 1792 425 1849 tes‚
456 1787 609 1846 sacis.
677 1788 762 1838 De
815 1788 1195 1852 significatione
1252 1792 1397 1841 verbi

323 1864 343 1893 ⁸
368 1864 794 1930 imputare‚'jam
826 1880 985 1932 supra
1020 1867 1103 1931 egi
1138 1866 1202 1917 ad
1228 1873 1396 1919 xx.2.

325 1940 579 1991 &ca-m.
713 1969 717 1973 <

393 2017 512 2066 Noa
531 2024 587 2067 at
616 2018 841 2082 ὑιφιιεο]
875 2019 950 2069 Ut
973 2021 1121 2083 qnasi
1150 2020 1393 2071 benefici·

321 2108 413 2142 um
457 2094 736 2157 inscribas,
773 2096 826 2144 iu
870 2095 1156 2145 rationibus
1201 2098 1392 2147 nostris

322 2184 512 2233 ponas.
545 2170 613 2220 Id
637 2177 743 2233 est,
768 2172 844 2221 ita
859 2172 957 2222 boc
979 2171 1127 2230 facis,
1145 2181 1390 2238 tanquam

319 2244 624 2296 faciendum
659 2248 747 2309 sit,
771 2261 873 2296 uon
907 2249 1055 2311 quasi
1082 2263 1268 2298 novum
1300 2249 1387 2298 ali-

317 2322 445 2387 quid
473 2332 565 2372 aut
587 2337 847 2386 magnum.
881 2323 1017 2384 [Aps.

387 2396 567 2447 Her-et
589 2398 734 2446 lateri
756 2396 862 2460 tao]
897 2397 1016 2449 Quo
1051 2400 1257 2448 nomine
1281 2400 1390 2449 lan·

313 2474 476 2524 datur
498 2485 551 2524 et
572 2475 791 2524 Marcus
825 2473 961 2538 Imp.
984 2473 1051 2525 ab
1088 2476 1388 2527 Herodiano

311 2552 406 2602 lib.
430 2566 471 2601 1.
493 2567 614 2616 pag.
635 2556 686 2601 8.
707 2567 760 2616 p.
784 2554 992 2614 Παροΐχε
1013 2551 1063 2601 δὲ
1086 2551 1163 2603 καὶ
1182 2555 1285 2604 τοῖς
1305 2554 1386 2617 ἆρ-

310 2628 536 2690 χομένοις
552 2627 726 2678 ἐπικὸν
747 2628 926 2686 ἐπιεικῆ
943 2628 1020 2678 καὶ
1035 2628 1224 2693 μέτριον
1244 2635 1380 2687 βασι-

309 2704 425 2766 λέα,
442 2704 560 2754 τούς
576 2723 636 2753 τε
667 2703 955 2768 *poci-nar
975 2705 1282 2771 δεξιούμενος,
1305 2707 1384 2758 καὶ

310 2781 510 2830 ιιι-λύον
528 2781 646 2831 τοὺς
663 2780 770 2844 περὶ
801 2781 947 2831 abu-br
965 2783 1245 2846 δορυφόρους
1264 2784 1383 2835 ἀπο·

308 2861 479 2915 σοβεῖν
500 2858 618 2909 τοὺς
638 2857 1034 2920 ἐντυγχάνοντας.
1084 2861 1320 2910 Exhibuit
1333 2877 1383 2911 se

308 2935 518 2985 abditis
536 2951 714 2986 comem
733 2942 781 2985 et
803 2938 1090 2985 “mnodum
1102 2937 1381 3000 principem,

310 3026 416 3060 caat
436 3013 632 3075 qumis
649 3013 921 3060 medates
951 3012 1210 3075 exciperet,
1232 3019 1278 3062 et
1301 3030 1380 3063 ve-

308 3093 439 3136 taret
462 3091 723 3151 stipatores
753 3101 1028 3150 quemqnam
1049 3088 1381 3137 advenientem

306 3178 341 3212 a
359 3178 409 3213 se
427 3165 675 3226 repellere.
706 3161 874 3212 Idem.

374 3239 554 3289 Hoeret
575 3239 720 3287 lateri
749 3237 858 3300 tao]
896 3238 1028 3288 Nam
1059 3247 1115 3289 et
1153 3239 1378 3297 viliores,

306 3316 636 3380 principatus
691 3314 941 3364 membra.
1030 3314 1243 3378 Insigne
1299 3324 1379 3365 est

304 3392 558 3442 monitum
585 3388 844 3454 Rudolpbi
879 3391 1206 3454 imperatoris
1243 3391 1376 3442 Ans·

303 3468 479 3529 tritici,
506 3467 593 3529 qui
614 3482 730 3517 cum
749 3467 1045 3518 submoveri
1074 3483 1104 3517 a
1127 3470 1376 3520 satellitio

302 3558 397 3594 auo
445 3543 713 3594 tenuiores
748 3543 1002 3609 quosdam
1049 3545 1270 3609 rideret,
1307 3549 1373 3596 ad

303 3635 362 3671 se
408 3618 745 3680 affectantes,
795 3634 897 3668 non
938 3621 1052 3670 sine
1105 3623 1372 3673 stomacho

301 3699 492 3760 edixit,
528 3704 544 3726 ¹
572 3695 679 3745 Per
716 3695 902 3757 Deum,
949 3696 1105 3745 sinite
1138 3697 1371 3748 homines

302 3777 368 3826 ad
404 3789 493 3825 me
537 3774 729 3823 venire.
798 3773 920 3824 Non
966 3774 1103 3822 enim
1148 3774 1267 3824 ideo
1304 3777 1368 3826 ad

300 3851 578 3916 inperium
613 3864 722 3899 aum
755 3857 996 3910 vocatus,
1025 3856 1085 3900 nt
1119 3850 1169 3899 in
1191 3854 1370 3903 arcula

297 3924 577 3977 includat:
646 3925 790 3988 Lips.
813 3938 880 3973 n.
903 3929 954 3974 8.
975 3929 1025 3974 ⁷.
1062 3925 1216 3975 Bern-

360 4004 497 4053 δια
525 4001 695 4064 σιὲφκ
719 4002 898 4066 pudor]
935 4001 1042 4053 Qui
1076 4015 1367 4053 sermonem

295 4095 538 4145 maguum
586 4079 903 4142 brevemque
946 4077 1126 4143 faciat,
1163 4088 1222 4131 ut
1250 4082 1365 4146 ipae

296 4159 429 4208 talin.
458 4156 596 4218 Lep.
691 4151 707 4172 ⁸

353 4234 483 4285 Sans
500 4232 671 4296 cuique
686 4229 865 4295 pudor]
899 4230 1110 4295 Lipsius
1136 4233 1364 4287 imitator

293 4312 439 4375 bajtis
458 4310 566 4363 loci
585 4309 640 4359 in
666 4307 916 4359 Dedicat.
938 4308 1109 4360 Tacit.
1129 4310 1193 4361 ad
1211 4312 1361 4374 Max.

2427 410 2559 479 549

1489 570 1506 594 ⁶
1533 565 1817 631 Finemque
1839 568 2061 619 sermoni
2082 583 2206 619 suus
2229 566 2445 634 quisque
2462 584 2556 634 pn·

1489 640 1603 697 dor,
1629 657 1728 692 nou
1752 643 2014 696 fastidium
2040 644 2302 697 faciebat:
2335 647 2491 696 Rern.

1556 719 1672 767 Non
1704 724 1788 768 tua
1824 721 2064 785 superbia]
2111 722 2383 771 Neminem
2415 722 2554 772 scili-

1487 801 1575 843 cet
1599 796 1825 858 superbe
1848 797 2048 859 rejicis3
2084 812 2260 848 omnes
2294 799 2419 864 quin
2458 800 2551 850 im-

1485 883 1572 918 mo
1591 878 1764 920 tecum
1782 870 1923 935 ioqui
1942 873 2084 935 sinis,
2099 881 2347 938 quantum
2365 874 2551 931 velint.

1483 953 1541 997 et
1584 961 1850 1013 quousque
1897 962 2005 1012 prae
2041 949 2240 1013 pudore
2281 951 2548 1002 recedant.

1480 1021 1704 1073 Pam-01.

1554 1099 1623 1147 Ut
1643 1100 1876 1164 potestas]
1912 1100 2071 1150 Liber
2093 1101 2371 1152 Vossianus
2389 1103 2549 1155 babet

1476 1176 1525 1220 et
1579 1179 1823 1236 potestas3
1878 1175 1970 1225 sed
2022 1174 2246 1239 ἁρμονικὴ
2295 1180 2546 1242 repetitio

1479 1250 1754 1311 particulae
1778 1257 1853 1312 ut,
1876 1266 2029 1318 quam
2047 1254 2203 1303 etiam
2227 1252 2544 1304 Arntzenius

1478 1327 1710 1388 agnovit,
1746 1335 1826 1377 est
1851 1328 2089 1392 vividior,
2125 1337 2180 1378 et
2200 1330 2543 1381 concinnitati

1476 1402 1732 1453 Plinianae
1778 1406 1941 1455 multo
1978 1407 2389 1457 convenientior.
2453 1409 2543 1458 Sic

1475 1484 1533 1528 et
1555 1479 1722 1528 codex
1743 1480 2238 1544 Gnelpberbytanns
2257 1496 2375 1531 mox
2399 1483 2541 1532 exbi-

1476 1552 1566 1604 bet
1581 1569 1729 1619 supra
1749 1555 1957 1606 homines
1972 1572 1992 1614 ,-
2024 1557 2114 1606 ubi
2140 1559 2191 1606 in
2212 1559 2403 1607 ceteris
2432 1574 2540 1608 om-

1472 1632 1626 1682 nibus
1672 1634 1817 1685 libris
1872 1635 2068 1699 legitur
2116 1650 2258 1700 saper
2311 1636 2539 1689 homines.

1472 1709 1737 1761 Schwarz.

1534 1787 1666 1837 Ante
1697 1787 1769 1851 te]
1805 1788 2049 1839 Vaticani
2083 1788 2294 1854 quidam
2328 1790 2538 1843 codices

1470 1869 1526 1912 et
1569 1863 2065 1929 Guelpberbytauns
2110 1867 2419 1928 particulam
2463 1870 2535 1919 Ae

1467 1935 1547 1986 bis
1572 1941 1913 2001 praemittnnt,
1930 1941 2000 1990 At
2018 1947 2130 1991 ante
2150 1946 2196 1991 te
2212 1957 2233 2000 ,·
2269 1958 2420 2005 quam
2447 1958 2536 1994 ve·

1469 2027 1526 2063 ro
1551 2029 1700 2064 nemo
1719 2013 1875 2065 facile
1898 2018 1982 2066 bic
2003 2017 2250 2081 requirat.
2283 2020 2436 2068 Idem.

1539 2091 1750 2141 Fastidio
1771 2093 1950 2156 nostri]
1987 2094 2030 2144 1.
2055 2108 2101 2142 c.
2120 2103 2390 2145 contemtu
2415 2111 2536 2146 nos·

1469 2167 1555 2230 tri,
1579 2182 1744 2233 eoque
1767 2184 1833 2218 ex
1859 2169 1995 2219 fastu
2018 2178 2161 2220 nato.
2191 2171 2208 2199 ‘
2232 2172 2490 2223 Fastidire
2516 2173 2531 2197 '

1466 2247 1603 2296 enim
1628 2261 1729 2296 non
1755 2249 1920 2297 solum
1945 2249 2231 2311 generatim
2257 2258 2427 2313 notat,
2450 2266 2533 2301 sa-

1465 2321 1656 2371 tietate
1690 2322 1908 2385 alicujus
1940 2325 2019 2372 rei
2043 2325 2127 2372 vel
2164 2338 2417 2387 perseum,
2452 2326 2531 2376 of-

1462 2398 1629 2463 fendi,
1660 2415 1777 2465 quae
1813 2415 1903 2450 nos
1937 2402 2000 2449 ad
2026 2415 2140 2450 eam
2170 2403 2528 2465 repellendam

1462 2478 1730 2540 impellat;
1764 2478 1856 2526 sed
1890 2480 2072 2539 etiam,
2101 2494 2218 2529 cum
2242 2478 2376 2530 fastu
2398 2497 2524 2545 qno-

1461 2551 1579 2602 dam
1616 2554 1837 2618 aliquem
1875 2563 2229 2618 contemnere,
2254 2564 2319 2606 et
2343 2557 2526 2621 dedig-

1459 2628 1591 2677 nari.
1656 2630 1740 2679 Sic
1776 2629 1962 2692 virgil.
1988 2631 2103 2680 Ecl.
2128 2645 2192 2681 n.
2213 2635 2297 2680 ⁷3.
2329 2634 2345 2660 ‘
2371 2632 2526 2682 Inve-

1459 2706 1570 2754 nies
1602 2705 1778 2768 alium,
1816 2706 1861 2755 si
1896 2714 1949 2755 te
1973 2706 2052 2755 liic
2077 2705 2282 2756 fastidit
2309 2706 2527 2757 Alexis.’

1457 2783 1527 2831 Et
1565 2782 1688 2832 ibid.
1724 2796 1800 2831 vs.
1828 2786 1906 2832 14.
1940 2782 1956 2809 ‘
1985 2784 2172 2833 Nonne
2207 2781 2306 2832 fuit
2341 2785 2523 2839 satius.

1458 2860 1632 2910 tristes
1670 2858 2006 2923 Amaryllidis
2052 2860 2175 2912 iras.
2221 2858 2397 2924 Atque
2442 2876 2525 2909 su-

1459 2936 1621 2999 perba
1642 2937 1746 2999 pati
1772 2933 1984 2984 fastidia
2001 2934 2037 2981 ?'
2068 2933 2151 2984 Ad
2175 2950 2326 2997 quam
2350 2936 2521 2985 locum

1457 3012 1691 3073 Servius,
1723 3013 1738 3038 ⁸
1767 3013 1848 3061 Ex
1884 3009 2135 3070 fastidio,'
2168 3010 2354 3072 inquit,
2390 3013 2405 3038 ‘
2435 3026 2521 3059 ve-

1456 3090 1533 3138 nit
1556 3088 1720 3137 omnis
1744 3084 2025 3149 snperbia.'
2086 3085 2175 3134 Sic
2211 3094 2267 3135 et
2303 3086 2414 3136 Cic.
2450 3087 2520 3137 de

1456 3166 1611 3215 Orat.
1635 3178 1696 3214 11.
1713 3168 1794 3214 52.
1817 3161 2084 3211 fastidium
2108 3175 2224 3210 cum
2243 3162 2523 3214 insolentia

1454 3243 1750 3305 conjungit:
1787 3247 1801 3268 ⁸
1830 3240 1951 3290 Non
1985 3244 2108 3288 sunt
2133 3237 2305 3301 tanti‚'
2329 3239 2520 3304 inquit,

1453 3325 1469 3347 ⁴
1495 3320 1601 3368 nlla
1639 3318 1845 3373 merita,
1880 3321 2078 3380 quanta
2113 3314 2392 3366 insolentia
2424 3316 2517 3367 ho·

1452 3394 1624 3456 minis,
1655 3401 2008 3458 quantumque
2042 3391 2343 3441 fastidium!
2409 3394 2516 3443 Ve-

1451 3472 1535 3521 riti
1562 3477 1735 3520 autem
1758 3467 2017 3517 fastidiosi
2052 3467 2334 3530 principes,
2359 3483 2423 3517 ne
2446 3484 2514 3519 ae.

1452 3551 1630 3615 quales
1686 3545 2009 3597 senatoribus
2075 3545 2409 3610 haberentur,
2469 3548 2514 3598 si

1450 3625 1656 3690 quando
1686 3623 2084 3687 ingrederentur
2122 3622 2361 3685 pedites;
2406 3625 2513 3673 lec-

1449 3703 1567 3751 ticis
1625 3702 1848 3751 maxime
1905 3699 2241 3748 vehebantur.
2342 3700 2512 3751 Quem

1448 3779 1750 3828 lecticarum
1786 3790 1952 3832 usum,
1989 3789 2083 3838 pro
2117 3774 2344 3824 moribus
2370 3776 2509 3825 illius

1447 3856 1716 3918 temporis,
1759 3868 1859 3902 non
1899 3853 1950 3901 in
1990 3851 2282 3901 universnm
2329 3866 2509 3915 repre-

1444 3932 1703 3982 hendebat
1740 3929 1973 3988 Plinius;
2028 3927 2122 3977 sed
2168 3934 2424 3993 quatenns
2471 3930 2509 3980 ii

1440 4023 1649 4072 semper
1685 4009 1738 4056 in
1774 4005 1976 4056 lecticis
1999 4012 2195 4069 essent,
2227 4007 2384 4054 etiam
2418 4006 2508 4056 nbi

1441 4095 1710 4135 senatores
1732 4082 1784 4131 iu
1819 4094 2010 4145 pompa
2043 4078 2263 4142 pedibus
2297 4079 2507 4128 incede-

1441 4167 1578 4212 rent.
1647 4162 1728 4210 De
1767 4171 1861 4207 usu
1899 4155 2202 4205 lecticarum
2238 4169 2339 4204 non
2376 4155 2504 4206 nihil

1438 4251 1596 4301 snpra
1620 4235 1734 4285 dixi
1756 4233 1820 4283 ad
1842 4245 1993 4281 xxn.
2020 4233 2065 4277 1.
2100 4230 2248 4278 Idem.

1509 4315 1662 4365 Usum
1675 4311 1846 4376 pedum
1866 4303 2150 4368 ambernac]
2173 4305 2294 4358 Prae
2318 4318 2503 4370 super-
