3060 4902
767 374 830 420 G.
878 372 1119 421 1³thss
1171 371 1506 421 saeuum
1560 370 1835 423 PANBG.

328 515 441 561 tum
465 510 807 560 reductumve
833 525 1097 575 exercere,
1127 514 1287 563 etiam
1325 512 1398 562 le·

327 588 525 638 vissimi
553 588 810 650 possunt.'
845 590 997 638 Idem.

400 666 534 721 Quid
570 681 695 714 nunc
728 680 815 727 ego
849 681 990 730 super
1016 666 1097 730 en]
1133 667 1196 715 In
1219 665 1400 715 codice

330 745 615 800 Pataviuo,
648 751 704 793 et
750 745 886 793 libro
925 745 1194 806 vossiano,
1229 752 1396 793 trans-

331 820 521 884 positae
574 828 696 870 sunt
750 820 869 870 duae
926 820 1128 881 priores
1187 821 1402 882 voculae,

333 897 481 946 Nunc
513 898 626 960 quid
655 913 761 959 ego.
832 898 1010 947 Facile
1040 902 1212 947 a'utem
1249 897 1400 946 intel-

330 971 477 1021 lectu
530 980 632 1027 est.
671 989 815 1037 super
866 988 923 1023 en
966 974 1049 1023 hic
1105 972 1399 1035 significare

330 1047 348 1074 ⁶
363 1054 565 1111 preter
586 1047 686 1098 ea.'
753 1049 888 1099 Vide
912 1064 1090 1113 supra.
1111 1049 1175 1098 ad
1204 1062 1402 1098 mxxiv.

331 1129 383 1174 4.
438 1124 504 1174 ln
540 1126 901 1189 sequentibus,
923 1132 938 1154 ‘
958 1140 1054 1189 pro
1077 1133 1257 1173 senatu
1283 1139 1400 1188 pre-

333 1199 475 1262 cer,’=
500 1209 590 1250 aut
630 1203 882 1265 explicari
924 1208 1117 1265 potest,
1159 1202 1292 1251 Vice
1347 1208 1402 1250 et

333 1275 545 1325 nomine
579 1285 791 1326 senatus
838 1291 1056 1340 precer3
1092 1278 1231 1326 sicut
1268 1291 1402 1339 prae·

335 1352 526 1414 positio
544 1367 633 1415 pro
655 1352 931 1417 aliquando
956 1353 1200 1402 vicarium
1222 1368 1402 1402 munus

334 1433 520 1487 notat3
547 1441 593 1476 v.
619 1442 670 1490 g.
693 1434 707 1457 ⁸
727 1443 819 1490 pro
840 1427 1088 1484 consule‚’
1111 1436 1126 1457 ·
1148 1442 1241 1490 pro
1270 1443 1402 1490 prae-

339 1512 458 1552 tore
489 1501 738 1566 fuit,’&c.
774 1502 987 1568 (confer
1021 1511 1126 1552 not.
1152 1503 1217 1552 ad
1244 1505 1402 1567 axv.)

339 1587 452 1636 aut,
485 1588 501 1610 ⁶
526 1594 618 1643 pro
643 1589 827 1629 senatu
848 1581 862 1601 ⁹
894 1581 1031 1629 idem
1057 1581 1198 1629 valet
1234 1595 1314 1634 ac,
1351 1582 1403 1631 in

337 1663 544 1717 senatu,
559 1671 732 1705 coram
751 1665 958 1716 senatu,
976 1664 1234 1719 praesente
1254 1671 1402 1706 sena-

338 1741 432 1791 tu3
467 1747 516 1779 v.
541 1746 588 1794 g.
628 1733 881 1783 Quinctii.
910 1733 1088 1782 Instit.
1130 1733 1284 1783 Orat.
1322 1748 1403 1784 ιν.

338 1812 391 1858 4.
413 1816 427 1837 ⁸
446 1808 695 1858 Codicem
720 1810 952 1859 tribunus
981 1809 1146 1871 plebis
1171 1810 1283 1873 ipse
1309 1825 1404 1873 pro

339 1886 589 1935 concione
612 1885 774 1950 legit?
806 1885 1003 1937 Confer
1020 1894 1127 1936 not.
1141 1886 1205 1935 ad
1222 1902 1275 1950 p.
1289 1891 1403 1937 868.

337 1959 494 2011 Idem.

408 2039 540 2088 Tunc
560 2039 708 2088 oculis
719 2040 992 2103 protulisti]
1018 2040 1201 2089 Oculis
1217 2054 1402 2102 nempe

338 2114 765 2177 lacrymantibus,
784 2115 850 2164 de
868 2116 1054 2180 quibus
1074 2117 1272 2165 Plinius
1290 2115 1402 2164 dix·

340 2198 456 2240 erat
479 2204 683 2240 Lxxrn.
708 2196 757 2241 4.
779 2197 829 2240 6.
895 2193 1002 2241 Pro
1032 2199 1162 2254 eune,
1184 2193 1235 2241 in
1261 2191 1402 2241 codi-

340 2281 404 2317 ce
427 2267 731 2331 Parisiensi,
754 2277 806 2319 et
831 2269 881 2318 in
910 2269 1126 2318 Gruteri
1155 2284 1217 2318 ac
1241 2271 1403 2319 Pata·

338 2344 436 2393 toli
458 2344 707 2407 editione,
744 2344 935 2408 legitur
967 2360 1126 2403 ιιιιπσς
1159 2360 1274 2410 quae
1301 2344 1402 2394 sre-

340 2434 505 2484 quens
522 2428 604 2471 est
628 2421 804 2470 harum
831 2421 1198 2484 particularum
1223 2420 1401 2471 confu-

340 2498 441 2547 sio.
508 2498 790 2559 Livineius,
823 2499 936 2547 loco
960 2498 1106 2547 verbi
1138 2500 1403 2561 protulisti,

339 2574 520 2624 maluit
542 2575 817 2638 prandisti.
850 2575 956 2625 Sed
986 2590 1088 2625 non
1116 2577 1284 2638 video,
1307 2592 1402 2627 cnr

341 2652 641 2715 abjiciamus
664 2653 924 2715 vulgatam
949 2652 1245 2710 lectionem.
1262 2668 1395 2702 eam-

340 2743 440 2794 que
464 2730 730 2792 hucusque
752 2728 818 2777 ab
839 2730 1073 2778 omnibus
1109 2730 1253 2779 libris
1278 2746 1400 2780 con-

339 2805 613 2855 firmatam.
677 2805 910 2855 Verbum
950 2811 965 2833 ‘
993 2805 1262 2869 proferre,’
1308 2822 1399 2869 pro

338 2881 575 2945 profiteri
609 2889 665 2931 et
699 2882 991 2942 declarare,
1018 2897 1158 2944 saepe
1190 2884 1400 2947 quidem

338 2959 673 3020 conjungitur
693 2972 811 3006 curn
836 2958 1126 3021 hujusmodi
1150 2958 1401 3016 formulis,

338 3032 578 3097 proferre
614 3034 665 3082 in
701 3034 889 3095 lucem,
928 3032 1162 3095 proferre
1196 3035 1244 3082 in
1270 3037 1401 3089 noti·

341 3109 468 3160 tiam
491 3110 726 3173 aliorum,
749 3113 846 3158 διο.
870 3110 959 3159 sed
982 3110 1164 3160 eadem
1188 3114 1401 3162 notione

342 3185 498 3235 etiam
546 3186 781 3235 absolute
827 3186 1068 3248 ponitur;
1104 3201 1152 3235 v.
1188 3193 1236 3246 κ’.
1263 3187 1400 3250 apud

344 3262 594 3313 Quinctil.
622 3262 753 3311 Inst.
781 3262 934 3311 Orat.
961 3274 1045 3310 xr.
1071 3266 1117 3309 1.
1151 3267 1166 3289 ⁸
1187 3261 1403 3314 Profert

343 3350 514 3386 mores
540 3336 840 3400 pierumque
861 3337 1048 3398 oratio,
1067 3344 1119 3386 et
1141 3338 1299 3387 animi
1323 3353 1402 3388 se·

341 3418 488 3462 creta
511 3410 747 3474 detegit?
802 3411 959 3476 Apud
985 3413 1138 3463 eund.
1163 3414 1402 3463 Decium.

342 3490 460 3537 332.
493 3494 508 3516 ‘
522 3485 723 3550 Aperui
740 3495 940 3550 pectus.
957 3496 1011 3536 et
1030 3490 1402 3539 conscientiam

346 3565 564 3627 protuli,
599 3570 672 3620 et,
710 3579 813 3627 qua
853 3578 1025 3613 rerum
1063 3572 1248 3614 natura
1271 3565 1404 3628 pati-

344 3649 451 3702 tur,
473 3642 676 3690 viscera
714 3654 863 3703 paene
895 3656 1009 3690 rnea
1033 3641 1085 3689 in
1121 3649 1405 3706 conspectu

345 3726 518 3766 vestro
562 3715 719 3765 sunt.’
784 3716 957 3765 Tacit.
1005 3717 1141 3766 Hist.
1186 3730 1273 3766 ιιι.
1323 3721 1404 3766 87.

343 3793 359 3822 ‘
387 3793 492 3842 Pro
510 3793 728 3842 Vitellio
749 3801 1126 3859 conquerentes
1146 3808 1293 3844 suum
1310 3794 1403 3844 do·

342 3869 504 3918 lorern
531 3869 904 3932 proferebant.’
934 3871 1088 3920 Idem.

415 3951 583 3999 ocutis
596 3951 864 4015 protulisti]
900 3940 1076 4013 For'te,
1104 3951 1252 4001 oculis
1280 3968 1403 4016 pm-

339 4028 518 4076 tulisti.
557 4026 726 4075 Livin.

400 4104 567 4152 Oculi·
578 4102 852 4165 protulisti}
872 4105 1248 4167 Lacrymando.
1268 4107 1405 4170 Lips.

410 4180 560 4228 Amen
599 4180 733 4228 illam
761 4181 904 4243 diem,
942 4186 991 4229 et
1029 4186 1190 4232 tomen
1221 4184 1406 4247 vincas]

343 4255 391 4306 1.
412 4270 457 4307 e.
487 4270 752 4321 nunquam
785 4255 898 4306 sine
926 4255 1267 4320 jucunditate
1298 4273 1406 4311 me-

1913 374 1961 423 1.
2002 359 2113 424 76.
2408 358 2541 426 953

1475 512 1688 562 mineris
1720 513 1856 562 illius
1889 511 2012 571 diei,
2048 514 2099 562 in
2135 527 2235 578 quo
2266 520 2319 563 te
2345 520 2538 580 tuaque

1473 589 1662 638 merita
1687 597 1764 639 tot
1793 591 1928 639 votis
1958 597 2116 653 atque
2153 590 2539 641 acclamationi-

1475 663 1572 713 bus
1606 679 1779 713 sumus
1805 666 2114 728 'prosecuti;
2145 675 2199 714 et
2226 675 2394 717 tamen
2420 681 2539 717 eum

1477 740 1714 802 pluribus
1759 741 1954 789 meritis
2003 749 2057 789 et
2106 742 2304 803 majore
2350 743 2542 791 iaetitia

1476 815 1670 865 vincas.
1736 816 1843 865 Pro
1882 816 2068 879 copula
2103 821 2169 878 et,
2203 832 2345 866 meus
2373 819 2539 868 codex

1475 892 1634 941 babet
1655 896 1710 940 ut
1731 906 1749 949 ,⁰
1780 899 1835 940 et
1859 906 1951 954 pro
1973 895 2148 952 tamen,
2180 892 2347 941 codex
2381 894 2541 956 Rata·

1477 968 1645 1030 vinus,
1688 982 1748 1017 ac
1785 968 1911 1016 iiber
1949 968 2231 1016 Vossianus
2266 974 2386 1033 tum.
2449 972 2539 1020 Sic

1475 1045 1635 1093 etiam
1671 1059 1768 1108 pro
1791 1043 2141 1108 subsequente
2162 1045 2348 1105 audian,
2372 1045 2539 1094 codex

1476 1123 1886 1186 Salisburgeusis
1917 1129 1973 1172 et
2009 1137 2153 1172 meus
2184 1122 2419 1174 referunt
2452 1140 2539 1174 au·

1475 1198 1595 1247 dies.
1629 1199 1889 1247 Sclnwarz.

1552 1274 1752 1337 Vincas]
1801 1275 2003 1338 Maiora
2040 1273 2303 1333 faciendo,
2346 1276 2539 1339 majora

1477 1351 1754 1401 audiendo.
1790 1352 1925 1413 Lips.

1550 1428 1626 1476 Ob
1656 1426 1842 1488 endem]
1878 1429 2146 1491 Exputare
2179 1444 2281 1478 non
2316 1444 2540 1492 possum,

1479 1519 1583 1568 qua
1606 1505 1899 1568 pertinacia
1922 1520 2098 1555 omnes
2137 1506 2296 1555 nostri
2331 1506 2541 1555 codices

1477 1580 1681 1642 scripti,
1703 1594 1764 1629 ac
1789 1591 2045 1642 praeterea
2072 1581 2122 1629 in
2146 1582 2348 1630 excusis
2374 1581 2543 1641 libris,

1479 1657 1816 1718 Puteolanus,
1838 1657 2148 1720 Beroaldus,
2173 1658 2541 1719 Cuspinianus,

1479 1743 1535 1783 et
1559 1735 1906 1795 Philomusus,
1926 1735 2013 1782 has
2037 1735 2163 1782 dunas
2184 1748 2335 1782 voces
2359 1734 2545 1783 omise-

1479 1811 1603 1861 rint.
1644 1812 1805 1860 Recte
1824 1811 2169 1860 Arntzeuius:
2194 1812 2210 1838 ⁸
2229 1811 2344 1860 Non
2372 1812 2538 1866 video.

1477 1887 1734 1951 quomodo
1754 1887 1933 1935 abesse
1951 1888 2164 1950 possint,
2188 1894 2240 1935 et
2265 1887 2433 1935 oratio
2459 1893 2541 1935 est

1476 1979 1618 2013 mere
1643 1965 1915 2013 Pliniana.'
1970 1965 2155 2027 Immo,
2181 1964 2232 2013 in
2256 1979 2372 2013 meo
2396 1963 2538 2013 codi-

1479 2055 1541 2090 ce
1568 2041 1716 2089 simui
1758 2041 1913 2090 etiam
1950 2042 2163 2090 verbum
2199 2042 2298 2089 dici
2321 2048 2542 2103 praeter-

1478 2118 1689 2167 missum
1715 2126 1812 2173 est,
1835 2120 1925 2180 ita,
1951 2126 2008 2166 ut
2028 2120 2141 2167 sine
2164 2132 2314 2165 sensu
2338 2116 2409 2165 ibi
2430 2118 2540 2166 haec

1479 2195 1672 2255 legam,
1709 2196 1870 2242 eadem
1897 2193 2022 2242 enim
2050 2194 2301 2252 nisisacla
2323 2208 2414 2241 non
2433 2207 2542 2255 pos-

1477 2274 1607 2320 sunt.
1629 2270 1883 2318 Schwarz.

1546 2346 1900 2396 Cantxxvl.
1938 2344 2093 2399 Quam
2111 2345 2381 2412 antiquum]
2421 2349 2466 2397 1.
2491 2365 2539 2399 e.

1479 2436 1633 2487 quam
1670 2421 1898 2487 antiquis
1942 2421 2167 2470 moribus
2201 2425 2395 2474 simile!
2451 2427 2541 2477 sic

1476 2500 1679 2549 Plinius
1699 2514 1871 2562 supra,
1896 2512 2005 2548 mn.
2033 2499 2105 2545 1.ι
2123 2499 2379 2562 Equidem
2397 2502 2539 2551 illum

1478 2578 1745 2641 antiquum
1773 2583 2007 2624 senatum
2032 2577 2266 2625 contueri
2291 2578 2541 2629 videbar!

1476 2655 1651 2717 Epist.
1674 2668 1775 2703 vu.
1798 2658 1880 2703 33.
1913 2652 2121 2701 ‘Nerva
2156 2654 2313 2703 etiam
2350 2657 2539 2705 sir-culo

1476 2739 1557 2779 est
1595 2731 1902 2792 gratulatus,
1925 2729 2007 2777 cui
2044 2731 2336 2789 exemplum
2371 2732 2539 2781 simile

1476 2806 1701 2869 antiquis
1742 2803 2088 2867 contigisset.’
2175 2806 2344 2870 Epist.
2386 2821 2450 2857 ιι.
2492 2813 2542 2860 9.

1475 2882 1729 2930 ‘Erucius
1768 2881 1971 2942 Clarus,
2011 2881 2088 2928 vir
2134 2892 2361 2944 sanctus,
2406 2887 2537 2934 anti·

1477 2973 1629 3022 quus,
1647 2955 1913 3006 disertus0'
1984 2957 2262 3019 Antiquos,
2283 2960 2376 3006 i.e.
2400 2962 2540 3010 simi·

1477 3035 1539 3083 iis
1578 3033 1823 3096 antiquis.
1889 3032 1996 3080 Sub
2033 3031 2184 3080 finem
2218 3034 2368 3094 hujus
2396 3039 2538 3098 capi·

1478 3109 1567 3164 tis,
1600 3109 1614 3133 ‘
1636 3109 1709 3157 Ut
1740 3106 1982 3170 antiquus
2009 3108 2188 3170 aliquis
2219 3123 2539 3174 magnusque

1477 3183 1695 3240 cousul,'
1709 3187 1807 3231 διο.
1857 3183 1969 3243 Sic,
1989 3189 2002 3210 ⁴
2022 3184 2189 3235 Quam
2212 3186 2481 3236 consulare
2502 3187 2538 3235 Υ

1478 3261 1513 3309 i.
1538 3276 1584 3310 e.
1605 3275 1757 3324 quam
1792 3259 2104 3308 conveniens
2135 3260 2332 3309 muneri
2354 3275 2542 3312 consu—

1479 3338 1561 3386 lis.
1626 3335 1792 3396 Infra,
1815 3347 1977 3383 xcm.
1995 3339 2041 3383 1.
2066 3342 2079 3362 ⁴
2099 3335 2405 3387 Consulares
2429 3341 2540 3389 ani·

1479 3428 1587 3462 mos
1639 3411 1900 3461 debilitat.
1920 3410 1935 3431 '
2000 3411 2142 3461 Alias
2187 3417 2504 3465 ‘consularis
2525 3417 2541 3439 ’

1480 3491 1691 3551 dicitur,
1725 3490 1813 3553 qui
1848 3487 2116 3538 consulatu
2150 3488 2260 3552 jam
2295 3491 2539 3555 perfunc-

1481 3573 1561 3615 tus
1585 3572 1685 3614 est.
1720 3565 1874 3614 Idem.

1549 3642 1704 3696 Quam
1756 3641 2026 3705 antiquum]
2093 3643 2174 3691 De
2229 3643 2413 3694 eadem
2464 3660 2542 3703 re,

1479 3718 1621 3767 Ptin.
1645 3717 1813 3779 Epist.
1839 3729 1900 3766 11.
1925 3721 2005 3766 11.
2039 3718 2188 3768 ‘Jam
2217 3720 2313 3769 boc
2348 3721 2536 3784 ipsum,

1478 3809 1632 3858 quam
1671 3794 1939 3856 pulchrum
1979 3802 2033 3844 et
2068 3796 2353 3859 antiquum,
2388 3811 2538 3845 sena·

1481 3876 1587 3919 tum
1626 3877 1775 3919 nocte
1800 3869 2013 3932 dimitti,
2038 3869 2206 3919 triduo
2231 3871 2423 3932 vocari,
2450 3873 2540 3921 tri·

1479 3946 1583 3995 duo
1627 3946 1877 3995 contineri
1899 3946 1917 3993 ?
1936 3943 1951 3966 '
2019 3945 2144 3994 [deo
2194 3956 2365 3994 autem
2406 3947 2541 3995 unli-

1478 4038 1639 4086 quum,
1664 4023 1786 4084 quia
1817 4022 1938 4070 olins
1970 4020 2173 4070 assidue
2205 4030 2417 4072 senatus
2451 4024 2540 4072 ha-

1482 4099 1641 4160 bitus,
1665 4105 1720 4146 et
1755 4111 1837 4145 res
1872 4111 2047 4145 omnes
2070 4097 2123 4145 in
2147 4112 2208 4146 eo
2232 4099 2462 4162 agitatae,
2484 4108 2540 4150 et

1480 4174 1740 4232 decretae,
1773 4174 1828 4221 at
1849 4172 1946 4220 sub
1970 4171 2289 4236 principibus
2313 4175 2539 4227 rariores

1479 4255 1786 4307 conventus,
1810 4248 1929 4313 quia
1960 4247 2037 4297 illi
2070 4247 2138 4298 ad
2170 4262 2227 4299 se
2261 4249 2540 4303 trahebant
