3060 4902
564 352 696 419 '720

631 513 794 562 Nulla
815 507 990 573 obices]
1023 509 1039 539 ‘
1061 509 1240 561 Obex'
1267 509 1478 573 proprie
1501 508 1634 559 diei-

566 596 649 639 tur
687 587 940 649 pessulus,
978 593 1035 635 et
1068 586 1403 649 repagulum;
1443 582 1635 634 deiude

566 663 783 728 quodvis
806 661 1153 722 obstaculum,
1176 661 1241 710 ab
1264 668 1278 690 ‘
1295 659 1634 723 objicieud03’

563 741 683 803 quia
706 737 904 788 foribus
925 738 1197 802 objicitur,
1215 738 1277 786 ad
1306 738 1430 785 alios
1454 738 1634 785 exclu-

562 816 779 864 dendos.
848 815 981 864 Inde
1018 814 1208 876 poeta»,
1244 813 1309 862 ad
1347 813 1634 876 producen-

562 890 678 939 dam
705 892 920 954 primam
947 891 1218 954 syllabam,
1242 890 1293 939 iu
1316 889 1523 938 casibus
1544 890 1633 937 ob-

561 969 713 1032 liquis
750 967 989 1017 scribunt
1031 967 1047 996 ‘
1071 965 1276 1030 objice,'
1320 973 1375 1015 et
1415 968 1430 994 ‘
1454 965 1633 1027 objici·

565 1046 699 1095 bus-⁹
754 1047 889 1094 Vide
909 1045 1048 1094 Geli.
1072 1057 1151 1093 tv.
1176 1048 1256 1092 17.
1324 1043 1520 1091 Notum
1545 1056 1633 1089 au-

562 1129 667 1171 tem
692 1128 792 1182 est,
807 1121 906 1169 boc
928 1132 1113 1168 nomen
1138 1133 1252 1167 esse
1276 1117 1475 1180 generis
1494 1131 1634 1165 com-

563 1198 764 1256 muuis3
799 1198 979 1246 Servio
1016 1204 1190 1244 tamen
1215 1194 1400 1258 judice
1425 1193 1489 1242 ad
1514 1194 1630 1241 Vir-

561 1276 652 1336 gil.
698 1275 894 1336 Georg.
940 1286 1016 1322 tv.
1063 1276 1179 1323 422.
1228 1270 1410 1321 melius
1455 1270 1471 1299 ‘
1508 1269 1632 1332 hic,’

560 1365 715 1415 quam
749 1357 763 1380 ⁸
786 1350 898 1398 ltaec
927 1347 1096 1403 obex.’
1134 1347 1368 1396 dicimus.
1438 1345 1632 1395 Obser-

562 1436 685 1477 vaut
730 1427 886 1476 etiam
933 1427 1039 1489 alii,
1081 1424 1259 1489 poetas
1303 1422 1629 1487 frequentius

558 1503 806 1553 feminino
861 1517 1013 1565 quam
1089 1502 1373 1551 masculino
1436 1514 1630 1562 genere

559 1582 707 1645 imjus
754 1579 974 1628 nominis
1021 1578 1118 1627 uti.
1209 1575 1362 1625 Unde
1400 1584 1455 1625 et
1495 1575 1630 1624 Aru·

559 1657 777 1715 tzenius,
806 1657 1116 1718 scripturam
1152 1653 1270 1703 libri
1291 1653 1549 1713 Vossiaui‚
1575 1660 1628 1702 et

558 1732 751 1782 codicis
782 1729 1252 1792 Guelplterbytani,
1276 1738 1507 1790 secutus,
1530 1730 1629 1778 hoc

558 1810 610 1857 iu
645 1810 756 1856 loco
787 1807 1017 1869 reposuit
1041 1805 1158 1853 nulli
1186 1805 1355 1853 obices.
1422 1805 1627 1856 Quibus

557 1892 612 1934 et
640 1881 959 1948 quorundam
986 1880 1227 1930 codicum
1253 1880 1626 1930 Vaticanorum

558 1960 841 2010 auctoritas
863 1957 1086 2007 accedit.
1145 1957 1325 2005 Ceteri
1346 1965 1520 2006 autem
1541 1972 1626 2005 co-

556 2037 699 2085 dices
745 2037 871 2084 Mss.
918 2049 1113 2097 omnes,
1160 2042 1214 2082 et
1261 2034 1381 2082 libri
1427 2035 1628 2095 excusi,

554 2126 682 2178 quos
739 2111 992 2166 consului,
1041 2108 1316 2174 proferunt
1364 2109 1625 2174 vulgatam

555 2188 867 2247 lectionem3
900 2202 1039 2250 quae,
1071 2187 1113 2234 si
1155 2200 1379 2235 mearum
1418 2186 1625 2250 quidem

557 2266 758 2314 aurium
775 2263 1029 2327 Judicium
1048 2263 1271 2320 audiam,
1291 2264 1468 2327 utique
1488 2278 1627 2312 com-

555 2344 756 2393 modius
777 2356 960 2390 sonare
980 2341 1201 2404 videtur,
1219 2356 1370 2405 quam
1389 2342 1508 2390 nulli
1526 2342 1627 2389 obi·

552 2435 648 2480 ces,
675 2420 793 2469 nulli
820 2418 1208 2468 contumeliarum
1249 2419 1451 2481 gradu.
1516 2419 1626 2469 Ne·

553 2512 655 2561 que
680 2503 853 2546 orator
877 2504 1053 2543 noster
1068 2495 1342 2558 aliquando
1362 2495 1510 2543 nimis
1533 2496 1626 2544 ali-

553 2587 682 2622 enus
706 2578 789 2621 est
812 2586 842 2619 a
866 2570 1096 2619 dictione
1116 2569 1338 2630 poetica.
1388 2570 1472 2619 Cf.
1489 2571 1528 2617 si
1549 2571 1623 2617 lu·

554 2647 665 2708 bet,
699 2647 911 2696 doctiss.
947 2646 1249 2695 Drackenb.
1282 2646 1346 2694 ad
1379 2647 1475 2695 Sil.
1502 2647 1625 2696 Ital.

554 2736 681 2772 xtu.
704 2726 819 2771 252.
839 2729 893 2769 et
929 2720 1201 2769 Heinsium
1238 2720 1302 2769 ad
1342 2721 1623 2771 Prudentii

551 2799 747 2864 Hymu.
772 2798 1008 2847 Cathem.
1028 2811 1109 2845 tx.
1133 2801 1214 2847 74.
1247 2796 1491 2846 Schmun-z.

618 2876 758 2926 Nulli
781 2876 1164 2925 contumeliarum
1189 2877 1402 2939 gradus]
1438 2874 1620 2925 Codex

550 2967 824 3017 meus,pro
849 2968 973 3002 voce
998 2954 1137 3013 nulli,
1152 2953 1310 3002 babet
1332 2954 1381 3001 iu
1406 2966 1622 3003 numero

549 3031 793 3092 singulari
814 3031 986 3079 nullus.
1039 3030 1169 3078 Cum
1195 3044 1337 3084 vero,
1363 3031 1497 3093 quod
1522 3030 1620 3080 sub

549 3111 785 3172 proxima
809 3108 1032 3161 ostendi,
1054 3107 1245 3170 gradus
1270 3109 1403 3157 certi
1428 3110 1621 3159 amico-

550 3199 662 3232 rum
679 3185 1030 3246 clientumque
1046 3192 1420 3247 statuerentur,
1436 3186 1496 3233 iis
1513 3200 1620 3236 om-

549 3261 671 3309 nino
713 3260 1138 3309 contumeliosum
1180 3261 1344 3310 videri
1391 3272 1618 3327 poterat,

546 3337 634 3402 qui
659 3351 688 3385 a
706 3339 945 3401 superbis
967 3337 1431 3397 admissionalibus,
1452 3349 1506 3390 et
1525 3342 1618 3391 mi·

545 3414 719 3463 nistris
753 3414 818 3462 ad
856 3412 1017 3474 fores,
1045 3415 1387 3477 rejicerentur
1409 3419 1472 3465 ad
1499 3434 1616 3481 gra-

547 3488 642 3538 dus
662 3489 950 3549 inferiores,
968 3498 1056 3538 aut
1077 3506 1287 3553 prorsus
1307 3493 1481 3543 limine
1498 3496 1616 3545 sub-

545 3573 915 3613 moverentur:
963 3565 1248 3626 cujusmodi
1290 3571 1613 3619 contumeliis

543 3640 713 3687 nullus
748 3638 970 3687 dabatur
1002 3640 1144 3688 locus
1178 3641 1229 3690 iu
1260 3644 1456 3705 palatio
1480 3644 1612 3694 Tra·

537 3716 669 3779 jani.
706 3715 855 3763 Idem.

615 3790 1016 3840 contumeliarum
1041 3793 1245 3856 gradus]
1284 3795 1359 3843 Ut
1389 3796 1475 3845 alii
1509 3799 1611 3861 pri·

540 3882 625 3917 mo
653 3868 789 3916 ostio
819 3868 1247 3929 admitterentur,
1273 3871 1610 3924 interioribus

541 3943 975 4004 excluderentur3
1002 3945 1109 4007 alii,
1127 3960 1222 3995 nec
1242 3948 1426 4009 primo.
1470 3950 1612 4013 Sive,

540 4020 676 4085 quod
705 4034 843 4083 egre
867 4028 922 4069 et
939 4021 1165 4084 superbe
1189 4025 1399 4087 excepti
1424 4040 1453 4073 a
1467 4026 1604 4089 jani·

540 4099 759 4154 toribus,
796 4099 982 4148 iterum
1015 4100 1328 4165 iterumque,
1361 4109 1419 4152 ut
1456 4103 1608 4167 plura

539 4184 691 4225 erant
715 4176 908 4242 limina,
929 4176 1007 4229 11oe
1032 4174 1360 4230 contumelias
1382 4179 1606 4232 subeun-

539 4248 640 4301 de.
672 4251 808 4315 Lt'pS.

1265 365 1483 415 No‘rAE
1534 365 1937 418 vammum
1992 365 2073 414 m

1771 507 2132 572 Super-alisque]
2157 509 2218 558 Iu
2241 508 2510 571 particulis
2526 511 2785 573 copulau-

1709 584 1868 645 tibus,
1899 591 1966 646 et,
1995 601 2071 642 ac.
2093 593 2251 649 atque,
2274 600 2383 648 que,
2415 587 2680 636 interdum
2714 589 2783 637 εἰ·

1708 664 1812 710 ιιιιιΙ
1845 664 2010 711 latere
2037 663 2135 711 vim
2168 661 2410 724 negandi,
2435 661 2780 725 repetendam

1707 737 1801 786 ἀπὸ
1835 739 2010 793 κοινοῦ,
2043 754 2108 787 ex
2141 737 2491 787 antecedente
2530 752 2656 787 voce
2692 753 2782 787 ne·

1709 825 1863 877 gante
1888 831 1901 874 ;
1956 814 2008 862 id
2054 815 2104 863 iu
2151 815 2369 863 Excurs.
2414 828 2667 863 xxxvnt.
2712 815 2779 866 ad

1708 906 1915 941 xxxvt-
1939 896 1984 941 l.
2012 907 2106 955 per
2130 892 2280 954 plura
2302 893 2544 953 exempla
2566 891 2781 942 demon·

1707 969 1888 1017 stravi.
1956 969 2142 1033 ltaque
2172 976 2226 1017 et
2257 969 2353 1018 boc
2384 969 2435 1017 in
2463 970 2594 1023 loco.
2616 970 2782 1031 parti·

1708 1045 1825 1093 cula
1848 1061 1937 1108 que
1960 1059 2026 1093 ex
2062 1046 2307 1108 proximis
2340 1045 2510 1093 verbis
2541 1048 2781 1107 neganti·

1709 1120 1802 1168 bus
1838 1135 2141 1182 suspensam
2180 1121 2282 1169 vim
2317 1120 2537 1181 negandi
2563 1123 2780 1183 repetit.

1707 1203 1761 1243 ut
1787 1196 1921 1244 bunc
1947 1196 1999 1243 ἰιι
2032 1195 2238 1245 modum
2270 1197 2528 1259 explicari
2551 1196 2778 1251 debeat:

1704 1273 1848 1321 nulle
1881 1272 2054 1330 obices,
2084 1273 2207 1321 nulli
2239 1274 2632 1322 contumeliarum
2661 1291 2780 1336 gra-

1704 1350 1828 1404 dus,-
1867 1348 2195 1411 superatisque
2234 1346 2294 1410 [i.
2334 1363 2381 1396 e.
2417 1363 2586 1411 neque
2624 1365 2778 1415 supe·

1706 1425 1857 1488 ratis]
1879 1428 1987 1486 jum
2007 1427 2136 1475 mille
2160 1424 2422 1485 liminibus,
2447 1427 2576 1475 nura
2597 1441 2781 1489 smper

1703 1502 1861 1565 aliqua
1886 1504 2007 1551 dura
2027 1510 2149 1551 suut
2171 1507 2217 1551 et
2237 1502 2489 1551 obstantia.
2559 1502 2647 1552 lta
2670 1503 2780 1553 Pli-

1705 1579 1822 1627 uius
1856 1580 2014 1628 etiam
2050 1580 2103 1627 in
2141 1578 2386 1641 proximis
2421 1577 2594 1627 verbis
2629 1579 2776 1642 liujus

1703 1654 1893 1717 capitis
1926 1656 2191 1719 loquitur:
2235 1656 2250 1682 ‘
2279 1655 2398 1704 Non
2436 1654 2777 1719 Capitolium,

1703 1732 1919 1796 ipsaque
1943 1732 2000 1794 [i.
2027 1747 2073 1780 e.
2097 1745 2269 1794 neque
2294 1729 2431 1794 ipsa]
2456 1729 2541 1778 illa
2571 1730 2779 1794 adopti-

1705 1810 1814 1858 onis
1842 1818 1941 1857 tuas
1970 1808 2141 1863 sedes.
2164 1807 2324 1871 magis
2358 1806 2584 1871 publica,
2610 1809 2775 1871 magis

1703 1884 1967 1933 omnium!
2019 1884 2273 1933 Similiter
2292 1884 2494 1932 locutus
2514 1891 2595 1932 est
2617 1898 2778 1947 supra

1706 1974 1909 2010 xxxvl.
1928 1966 1976 2010 l.
2007 1968 2022 1990 ⁶
2043 1960 2195 2009 Nunc
2214 1959 2458 2022 templum
2479 1957 2778 2021 illud,uuue

1707 2051 1828 2084 vere
1869 2035 2037 2097 πόας
2081 2051 2184 2085 non
2224 2035 2523 2099 spoliarium
2559 2036 2774 2094 civium.

1702 2121 2135 2177 cruentorumque
2159 2114 2217 2176 [i.
2239 2130 2286 2162 e.
2302 2127 2398 2161 nec
2420 2112 2776 2176 cruentarum]

1704 2189 1994 2251 praedarum
2031 2203 2224 2239 saevum
2268 2188 2679 2250 receptaculum,
2713 2203 2776 2239 ae

1704 2266 1763 2329 [i.
1783 2281 1828 2314 e.
1852 2266 1974 2330 nec]
2013 2274 2122 2316 toto
2153 2266 2204 2314 iu
2239 2266 2362 2314 orbe
2394 2273 2650 2314 terrarum
2684 2266 2772 2315 ad.

1702 2341 1801 2389 huc
1838 2342 1976 2390 locus
2015 2355 2164 2402 unus,
2187 2342 2239 2389 iu
2266 2353 2387 2404 quo,
2411 2342 2614 2403 optimo
2637 2342 2774 2404 priu-

1704 2418 1837 2481 cipe,
1854 2418 1972 2467 boni
1992 2417 2138 2467 malis
2159 2418 2382 2479 impares
2403 2416 2620 2469 essent.’
2662 2416 2773 2468 Ad·

1700 2493 1812 2544 lunc
1844 2495 1999 2550 idem,
2027 2508 2209 2545 xxxv.
2231 2499 2280 2545 3.
2315 2501 2329 2524 ⁸
2356 2495 2568 2557 Neque,
2592 2503 2652 2544 ut
2684 2510 2771 2545 au-

1703 2579 1808 2631 tea,
1821 2586 2135 2634 exsanguem
2156 2572 2296 2620 illam
2314 2578 2368 2620 et
2385 2569 2610 2620 ferream
2630 2571 2772 2622 frou·

1701 2654 1807 2696 tem
1860 2646 2240 2711 necquidquam
2291 2647 2771 2698 convulnerandam

1700 2723 1970 2787 praebeant
2018 2726 2240 2788 punctis,
2283 2731 2339 2775 et
2383 2724 2445 2787 [i.
2485 2741 2534 2775 e.
2573 2727 2770 2791 neque]

1701 2808 1850 2850 notas
1885 2815 2001 2851 suas
2029 2800 2268 2852 rideant.'
2337 2800 2420 2851 cf.
2446 2799 2582 2851 iufra
2608 2816 2770 2854 xux.

1698 2883 1746 2928 6.
1808 2878 2001 2927 Eadem
2027 2877 2269 2942 loquendi
2296 2878 2430 2927 ratio
2453 2879 2584 2927 alias
2608 2881 2768 2930 etiam

1700 2955 1843 3002 bonis
1860 2954 2203 3018 scriptoribus
2222 2964 2301 3003 est
2316 2955 2630 3017 communis3
2655 2971 2704 3007 v.
2718 2971 2771 3021 g.

1698 3030 1883 3093 Vin-gil.
1910 3031 2024 3079 AEn.
2046 3043 2122 3079 ιν.
2146 3035 2262 3079 227.
2297 3033 2312 3059 ‘
2341 3031 2464 3080 Nou
2498 3030 2643 3080 illum
2680 3046 2767 3081 uo·

1697 3108 1776 3156 bia
1808 3108 2047 3171 genetrix
2085 3108 2430 3170 pulcherrima
2455 3109 2612 3157 talem
2638 3109 2768 3159 Pro*

1693 3185 1850 3248 misit,
1874 3187 2190 3250 Graiumque
2225 3187 2284 3250 [i.
2310 3201 2359 3238 e.
2379 3182 2549 3251 neque
2582 3188 2768 3238 Graio·

1695 3262 1830 3326 rum]
1852 3264 1969 3313 ideo
1995 3264 2072 3313 bis
2099 3264 2329 3313 vindicat
2352 3262 2547 3313 armis.’
2602 3266 2672 3314 Et
2690 3280 2765 3315 vs.

1692 3343 1806 3388 236.
1839 3344 1853 3368 ⁶
1884 3341 1996 3390 Nec
2019 3340 2213 3403 prolem
2232 3339 2540 3403 Ausoniam,
2564 3350 2620 3389 et
2642 3343 2702 3406 [i.
2717 3356 2765 3393 e.

1692 3418 1814 3481 nec]
1853 3416 2066 3466 Lavinia
2100 3417 2318 3480 respicit
2348 3416 2510 3466 arva!
2573 3417 2765 3466 Horat.

1692 3492 1859 3553 Epod.
1885 3505 2003 3541 xvi.
2028 3496 2075 3540 8.
2109 3492 2124 3519 ‘
2148 3493 2194 3541 N
2202 3507 2261 3542 ec
2286 3491 2399 3541 fera
2420 3493 2652 3543 coerulea
2675 3494 2766 3545 do·

1691 3568 1821 3616 muit
1855 3567 2133 3617 Germania
2158 3567 2315 3631 pube,
2339 3568 2761 3636 Parentibusque

1691 3644 1751 3708 [i.
1795 3660 1844 3695 e.
1899 3660 1998 3695 uec
2051 3645 2379 3711 parentibus]
2437 3646 2761 3699 abominatus

1690 3722 1988 3772 Hannibal!
2055 3721 2274 3771 Gratius
2306 3722 2537 3772 Faliscus
2561 3724 2764 3789 Cyneg-

1691 3811 1763 3845 vs.
1783 3802 1899 3847 808.
1934 3805 1948 3827 ⁴
1976 3798 2091 3847 Nec
2125 3797 2276 3846 luxus
2308 3798 2457 3853 alios,
2489 3800 2761 3865 avideque

1686 3873 1746 3936 [i.
1784 3888 1832 3922 e.
1872 3887 2043 3937 neque
2087 3872 2281 3936 avidae]
2327 3873 2595 3937 impendia
2636 3877 2760 3926 vite

1688 3948 1964 3999 Noscant.'
1998 3949 2240 3999 Schmun.

1747 4027 1890 4075 Mille
1931 4026 2199 4090 liminibus]
2253 4026 2405 4076 Sicut
2447 4028 2759 4082 Draekeub.

1684 4101 1748 4150 ad
1768 4102 1862 4150 Sil.
1888 4112 1927 4150 ι.
1948 4106 2030 4152 66.
2052 4109 2107 4151 et
2132 4116 2211 4151 tv.
2234 4106 2349 4153 10⁵.
2372 4104 2760 4168 observavit,iu

1683 4179 1894 4242 scriptis
1927 4180 2195 4230 codicibus
2223 4178 2357 4229 baud
2387 4195 2502 4230 raro
2525 4182 2666 4232 iuter
2699 4198 2760 4234 se

1682 4256 1987 4308 commutari
2017 4262 2032 4287 ³
2055 4254 2249 4320 limem·
2283 4261 2297 4284 ¹
2318 4256 2534 4322 lumen,’
2567 4265 2626 4310 et
2660 4259 2675 4287 ⁴
2696 4260 2756 4311 li·
