<?xml version="1.0" encoding="UTF-8"?>
<!DOCTYPE html PUBLIC "-//W3C//DTD XHTML 1.0 Transitional//EN"
    "http://www.w3.org/TR/xhtml1/DTD/xhtml1-transitional.dtd">
<html xmlns="http://www.w3.org/1999/xhtml" xml:lang="en" lang="en">
 <head>
  <title>
</title>
<meta http-equiv="Content-Type" content="text/html;charset=utf-8" />
  <meta name='ocr-system' content='tesseract 3.04.00' />
  <meta name='ocr-capabilities' content='ocr_page ocr_carea ocr_par ocr_line ocrx_word'/>
</head>
<body>
  <div class='ocr_page' id='page_1' title='image "./panegyriciveter02unkngoog_0174.png"; bbox 0 0 3060 4902; ppageno 0'>
   <div class='ocr_carea' id='block_1_1' title="bbox 512 370 645 435">
    <p class='ocr_par' dir='ltr' id='par_1_1' title="bbox 512 370 645 435">
     <span class='ocr_line' id='line_1_1' title="bbox 512 370 645 435; baseline 0 0"><span class='ocrx_word' id='word_1_1' title='bbox 512 370 645 435; x_wconf 80' lang='lat'>618</span> 
     </span>
    </p>
   </div>
   <div class='ocr_carea' id='block_1_2' title="bbox 475 531 1586 4211">
    <p class='ocr_par' dir='ltr' id='par_1_2' title="bbox 514 531 1584 1045">
     <span class='ocr_line' id='line_1_2' title="bbox 516 531 1584 595; baseline 0.002 -14"><span class='ocrx_word' id='word_1_2' title='bbox 516 531 654 581; x_wconf 81' lang='lat' dir='ltr'>bello</span> <span class='ocrx_word' id='word_1_3' title='bbox 694 540 922 581; x_wconf 82' lang='lat' dir='ltr'>armatos</span> <span class='ocrx_word' id='word_1_4' title='bbox 965 532 1141 584; x_wconf 84' lang='lat' dir='ltr'>hostes</span> <span class='ocrx_word' id='word_1_5' title='bbox 1189 534 1450 595; x_wconf 72' lang='lat' dir='ltr'>timerent,</span> <span class='ocrx_word' id='word_1_6' title='bbox 1491 540 1584 583; x_wconf 89' lang='lat' dir='ltr'>aut</span> 
     </span>
     <span class='ocr_line' id='line_1_3' title="bbox 517 609 1580 675; baseline 0.006 -20"><span class='ocrx_word' id='word_1_7' title='bbox 517 611 749 670; x_wconf 85' lang='lat' dir='ltr'>vulnera,</span> <span class='ocrx_word' id='word_1_8' title='bbox 773 617 860 657; x_wconf 86' lang='lat' dir='ltr'>aut</span> <span class='ocrx_word' id='word_1_9' title='bbox 885 609 1097 660; x_wconf 84' lang='lat' dir='ltr'>ferrum.</span> <span class='ocrx_word' id='word_1_10' title='bbox 1146 613 1272 661; x_wconf 85' lang='lat' dir='ltr'>Erat</span> <span class='ocrx_word' id='word_1_11' title='bbox 1290 627 1415 675; x_wconf 86' lang='lat' dir='ltr'>ergo</span> <span class='ocrx_word' id='word_1_12' title='bbox 1439 620 1452 641; x_wconf 89' lang='lat'>‘</span> <span class='ocrx_word' id='word_1_13' title='bbox 1474 614 1580 675; x_wconf 81' lang='lat' dir='ltr'>gla-</span> 
     </span>
     <span class='ocr_line' id='line_1_4' title="bbox 514 685 1582 754; baseline 0.006 -22"><span class='ocrx_word' id='word_1_14' title='bbox 514 685 789 735; x_wconf 86' lang='lat' dir='ltr'>diatorium</span> <span class='ocrx_word' id='word_1_15' title='bbox 809 690 1162 749; x_wconf 71' lang='lat' dir='ltr'>spectaculum</span> <span class='ocrx_word' id='word_1_16' title='bbox 1182 690 1414 754; x_wconf 65' lang='lat' dir='ltr'>quaedam</span> <span class='ocrx_word' id='word_1_17' title='bbox 1439 690 1582 754; x_wconf 86' lang='lat' dir='ltr'>quasi</span> 
     </span>
     <span class='ocr_line' id='line_1_5' title="bbox 515 761 1582 825; baseline 0.007 -16"><span class='ocrx_word' id='word_1_18' title='bbox 515 761 790 825; x_wconf 73' lang='lat' dir='ltr'>disciplina</span> <span class='ocrx_word' id='word_1_19' title='bbox 806 772 989 813; x_wconf 88' lang='lat' dir='ltr'>contra</span> <span class='ocrx_word' id='word_1_20' title='bbox 1009 765 1238 814; x_wconf 89' lang='lat' dir='ltr'>dolorem</span> <span class='ocrx_word' id='word_1_21' title='bbox 1265 774 1319 815; x_wconf 88' lang='lat' dir='ltr'>et</span> <span class='ocrx_word' id='word_1_22' title='bbox 1343 777 1582 825; x_wconf 88' lang='lat' dir='ltr'>mortem,</span> 
     </span>
     <span class='ocr_line' id='line_1_6' title="bbox 515 838 1582 906; baseline 0.003 -19"><span class='ocrx_word' id='word_1_23' title='bbox 515 846 674 904; x_wconf 84' lang='lat' dir='ltr'>atque</span> <span class='ocrx_word' id='word_1_24' title='bbox 698 838 762 887; x_wconf 83' lang='lat' dir='ltr'>ad</span> <span class='ocrx_word' id='word_1_25' title='bbox 790 841 1022 897; x_wconf 84' lang='lat' dir='ltr'>vulnera,</span> <span class='ocrx_word' id='word_1_26' title='bbox 1048 843 1333 906; x_wconf 87' lang='lat' dir='ltr'>mortisque</span> <span class='ocrx_word' id='word_1_27' title='bbox 1349 850 1582 892; x_wconf 87' lang='lat' dir='ltr'>contem·</span> 
     </span>
     <span class='ocr_line' id='line_1_7' title="bbox 516 917 1580 971; baseline 0.003 -6"><span class='ocrx_word' id='word_1_28' title='bbox 516 922 625 965; x_wconf 90' lang='lat' dir='ltr'>tum</span> <span class='ocrx_word' id='word_1_29' title='bbox 651 917 879 967; x_wconf 78' lang='lat' dir='ltr'>homines</span> <span class='ocrx_word' id='word_1_30' title='bbox 902 919 1267 971; x_wconf 86' lang='lat' dir='ltr'>accendebat.’</span> <span class='ocrx_word' id='word_1_31' title='bbox 1320 920 1431 970; x_wconf 87' lang='lat' dir='ltr'>Cic.</span> <span class='ocrx_word' id='word_1_32' title='bbox 1452 921 1580 968; x_wconf 86' lang='lat' dir='ltr'>Tus·</span> 
     </span>
     <span class='ocr_line' id='line_1_8' title="bbox 514 995 996 1045; baseline 0.002 -2"><span class='ocrx_word' id='word_1_33' title='bbox 514 995 618 1043; x_wconf 83' lang='lat' dir='ltr'>cul.</span> <span class='ocrx_word' id='word_1_34' title='bbox 639 995 727 1043; x_wconf 89' lang='lat' dir='ltr'>lib.</span> <span class='ocrx_word' id='word_1_35' title='bbox 745 1009 809 1043; x_wconf 99' lang='grc' dir='ltr'><strong>ιι.</strong></span> <span class='ocrx_word' id='word_1_36' title='bbox 843 996 996 1045; x_wconf 71' lang='lat' dir='ltr'>Beris.</span> 
     </span>
    </p>

    <p class='ocr_par' dir='ltr' id='par_1_3' title="bbox 581 1071 1579 1136">
     <span class='ocr_line' id='line_1_9' title="bbox 581 1071 1579 1136; baseline 0.003 -17"><span class='ocrx_word' id='word_1_37' title='bbox 581 1071 935 1136; x_wconf 71' lang='lat' dir='ltr'>Spectaculum]</span> <span class='ocrx_word' id='word_1_38' title='bbox 969 1073 1325 1124; x_wconf 72' lang='lat' dir='ltr'>Gladiatorium</span> <span class='ocrx_word' id='word_1_39' title='bbox 1348 1072 1579 1134; x_wconf 81' lang='lat' dir='ltr'>scilicet;</span> 
     </span>
    </p>

    <p class='ocr_par' dir='ltr' id='par_1_4' title="bbox 475 1150 1585 3136">
     <span class='ocr_line' id='line_1_10' title="bbox 515 1150 1582 1215; baseline 0.001 -17"><span class='ocrx_word' id='word_1_40' title='bbox 515 1150 655 1215; x_wconf 90' lang='lat' dir='ltr'>quod</span> <span class='ocrx_word' id='word_1_41' title='bbox 679 1151 935 1213; x_wconf 85' lang='lat' dir='ltr'>Trajauus</span> <span class='ocrx_word' id='word_1_42' title='bbox 969 1166 1166 1200; x_wconf 87' lang='lat' dir='ltr'>summa</span> <span class='ocrx_word' id='word_1_43' title='bbox 1199 1150 1582 1212; x_wconf 79' lang='lat' dir='ltr'>magnificentia</span> 
     </span>
     <span class='ocr_line' id='line_1_11' title="bbox 515 1227 1579 1295; baseline 0.005 -19"><span class='ocrx_word' id='word_1_44' title='bbox 515 1227 700 1285; x_wconf 82' lang='lat' dir='ltr'>edidit,</span> <span class='ocrx_word' id='word_1_45' title='bbox 726 1236 862 1278; x_wconf 89' lang='lat' dir='ltr'>teste</span> <span class='ocrx_word' id='word_1_46' title='bbox 884 1230 1169 1294; x_wconf 80' lang='lat' dir='ltr'>xiphilino,</span> <span class='ocrx_word' id='word_1_47' title='bbox 1195 1246 1310 1295; x_wconf 80' lang='lat' dir='ltr'>pag.</span> <span class='ocrx_word' id='word_1_48' title='bbox 1330 1237 1445 1282; x_wconf 76' lang='lat'>2⁴5.</span> <span class='ocrx_word' id='word_1_49' title='bbox 1483 1234 1579 1281; x_wconf 77' lang='lat' dir='ltr'>Pa·</span> 
     </span>
     <span class='ocr_line' id='line_1_12' title="bbox 517 1307 659 1353; baseline 0.007 -1"><span class='ocrx_word' id='word_1_50' title='bbox 517 1307 659 1353; x_wconf 72' lang='lat' dir='ltr'>torol.</span> 
     </span>
     <span class='ocr_line' id='line_1_13' title="bbox 520 1384 1580 1452; baseline 0.008 -21"><span class='ocrx_word' id='word_1_51' title='bbox 520 1389 522 1392; x_wconf 71' lang='lat'>‘</span> <span class='ocrx_word' id='word_1_52' title='bbox 552 1384 697 1432; x_wconf 80' lang='lat' dir='ltr'>-Nou</span> <span class='ocrx_word' id='word_1_53' title='bbox 726 1386 916 1449; x_wconf 74' lang='lat' dir='ltr'>enerve]</span> <span class='ocrx_word' id='word_1_54' title='bbox 952 1385 1000 1435; x_wconf 88' lang='lat'>1.</span> <span class='ocrx_word' id='word_1_55' title='bbox 1035 1401 1080 1435; x_wconf 86' lang='lat' dir='ltr'>e.</span> <span class='ocrx_word' id='word_1_56' title='bbox 1115 1387 1253 1452; x_wconf 85' lang='lat' dir='ltr'>qnod</span> <span class='ocrx_word' id='word_1_57' title='bbox 1291 1402 1390 1437; x_wconf 88' lang='lat' dir='ltr'>non</span> <span class='ocrx_word' id='word_1_58' title='bbox 1424 1390 1580 1441; x_wconf 85' lang='lat' dir='ltr'>molle</span> 
     </span>
     <span class='ocr_line' id='line_1_14' title="bbox 516 1459 1579 1527; baseline 0.008 -20"><span class='ocrx_word' id='word_1_59' title='bbox 516 1464 572 1508; x_wconf 88' lang='lat' dir='ltr'>et</span> <span class='ocrx_word' id='word_1_60' title='bbox 594 1459 704 1508; x_wconf 88' lang='lat' dir='ltr'>siue</span> <span class='ocrx_word' id='word_1_61' title='bbox 721 1460 932 1524; x_wconf 86' lang='lat' dir='ltr'>viribus,</span> <span class='ocrx_word' id='word_1_62' title='bbox 950 1463 1041 1511; x_wconf 88' lang='lat' dir='ltr'>sed</span> <span class='ocrx_word' id='word_1_63' title='bbox 1062 1462 1245 1511; x_wconf 88' lang='lat' dir='ltr'>durum</span> <span class='ocrx_word' id='word_1_64' title='bbox 1263 1472 1318 1513; x_wconf 86' lang='lat' dir='ltr'>et</span> <span class='ocrx_word' id='word_1_65' title='bbox 1338 1479 1579 1527; x_wconf 85' lang='lat' dir='ltr'>asperum</span> 
     </span>
     <span class='ocr_line' id='line_1_15' title="bbox 515 1538 1583 1595; baseline 0.007 -10"><span class='ocrx_word' id='word_1_66' title='bbox 515 1544 631 1595; x_wconf 86' lang='lat' dir='ltr'>est;</span> <span class='ocrx_word' id='word_1_67' title='bbox 673 1538 748 1584; x_wconf 87' lang='lat' dir='ltr'>uti</span> <span class='ocrx_word' id='word_1_68' title='bbox 787 1538 1032 1588; x_wconf 85' lang='lat' dir='ltr'>Quinctil.</span> <span class='ocrx_word' id='word_1_69' title='bbox 1065 1540 1239 1589; x_wconf 85' lang='lat' dir='ltr'>Iustit.</span> <span class='ocrx_word' id='word_1_70' title='bbox 1278 1541 1432 1590; x_wconf 85' lang='lat' dir='ltr'>Orat.</span> <span class='ocrx_word' id='word_1_71' title='bbox 1459 1558 1583 1594; x_wconf 85' lang='lat' dir='ltr'>vm.</span> 
     </span>
     <span class='ocr_line' id='line_1_16' title="bbox 515 1614 1583 1686; baseline 0.008 -24"><span class='ocrx_word' id='word_1_72' title='bbox 515 1618 566 1663; x_wconf 76' lang='lat'>4.</span> <span class='ocrx_word' id='word_1_73' title='bbox 590 1614 756 1664; x_wconf 82' lang='lat' dir='ltr'>dixit:</span> <span class='ocrx_word' id='word_1_74' title='bbox 789 1616 874 1665; x_wconf 90' lang='lat' dir='ltr'>‘Si</span> <span class='ocrx_word' id='word_1_75' title='bbox 899 1617 967 1665; x_wconf 86' lang='lat' dir='ltr'>sit</span> <span class='ocrx_word' id='word_1_76' title='bbox 991 1632 1223 1681; x_wconf 83' lang='lat' dir='ltr'>necesse,</span> <span class='ocrx_word' id='word_1_77' title='bbox 1247 1619 1424 1668; x_wconf 88' lang='lat' dir='ltr'>duram</span> <span class='ocrx_word' id='word_1_78' title='bbox 1449 1623 1583 1686; x_wconf 86' lang='lat' dir='ltr'>poti-</span> 
     </span>
     <span class='ocr_line' id='line_1_17' title="bbox 516 1696 1581 1757; baseline 0.007 -17"><span class='ocrx_word' id='word_1_79' title='bbox 516 1705 576 1741; x_wconf 83' lang='lat' dir='ltr'>us</span> <span class='ocrx_word' id='word_1_80' title='bbox 602 1700 758 1756; x_wconf 86' lang='lat' dir='ltr'>atque</span> <span class='ocrx_word' id='word_1_81' title='bbox 774 1707 1008 1756; x_wconf 85' lang='lat' dir='ltr'>asperam</span> <span class='ocrx_word' id='word_1_82' title='bbox 1025 1696 1455 1757; x_wconf 72' lang='lat' dir='ltr'>compositionem</span> <span class='ocrx_word' id='word_1_83' title='bbox 1476 1713 1581 1747; x_wconf 89' lang='lat' dir='ltr'>ma·</span> 
     </span>
     <span class='ocr_line' id='line_1_18' title="bbox 515 1767 1584 1832; baseline 0.007 -16"><span class='ocrx_word' id='word_1_84' title='bbox 515 1767 604 1816; x_wconf 88' lang='lat' dir='ltr'>lim</span> <span class='ocrx_word' id='word_1_85' title='bbox 630 1782 761 1828; x_wconf 83' lang='lat' dir='ltr'>esse,</span> <span class='ocrx_word' id='word_1_86' title='bbox 796 1783 946 1832; x_wconf 86' lang='lat' dir='ltr'>quam</span> <span class='ocrx_word' id='word_1_87' title='bbox 983 1768 1328 1819; x_wconf 77' lang='lat' dir='ltr'>effeminatam</span> <span class='ocrx_word' id='word_1_88' title='bbox 1354 1781 1408 1821; x_wconf 86' lang='lat' dir='ltr'>et</span> <span class='ocrx_word' id='word_1_89' title='bbox 1434 1789 1584 1823; x_wconf 87' lang='lat' dir='ltr'>ener-</span> 
     </span>
     <span class='ocr_line' id='line_1_19' title="bbox 515 1842 1582 1909; baseline 0.008 -18"><span class='ocrx_word' id='word_1_90' title='bbox 515 1842 674 1893; x_wconf 66' lang='lat' dir='ltr'>vem!</span> <span class='ocrx_word' id='word_1_91' title='bbox 738 1844 826 1893; x_wconf 85' lang='lat' dir='ltr'>Sic</span> <span class='ocrx_word' id='word_1_92' title='bbox 850 1852 1033 1893; x_wconf 83' lang='lat' dir='ltr'>auctor</span> <span class='ocrx_word' id='word_1_93' title='bbox 1059 1847 1262 1909; x_wconf 84' lang='lat' dir='ltr'>Dialogi</span> <span class='ocrx_word' id='word_1_94' title='bbox 1301 1848 1364 1897; x_wconf 85' lang='lat' dir='ltr'>de</span> <span class='ocrx_word' id='word_1_95' title='bbox 1390 1849 1582 1899; x_wconf 87' lang='lat' dir='ltr'>Orato-</span> 
     </span>
     <span class='ocr_line' id='line_1_20' title="bbox 515 1918 1584 1983; baseline 0.008 -16"><span class='ocrx_word' id='word_1_96' title='bbox 515 1918 680 1981; x_wconf 78' lang='lat' dir='ltr'>ribus,</span> <span class='ocrx_word' id='word_1_97' title='bbox 704 1933 820 1983; x_wconf 85' lang='lat' dir='ltr'>cap.</span> <span class='ocrx_word' id='word_1_98' title='bbox 844 1924 923 1969; x_wconf 88' lang='grc'>18.</span> <span class='ocrx_word' id='word_1_99' title='bbox 939 1920 1032 1982; x_wconf 88' lang='lat' dir='ltr'>ait,</span> <span class='ocrx_word' id='word_1_100' title='bbox 1051 1923 1349 1972; x_wconf 81' lang='lat' dir='ltr'>Ciceronem</span> <span class='ocrx_word' id='word_1_101' title='bbox 1374 1940 1404 1973; x_wconf 86' lang='lat' dir='ltr'>a</span> <span class='ocrx_word' id='word_1_102' title='bbox 1423 1926 1584 1976; x_wconf 78' lang='lat' dir='ltr'>Calvo</span> 
     </span>
     <span class='ocr_line' id='line_1_21' title="bbox 518 1995 1583 2063; baseline 0.008 -21"><span class='ocrx_word' id='word_1_103' title='bbox 518 1995 725 2058; x_wconf 86' lang='lat' dir='ltr'>quidem</span> <span class='ocrx_word' id='word_1_104' title='bbox 745 1997 876 2044; x_wconf 88' lang='lat' dir='ltr'>male</span> <span class='ocrx_word' id='word_1_105' title='bbox 897 1996 1155 2046; x_wconf 81' lang='lat' dir='ltr'>audivisse</span> <span class='ocrx_word' id='word_1_106' title='bbox 1176 2017 1191 2059; x_wconf 89' lang='lat'>;</span> <span class='ocrx_word' id='word_1_107' title='bbox 1212 2009 1453 2063; x_wconf 89' lang='lat' dir='ltr'>tanquam</span> <span class='ocrx_word' id='word_1_108' title='bbox 1473 2006 1487 2030; x_wconf 88' lang='lat'>‘</span> <span class='ocrx_word' id='word_1_109' title='bbox 1503 2018 1583 2051; x_wconf 86' lang='lat' dir='ltr'>so·</span> 
     </span>
     <span class='ocr_line' id='line_1_22' title="bbox 514 2074 1585 2141; baseline 0.007 -20"><span class='ocrx_word' id='word_1_110' title='bbox 514 2074 680 2122; x_wconf 86' lang='lat' dir='ltr'>lutum</span> <span class='ocrx_word' id='word_1_111' title='bbox 706 2082 761 2123; x_wconf 90' lang='lat' dir='ltr'>et</span> <span class='ocrx_word' id='word_1_112' title='bbox 794 2075 1092 2136; x_wconf 77' lang='lat' dir='ltr'>enervem3&#39;</span> <span class='ocrx_word' id='word_1_113' title='bbox 1136 2091 1166 2125; x_wconf 90' lang='lat' dir='ltr'>a</span> <span class='ocrx_word' id='word_1_114' title='bbox 1197 2076 1363 2127; x_wconf 87' lang='lat' dir='ltr'>Bruto</span> <span class='ocrx_word' id='word_1_115' title='bbox 1389 2088 1585 2141; x_wconf 86' lang='lat' dir='ltr'>autem,</span> 
     </span>
     <span class='ocr_line' id='line_1_23' title="bbox 517 2150 1583 2213; baseline 0.007 -16"><span class='ocrx_word' id='word_1_116' title='bbox 517 2156 761 2213; x_wconf 76' lang='lat' dir='ltr'>tanquam</span> <span class='ocrx_word' id='word_1_117' title='bbox 797 2150 1058 2200; x_wconf 87' lang='lat' dir='ltr'>‘fractum</span> <span class='ocrx_word' id='word_1_118' title='bbox 1093 2158 1145 2201; x_wconf 86' lang='lat' dir='ltr'>et</span> <span class='ocrx_word' id='word_1_119' title='bbox 1171 2153 1463 2203; x_wconf 87' lang='lat' dir='ltr'>elumbem.’</span> <span class='ocrx_word' id='word_1_120' title='bbox 1498 2156 1583 2204; x_wconf 89' lang='lat' dir='ltr'>Ci-</span> 
     </span>
     <span class='ocr_line' id='line_1_24' title="bbox 515 2232 1585 2289; baseline 0.006 -14"><span class='ocrx_word' id='word_1_121' title='bbox 515 2236 640 2275; x_wconf 80' lang='lat' dir='ltr'>cero</span> <span class='ocrx_word' id='word_1_122' title='bbox 683 2240 785 2276; x_wconf 89' lang='lat' dir='ltr'>uon</span> <span class='ocrx_word' id='word_1_123' title='bbox 831 2242 951 2277; x_wconf 84' lang='lat' dir='ltr'>usus</span> <span class='ocrx_word' id='word_1_124' title='bbox 991 2237 1072 2278; x_wconf 85' lang='lat' dir='ltr'>ost</span> <span class='ocrx_word' id='word_1_125' title='bbox 1111 2243 1239 2277; x_wconf 81' lang='lat' dir='ltr'>voce</span> <span class='ocrx_word' id='word_1_126' title='bbox 1285 2238 1299 2260; x_wconf 77' lang='lat'>⁸</span> <span class='ocrx_word' id='word_1_127' title='bbox 1338 2232 1585 2289; x_wconf 79' lang='lat' dir='ltr'>enervis,’</span> 
     </span>
     <span class='ocr_line' id='line_1_25' title="bbox 515 2302 1583 2366; baseline 0.008 -16"><span class='ocrx_word' id='word_1_128' title='bbox 515 2302 607 2350; x_wconf 88' lang='lat' dir='ltr'>sed</span> <span class='ocrx_word' id='word_1_129' title='bbox 650 2303 665 2330; x_wconf 76' lang='lat'>⁸</span> <span class='ocrx_word' id='word_1_130' title='bbox 687 2312 961 2353; x_wconf 78' lang='lat' dir='ltr'>enervatus</span> <span class='ocrx_word' id='word_1_131' title='bbox 980 2305 1012 2366; x_wconf 67' lang='grc' dir='ltr'>ς’</span> <span class='ocrx_word' id='word_1_132' title='bbox 1056 2306 1128 2354; x_wconf 90' lang='lat' dir='ltr'>uti</span> <span class='ocrx_word' id='word_1_133' title='bbox 1174 2307 1384 2356; x_wconf 84' lang='lat' dir='ltr'>Tuscul.</span> <span class='ocrx_word' id='word_1_134' title='bbox 1424 2323 1489 2358; x_wconf 87' lang='grc' dir='ltr'><strong>ιι.</strong></span> <span class='ocrx_word' id='word_1_135' title='bbox 1533 2315 1583 2360; x_wconf 81' lang='grc'><strong>6.</strong></span> 
     </span>
     <span class='ocr_line' id='line_1_26' title="bbox 516 2379 1581 2447; baseline 0.006 -21"><span class='ocrx_word' id='word_1_136' title='bbox 516 2385 671 2427; x_wconf 79' lang='lat' dir='ltr'>vocat</span> <span class='ocrx_word' id='word_1_137' title='bbox 694 2379 709 2405; x_wconf 90' lang='lat'>‘</span> <span class='ocrx_word' id='word_1_138' title='bbox 730 2389 1025 2429; x_wconf 76' lang='lat' dir='ltr'>enervatum</span> <span class='ocrx_word' id='word_1_139' title='bbox 1045 2383 1446 2447; x_wconf 75' lang='lat' dir='ltr'>muliebremque</span> <span class='ocrx_word' id='word_1_140' title='bbox 1467 2398 1581 2432; x_wconf 78' lang='lat' dir='ltr'>seu·</span> 
     </span>
     <span class='ocr_line' id='line_1_27' title="bbox 516 2458 1582 2524; baseline 0.003 -17"><span class='ocrx_word' id='word_1_141' title='bbox 516 2458 777 2507; x_wconf 72' lang='lat' dir='ltr'>tentiam:</span> <span class='ocrx_word' id='word_1_142' title='bbox 842 2459 910 2507; x_wconf 88' lang='lat' dir='ltr'>Et</span> <span class='ocrx_word' id='word_1_143' title='bbox 948 2473 1062 2524; x_wconf 80' lang='lat' dir='ltr'>cap.</span> <span class='ocrx_word' id='word_1_144' title='bbox 1104 2465 1180 2509; x_wconf 86' lang='lat'>10.</span> <span class='ocrx_word' id='word_1_145' title='bbox 1220 2461 1315 2521; x_wconf 86' lang='lat' dir='ltr'>ait,</span> <span class='ocrx_word' id='word_1_146' title='bbox 1353 2461 1474 2510; x_wconf 79' lang='lat' dir='ltr'>‘Ad</span> <span class='ocrx_word' id='word_1_147' title='bbox 1511 2463 1582 2510; x_wconf 88' lang='lat' dir='ltr'>vi·</span> 
     </span>
     <span class='ocr_line' id='line_1_28' title="bbox 518 2536 1580 2589; baseline 0.005 -5"><span class='ocrx_word' id='word_1_148' title='bbox 518 2543 623 2584; x_wconf 87' lang='lat' dir='ltr'>tam</span> <span class='ocrx_word' id='word_1_149' title='bbox 675 2536 1003 2586; x_wconf 87' lang='lat' dir='ltr'>umbratilem</span> <span class='ocrx_word' id='word_1_150' title='bbox 1047 2546 1100 2588; x_wconf 93' lang='lat' dir='ltr'>et</span> <span class='ocrx_word' id='word_1_151' title='bbox 1144 2540 1418 2589; x_wconf 84' lang='lat' dir='ltr'>delicatam</span> <span class='ocrx_word' id='word_1_152' title='bbox 1467 2555 1580 2589; x_wconf 89' lang='lat' dir='ltr'>cum</span> 
     </span>
     <span class='ocr_line' id='line_1_29' title="bbox 516 2616 1582 2677; baseline 0.006 -16"><span class='ocrx_word' id='word_1_153' title='bbox 516 2623 844 2664; x_wconf 86' lang='lat' dir='ltr'>accesserunt</span> <span class='ocrx_word' id='word_1_154' title='bbox 868 2616 1025 2664; x_wconf 88' lang='lat' dir='ltr'>etiam</span> <span class='ocrx_word' id='word_1_155' title='bbox 1057 2616 1247 2677; x_wconf 62' lang='lat' dir='ltr'>politae,</span> <span class='ocrx_word' id='word_1_156' title='bbox 1269 2631 1450 2665; x_wconf 84' lang='lat' dir='ltr'>nervos</span> <span class='ocrx_word' id='word_1_157' title='bbox 1475 2633 1582 2667; x_wconf 91' lang='lat' dir='ltr'>om·</span> 
     </span>
     <span class='ocr_line' id='line_1_30' title="bbox 514 2689 1581 2756; baseline 0.006 -20"><span class='ocrx_word' id='word_1_158' title='bbox 514 2689 594 2738; x_wconf 85' lang='lat' dir='ltr'>nis</span> <span class='ocrx_word' id='word_1_159' title='bbox 616 2690 820 2738; x_wconf 87' lang='lat' dir='ltr'>virtutis</span> <span class='ocrx_word' id='word_1_160' title='bbox 839 2691 1076 2739; x_wconf 87' lang='lat' dir='ltr'>elidunt.&#39;</span> <span class='ocrx_word' id='word_1_161' title='bbox 1111 2692 1184 2741; x_wconf 83' lang='lat' dir='ltr'>At</span> <span class='ocrx_word' id='word_1_162' title='bbox 1199 2701 1214 2722; x_wconf 87' lang='lat'><strong>·</strong></span> <span class='ocrx_word' id='word_1_163' title='bbox 1230 2691 1421 2742; x_wconf 86' lang='lat' dir='ltr'>fluxum</span> <span class='ocrx_word' id='word_1_164' title='bbox 1434 2709 1581 2756; x_wconf 84' lang='lat' dir='ltr'>spec·</span> 
     </span>
     <span class='ocr_line' id='line_1_31' title="bbox 516 2764 1582 2833; baseline 0.007 -21"><span class='ocrx_word' id='word_1_165' title='bbox 516 2766 744 2814; x_wconf 84' lang='lat' dir='ltr'>taculum</span> <span class='ocrx_word' id='word_1_166' title='bbox 762 2764 775 2785; x_wconf 88' lang='lat'>&#39;</span> <span class='ocrx_word' id='word_1_167' title='bbox 802 2766 995 2816; x_wconf 86' lang='lat' dir='ltr'>dicitur</span> <span class='ocrx_word' id='word_1_168' title='bbox 1018 2767 1209 2833; x_wconf 86' lang='lat' dir='ltr'>Plinio,</span> <span class='ocrx_word' id='word_1_169' title='bbox 1233 2769 1368 2833; x_wconf 84' lang='lat' dir='ltr'>qnod</span> <span class='ocrx_word' id='word_1_170' title='bbox 1396 2785 1582 2819; x_wconf 79' lang='lat' dir='ltr'>vanum</span> 
     </span>
     <span class='ocr_line' id='line_1_32' title="bbox 516 2847 1583 2909; baseline 0.008 -20"><span class='ocrx_word' id='word_1_171' title='bbox 516 2847 613 2902; x_wconf 88' lang='lat' dir='ltr'>est,</span> <span class='ocrx_word' id='word_1_172' title='bbox 637 2850 691 2890; x_wconf 88' lang='lat' dir='ltr'>et</span> <span class='ocrx_word' id='word_1_173' title='bbox 719 2849 961 2906; x_wconf 88' lang='lat' dir='ltr'>tanquam</span> <span class='ocrx_word' id='word_1_174' title='bbox 995 2859 1126 2909; x_wconf 82' lang='lat' dir='ltr'>aqua</span> <span class='ocrx_word' id='word_1_175' title='bbox 1156 2860 1273 2895; x_wconf 87' lang='lat' dir='ltr'>mox</span> <span class='ocrx_word' id='word_1_176' title='bbox 1302 2849 1540 2909; x_wconf 78' lang='lat' dir='ltr'>praeterit</span> <span class='ocrx_word' id='word_1_177' title='bbox 1568 2865 1583 2909; x_wconf 72' lang='grc' dir='ltr'>ς</span> 
     </span>
     <span class='ocr_line' id='line_1_33' title="bbox 518 2919 1582 2974; baseline 0.008 -8"><span class='ocrx_word' id='word_1_178' title='bbox 518 2919 592 2968; x_wconf 90' lang='lat' dir='ltr'>uti</span> <span class='ocrx_word' id='word_1_179' title='bbox 614 2919 858 2969; x_wconf 71' lang='lat' dir='ltr'>Sallustio</span> <span class='ocrx_word' id='word_1_180' title='bbox 885 2920 1044 2970; x_wconf 89' lang='lat' dir='ltr'>Catil.</span> <span class='ocrx_word' id='word_1_181' title='bbox 1075 2936 1112 2971; x_wconf 90' lang='grc' dir='ltr'><strong>ι.</strong></span> <span class='ocrx_word' id='word_1_182' title='bbox 1136 2928 1183 2973; x_wconf 75' lang='grc'><strong>4.</strong></span> <span class='ocrx_word' id='word_1_183' title='bbox 1202 2923 1501 2973; x_wconf 83' lang='lat' dir='ltr'>divitiarum</span> <span class='ocrx_word' id='word_1_184' title='bbox 1526 2932 1582 2974; x_wconf 89' lang='lat' dir='ltr'>et</span> 
     </span>
     <span class='ocr_line' id='line_1_34' title="bbox 475 2995 1581 3065; baseline 0.004 -19"><span class='ocrx_word' id='word_1_185' title='bbox 475 3005 480 3010; x_wconf 85' lang='lat'><strong><em>‘</em></strong></span> <span class='ocrx_word' id='word_1_186' title='bbox 515 2995 695 3047; x_wconf 68' lang='lat' dir='ltr'>forma:</span> <span class='ocrx_word' id='word_1_187' title='bbox 738 2997 903 3060; x_wconf 84' lang='lat' dir='ltr'>gloria</span> <span class='ocrx_word' id='word_1_188' title='bbox 949 2997 1146 3050; x_wconf 90' lang='lat' dir='ltr'>dicitur</span> <span class='ocrx_word' id='word_1_189' title='bbox 1193 3007 1207 3030; x_wconf 82' lang='lat'><strong>·</strong></span> <span class='ocrx_word' id='word_1_190' title='bbox 1235 2998 1374 3050; x_wconf 83' lang='lat' dir='ltr'>fluxa</span> <span class='ocrx_word' id='word_1_191' title='bbox 1421 3008 1581 3065; x_wconf 86' lang='lat' dir='ltr'>atque</span> 
     </span>
     <span class='ocr_line' id='line_1_35' title="bbox 513 3071 1027 3136; baseline 0.002 -15"><span class='ocrx_word' id='word_1_192' title='bbox 513 3071 748 3136; x_wconf 65' lang='lat' dir='ltr'>fragilis:</span> <span class='ocrx_word' id='word_1_193' title='bbox 782 3074 1027 3124; x_wconf 71' lang='lat' dir='ltr'>Schmun.</span> 
     </span>
    </p>

    <p class='ocr_par' dir='ltr' id='par_1_5' title="bbox 511 3150 1586 4211">
     <span class='ocr_line' id='line_1_36' title="bbox 583 3150 1581 3216; baseline 0.004 -17"><span class='ocrx_word' id='word_1_194' title='bbox 583 3151 688 3199; x_wconf 81' lang='lat' dir='ltr'>Nec</span> <span class='ocrx_word' id='word_1_195' title='bbox 709 3150 857 3213; x_wconf 76' lang='lat' dir='ltr'>quod]</span> <span class='ocrx_word' id='word_1_196' title='bbox 890 3151 953 3200; x_wconf 90' lang='lat' dir='ltr'>Iu</span> <span class='ocrx_word' id='word_1_197' title='bbox 979 3150 1289 3216; x_wconf 87' lang='lat' dir='ltr'>quibusdam</span> <span class='ocrx_word' id='word_1_198' title='bbox 1310 3153 1581 3203; x_wconf 73' lang='lat' dir='ltr'>codicibus</span> 
     </span>
     <span class='ocr_line' id='line_1_37' title="bbox 515 3226 1583 3293; baseline 0.002 -17"><span class='ocrx_word' id='word_1_199' title='bbox 515 3226 804 3286; x_wconf 70' lang='lat' dir='ltr'>Vaticanis,</span> <span class='ocrx_word' id='word_1_200' title='bbox 839 3228 963 3277; x_wconf 91' lang='lat' dir='ltr'>item</span> <span class='ocrx_word' id='word_1_201' title='bbox 1006 3230 1056 3277; x_wconf 89' lang='lat' dir='ltr'>iu</span> <span class='ocrx_word' id='word_1_202' title='bbox 1094 3228 1583 3293; x_wconf 78' lang='lat' dir='ltr'>Guelpherbytano‚</span> 
     </span>
     <span class='ocr_line' id='line_1_38' title="bbox 513 3303 1579 3370; baseline 0.004 -18"><span class='ocrx_word' id='word_1_203' title='bbox 513 3303 666 3354; x_wconf 83' lang='lat' dir='ltr'>deest</span> <span class='ocrx_word' id='word_1_204' title='bbox 689 3305 879 3368; x_wconf 81' lang='lat' dir='ltr'>copula</span> <span class='ocrx_word' id='word_1_205' title='bbox 900 3320 999 3354; x_wconf 79' lang='lat' dir='ltr'>nec.</span> <span class='ocrx_word' id='word_1_206' title='bbox 1070 3304 1227 3357; x_wconf 79' lang='lat' dir='ltr'>Deest</span> <span class='ocrx_word' id='word_1_207' title='bbox 1254 3305 1435 3355; x_wconf 84' lang='lat' dir='ltr'>eadem</span> <span class='ocrx_word' id='word_1_208' title='bbox 1464 3321 1579 3370; x_wconf 88' lang='lat' dir='ltr'>par·</span> 
     </span>
     <span class='ocr_line' id='line_1_39' title="bbox 516 3379 1580 3446; baseline 0.004 -18"><span class='ocrx_word' id='word_1_209' title='bbox 516 3379 676 3428; x_wconf 87' lang='lat' dir='ltr'>ticula</span> <span class='ocrx_word' id='word_1_210' title='bbox 699 3380 853 3429; x_wconf 87' lang='lat' dir='ltr'>etiam</span> <span class='ocrx_word' id='word_1_211' title='bbox 879 3380 930 3429; x_wconf 90' lang='lat' dir='ltr'>iu</span> <span class='ocrx_word' id='word_1_212' title='bbox 955 3381 1137 3431; x_wconf 88' lang='lat' dir='ltr'>codice</span> <span class='ocrx_word' id='word_1_213' title='bbox 1160 3382 1463 3446; x_wconf 63' lang='lat' dir='ltr'>Parmensi,</span> <span class='ocrx_word' id='word_1_214' title='bbox 1488 3382 1580 3432; x_wconf 89' lang='lat' dir='ltr'>sed</span> 
     </span>
     <span class='ocr_line' id='line_1_40' title="bbox 514 3458 1581 3522; baseline 0.001 -16"><span class='ocrx_word' id='word_1_215' title='bbox 514 3458 611 3520; x_wconf 85' lang='lat' dir='ltr'>ita,</span> <span class='ocrx_word' id='word_1_216' title='bbox 636 3464 692 3507; x_wconf 90' lang='lat' dir='ltr'>ut</span> <span class='ocrx_word' id='word_1_217' title='bbox 716 3472 816 3506; x_wconf 83' lang='lat' dir='ltr'>vox</span> <span class='ocrx_word' id='word_1_218' title='bbox 849 3473 1011 3509; x_wconf 77' lang='lat' dir='ltr'>enerve</span> <span class='ocrx_word' id='word_1_219' title='bbox 1032 3459 1107 3508; x_wconf 88' lang='lat' dir='ltr'>sic</span> <span class='ocrx_word' id='word_1_220' title='bbox 1135 3468 1423 3522; x_wconf 84' lang='lat' dir='ltr'>repetatur,</span> <span class='ocrx_word' id='word_1_221' title='bbox 1445 3475 1581 3509; x_wconf 77' lang='lat' dir='ltr'>ener-</span> 
     </span>
     <span class='ocr_line' id='line_1_41' title="bbox 512 3536 1581 3599; baseline 0.001 -15"><span class='ocrx_word' id='word_1_222' title='bbox 512 3549 587 3591; x_wconf 80' lang='lat' dir='ltr'>ce,</span> <span class='ocrx_word' id='word_1_223' title='bbox 609 3536 731 3599; x_wconf 80' lang='lat' dir='ltr'>quod</span> <span class='ocrx_word' id='word_1_224' title='bbox 750 3536 948 3584; x_wconf 76' lang='lat' dir='ltr'>animos.</span> <span class='ocrx_word' id='word_1_225' title='bbox 1016 3537 1148 3587; x_wconf 77' lang='lat' dir='ltr'>Quae</span> <span class='ocrx_word' id='word_1_226' title='bbox 1169 3537 1396 3584; x_wconf 82' lang='lat' dir='ltr'>varietas</span> <span class='ocrx_word' id='word_1_227' title='bbox 1423 3537 1581 3585; x_wconf 87' lang='lat' dir='ltr'>etiam</span> 
     </span>
     <span class='ocr_line' id='line_1_42' title="bbox 513 3611 1582 3676; baseline 0.004 -18"><span class='ocrx_word' id='word_1_228' title='bbox 513 3617 763 3659; x_wconf 84' lang='lat' dir='ltr'>annotata</span> <span class='ocrx_word' id='word_1_229' title='bbox 787 3618 865 3660; x_wconf 88' lang='lat' dir='ltr'>est</span> <span class='ocrx_word' id='word_1_230' title='bbox 892 3612 941 3660; x_wconf 90' lang='lat' dir='ltr'>iu</span> <span class='ocrx_word' id='word_1_231' title='bbox 967 3611 1098 3660; x_wconf 88' lang='lat' dir='ltr'>libro</span> <span class='ocrx_word' id='word_1_232' title='bbox 1116 3612 1407 3672; x_wconf 84' lang='lat' dir='ltr'>Vossiano;</span> <span class='ocrx_word' id='word_1_233' title='bbox 1435 3614 1582 3676; x_wconf 87' lang='lat' dir='ltr'>quasi</span> 
     </span>
     <span class='ocr_line' id='line_1_43' title="bbox 511 3686 1586 3750; baseline 0.001 -14"><span class='ocrx_word' id='word_1_234' title='bbox 511 3687 588 3736; x_wconf 87' lang='lat' dir='ltr'>sic</span> <span class='ocrx_word' id='word_1_235' title='bbox 613 3701 704 3749; x_wconf 84' lang='lat' dir='ltr'>per</span> <span class='ocrx_word' id='word_1_236' title='bbox 735 3687 1006 3750; x_wconf 82' lang='lat' dir='ltr'>sequentia</span> <span class='ocrx_word' id='word_1_237' title='bbox 1040 3686 1220 3747; x_wconf 81' lang='lat' dir='ltr'>verba,</span> <span class='ocrx_word' id='word_1_238' title='bbox 1245 3689 1368 3750; x_wconf 76' lang='lat' dir='ltr'>quod</span> <span class='ocrx_word' id='word_1_239' title='bbox 1401 3688 1586 3737; x_wconf 79' lang='lat' dir='ltr'>animos</span> 
     </span>
     <span class='ocr_line' id='line_1_44' title="bbox 511 3761 1582 3826; baseline 0 -13"><span class='ocrx_word' id='word_1_240' title='bbox 511 3765 719 3813; x_wconf 74' lang='lat' dir='ltr'>eir-oram</span> <span class='ocrx_word' id='word_1_241' title='bbox 742 3764 947 3813; x_wconf 79' lang='lat' dir='ltr'>molliret</span> <span class='ocrx_word' id='word_1_242' title='bbox 978 3769 1027 3812; x_wconf 83' lang='lat' dir='ltr'>et</span> <span class='ocrx_word' id='word_1_243' title='bbox 1048 3761 1328 3825; x_wconf 77' lang='lat' dir='ltr'>frangeret,</span> <span class='ocrx_word' id='word_1_244' title='bbox 1352 3778 1415 3812; x_wconf 84' lang='lat' dir='ltr'>ex</span> <span class='ocrx_word' id='word_1_245' title='bbox 1424 3765 1582 3826; x_wconf 84' lang='lat' dir='ltr'>plico·</span> 
     </span>
     <span class='ocr_line' id='line_1_45' title="bbox 516 3840 1582 3902; baseline -0.002 -11"><span class='ocrx_word' id='word_1_246' title='bbox 516 3849 604 3891; x_wconf 86' lang='lat' dir='ltr'>tur</span> <span class='ocrx_word' id='word_1_247' title='bbox 623 3857 807 3891; x_wconf 75' lang='lat' dir='ltr'>enerve.</span> <span class='ocrx_word' id='word_1_248' title='bbox 856 3840 1007 3893; x_wconf 83' lang='lat' dir='ltr'>Quod</span> <span class='ocrx_word' id='word_1_249' title='bbox 1036 3840 1187 3890; x_wconf 78' lang='lat' dir='ltr'>facile</span> <span class='ocrx_word' id='word_1_250' title='bbox 1211 3840 1582 3902; x_wconf 80' lang='lat' dir='ltr'>concesserim,</span> 
     </span>
     <span class='ocr_line' id='line_1_46' title="bbox 514 3916 1581 3980; baseline -0.002 -14"><span class='ocrx_word' id='word_1_251' title='bbox 514 3917 558 3966; x_wconf 88' lang='lat' dir='ltr'>si</span> <span class='ocrx_word' id='word_1_252' title='bbox 584 3917 755 3980; x_wconf 87' lang='lat' dir='ltr'>priore</span> <span class='ocrx_word' id='word_1_253' title='bbox 778 3918 890 3966; x_wconf 84' lang='lat' dir='ltr'>loco</span> <span class='ocrx_word' id='word_1_254' title='bbox 908 3916 1181 3966; x_wconf 83' lang='lat' dir='ltr'>omittatur</span> <span class='ocrx_word' id='word_1_255' title='bbox 1197 3929 1380 3972; x_wconf 68' lang='lat' dir='ltr'>enerve,</span> <span class='ocrx_word' id='word_1_256' title='bbox 1399 3923 1487 3980; x_wconf 86' lang='lat' dir='ltr'>atq</span> <span class='ocrx_word' id='word_1_257' title='bbox 1497 3931 1581 3972; x_wconf 86' lang='lat' dir='ltr'>ue,</span> 
     </span>
     <span class='ocr_line' id='line_1_47' title="bbox 515 3993 1580 4056; baseline -0.003 -11"><span class='ocrx_word' id='word_1_258' title='bbox 515 3993 747 4045; x_wconf 62' lang='grc' dir='ltr'><strong>ἐπιθέτοις</strong></span> <span class='ocrx_word' id='word_1_259' title='bbox 785 3993 898 4044; x_wconf 84' lang='lat' dir='ltr'>istis</span> <span class='ocrx_word' id='word_1_260' title='bbox 936 3993 1285 4056; x_wconf 83' lang='lat' dir='ltr'>transpositis,</span> <span class='ocrx_word' id='word_1_261' title='bbox 1324 3994 1580 4044; x_wconf 87' lang='lat' dir='ltr'>rescriba-</span> 
     </span>
     <span class='ocr_line' id='line_1_48' title="bbox 514 4071 1581 4137; baseline 0 -15"><span class='ocrx_word' id='word_1_262' title='bbox 514 4079 617 4134; x_wconf 85' lang='lat' dir='ltr'>tur,</span> <span class='ocrx_word' id='word_1_263' title='bbox 651 4088 742 4122; x_wconf 74' lang='lat' dir='ltr'>noa</span> <span class='ocrx_word' id='word_1_264' title='bbox 763 4071 977 4137; x_wconf 72' lang='lat' dir='ltr'>fluxum,</span> <span class='ocrx_word' id='word_1_265' title='bbox 1007 4085 1093 4120; x_wconf 79' lang='lat' dir='ltr'>nec</span> <span class='ocrx_word' id='word_1_266' title='bbox 1114 4085 1301 4133; x_wconf 76' lang='lat' dir='ltr'>enerve,</span> <span class='ocrx_word' id='word_1_267' title='bbox 1323 4074 1447 4136; x_wconf 75' lang='lat' dir='ltr'>qaod</span> <span class='ocrx_word' id='word_1_268' title='bbox 1474 4074 1581 4122; x_wconf 74' lang='lat' dir='ltr'>ani-</span> 
     </span>
     <span class='ocr_line' id='line_1_49' title="bbox 512 4146 1580 4211; baseline 0.003 -15"><span class='ocrx_word' id='word_1_269' title='bbox 512 4161 612 4196; x_wconf 76' lang='lat' dir='ltr'>saos</span> <span class='ocrx_word' id='word_1_270' title='bbox 631 4149 845 4198; x_wconf 75' lang='lat' dir='ltr'>vir-oram</span> <span class='ocrx_word' id='word_1_271' title='bbox 859 4147 1065 4198; x_wconf 67' lang='lat' dir='ltr'>saeuiret</span> <span class='ocrx_word' id='word_1_272' title='bbox 1082 4153 1130 4198; x_wconf 78' lang='lat' dir='ltr'>et</span> <span class='ocrx_word' id='word_1_273' title='bbox 1141 4146 1419 4211; x_wconf 74' lang='lat' dir='ltr'>frangeret.</span> <span class='ocrx_word' id='word_1_274' title='bbox 1472 4149 1580 4200; x_wconf 82' lang='lat' dir='ltr'>Sed</span> 
     </span>
    </p>
   </div>
   <div class='ocr_carea' id='block_1_3' title="bbox 513 4221 1581 4355">
    <p class='ocr_par' dir='ltr' id='par_1_6' title="bbox 513 4221 1581 4355">
     <span class='ocr_line' id='line_1_50' title="bbox 513 4221 1581 4292; baseline 0.006 -21"><span class='ocrx_word' id='word_1_275' title='bbox 513 4221 649 4273; x_wconf 81' lang='lat' dir='ltr'>haud</span> <span class='ocrx_word' id='word_1_276' title='bbox 690 4237 906 4275; x_wconf 83' lang='lat' dir='ltr'>necesse</span> <span class='ocrx_word' id='word_1_277' title='bbox 945 4233 1042 4286; x_wconf 83' lang='lat' dir='ltr'>est,</span> <span class='ocrx_word' id='word_1_278' title='bbox 1076 4232 1135 4276; x_wconf 87' lang='lat' dir='ltr'>ut</span> <span class='ocrx_word' id='word_1_279' title='bbox 1180 4225 1377 4292; x_wconf 83' lang='lat' dir='ltr'>aliquid</span> <span class='ocrx_word' id='word_1_280' title='bbox 1415 4233 1581 4277; x_wconf 80' lang='lat' dir='ltr'>mute·</span> 
     </span>
     <span class='ocr_line' id='line_1_51' title="bbox 513 4300 831 4355; baseline 0.009 -3"><span class='ocrx_word' id='word_1_281' title='bbox 513 4301 645 4352; x_wconf 83' lang='lat' dir='ltr'>tuus.</span> <span class='ocrx_word' id='word_1_282' title='bbox 679 4300 831 4355; x_wconf 78' lang='lat' dir='ltr'>Idem.</span> 
     </span>
    </p>
   </div>
   <div class='ocr_carea' id='block_1_4' title="bbox 1213 390 2024 442">
    <p class='ocr_par' dir='ltr' id='par_1_7' title="bbox 1213 390 2024 442">
     <span class='ocr_line' id='line_1_52' title="bbox 1213 390 2024 442; baseline 0.005 -4"><span class='ocrx_word' id='word_1_283' title='bbox 1213 390 1430 440; x_wconf 79' lang='lat' dir='ltr'>NOTAE</span> <span class='ocrx_word' id='word_1_284' title='bbox 1483 391 1823 440; x_wconf 81' lang='lat' dir='ltr'>VARIORU</span> <span class='ocrx_word' id='word_1_285' title='bbox 1844 395 1886 439; x_wconf 88' lang='grc' dir='ltr'><strong>Μ</strong></span> <span class='ocrx_word' id='word_1_286' title='bbox 1946 394 2024 442; x_wconf 78' lang='grc' dir='ltr'>ΙΝ</span> 
     </span>
    </p>
   </div>
   <div class='ocr_carea' id='block_1_5' title="bbox 1654 535 2730 2750">
    <p class='ocr_par' dir='ltr' id='par_1_8' title="bbox 1723 535 2727 602">
     <span class='ocr_line' id='line_1_53' title="bbox 1723 535 2727 602; baseline 0.009 -21"><span class='ocrx_word' id='word_1_287' title='bbox 1723 535 1805 582; x_wconf 79' lang='lat' dir='ltr'>Ad</span> <span class='ocrx_word' id='word_1_288' title='bbox 1841 537 2038 595; x_wconf 71' lang='lat' dir='ltr'>pulchra</span> <span class='ocrx_word' id='word_1_289' title='bbox 2067 537 2288 602; x_wconf 74' lang='lat' dir='ltr'>vulnera]</span> <span class='ocrx_word' id='word_1_290' title='bbox 2327 538 2727 590; x_wconf 81' lang='lat' dir='ltr'>commissiones</span> 
     </span>
    </p>

    <p class='ocr_par' dir='ltr' id='par_1_9' title="bbox 1654 611 2729 1599">
     <span class='ocr_line' id='line_1_54' title="bbox 1659 611 2727 680; baseline 0.007 -21"><span class='ocrx_word' id='word_1_291' title='bbox 1659 611 1905 672; x_wconf 74' lang='lat' dir='ltr'>intelligit</span> <span class='ocrx_word' id='word_1_292' title='bbox 1934 614 2295 674; x_wconf 80' lang='lat' dir='ltr'>gladiatorum,</span> <span class='ocrx_word' id='word_1_293' title='bbox 2331 616 2518 677; x_wconf 85' lang='lat' dir='ltr'>quibus</span> <span class='ocrx_word' id='word_1_294' title='bbox 2542 618 2727 680; x_wconf 81' lang='lat' dir='ltr'>Traja—</span> 
     </span>
     <span class='ocr_line' id='line_1_55' title="bbox 1659 690 2729 756; baseline 0.007 -20"><span class='ocrx_word' id='word_1_295' title='bbox 1659 702 1752 736; x_wconf 88' lang='lat' dir='ltr'>nus</span> <span class='ocrx_word' id='word_1_296' title='bbox 1781 690 2056 752; x_wconf 83' lang='lat' dir='ltr'>plurimum</span> <span class='ocrx_word' id='word_1_297' title='bbox 2077 692 2385 742; x_wconf 81' lang='lat' dir='ltr'>delectatus.</span> <span class='ocrx_word' id='word_1_298' title='bbox 2405 693 2729 756; x_wconf 78' lang='lat' dir='ltr'>xiphilinus·</span> 
     </span>
     <span class='ocr_line' id='line_1_56' title="bbox 1659 764 2245 815; baseline 0.007 -2"><span class='ocrx_word' id='word_1_299' title='bbox 1659 764 1824 815; x_wconf 78' lang='lat' dir='ltr'>Lirin.</span> <span class='ocrx_word' id='word_1_300' title='bbox 2234 798 2245 808; x_wconf 90' lang='lat'><strong>·</strong></span> 
     </span>
     <span class='ocr_line' id='line_1_57' title="bbox 1721 842 2727 906; baseline 0.006 -16"><span class='ocrx_word' id='word_1_301' title='bbox 1721 842 1805 890; x_wconf 72' lang='lat' dir='ltr'>Aa</span> <span class='ocrx_word' id='word_1_302' title='bbox 1823 843 2018 904; x_wconf 75' lang='lat' dir='ltr'>pulchra</span> <span class='ocrx_word' id='word_1_303' title='bbox 2040 843 2262 906; x_wconf 75' lang='lat' dir='ltr'>vulnera]</span> <span class='ocrx_word' id='word_1_304' title='bbox 2289 845 2626 895; x_wconf 76' lang='lat' dir='ltr'>Gladiatores</span> <span class='ocrx_word' id='word_1_305' title='bbox 2651 848 2727 896; x_wconf 89' lang='lat' dir='ltr'>in·</span> 
     </span>
     <span class='ocr_line' id='line_1_58' title="bbox 1659 918 2723 987; baseline 0.006 -20"><span class='ocrx_word' id='word_1_306' title='bbox 1659 918 1869 980; x_wconf 78' lang='lat' dir='ltr'>telligit,</span> <span class='ocrx_word' id='word_1_307' title='bbox 1906 919 2125 981; x_wconf 83' lang='lat' dir='ltr'>‘quibus</span> <span class='ocrx_word' id='word_1_308' title='bbox 2171 920 2486 970; x_wconf 77' lang='lat' dir='ltr'>delectatum</span> <span class='ocrx_word' id='word_1_309' title='bbox 2540 923 2723 987; x_wconf 77' lang='lat' dir='ltr'>Traja-</span> 
     </span>
     <span class='ocr_line' id='line_1_59' title="bbox 1658 997 2720 1057; baseline 0.007 -13"><span class='ocrx_word' id='word_1_310' title='bbox 1658 1012 1776 1046; x_wconf 88' lang='lat' dir='ltr'>num</span> <span class='ocrx_word' id='word_1_311' title='bbox 1801 997 1997 1057; x_wconf 82' lang='lat' dir='ltr'>fuisse,’</span> <span class='ocrx_word' id='word_1_312' title='bbox 2028 999 2127 1047; x_wconf 91' lang='lat' dir='ltr'>Dio</span> <span class='ocrx_word' id='word_1_313' title='bbox 2151 998 2352 1049; x_wconf 84' lang='lat' dir='ltr'>scribit.</span> <span class='ocrx_word' id='word_1_314' title='bbox 2420 999 2524 1049; x_wconf 84' lang='lat' dir='ltr'>Hic</span> <span class='ocrx_word' id='word_1_315' title='bbox 2548 1009 2720 1051; x_wconf 75' lang='lat' dir='ltr'>autera</span> 
     </span>
     <span class='ocr_line' id='line_1_60' title="bbox 1654 1073 2724 1141; baseline 0.005 -19"><span class='ocrx_word' id='word_1_316' title='bbox 1654 1073 1818 1132; x_wconf 87' lang='lat' dir='ltr'>color,</span> <span class='ocrx_word' id='word_1_317' title='bbox 1834 1089 1935 1138; x_wconf 89' lang='lat' dir='ltr'>quo</span> <span class='ocrx_word' id='word_1_318' title='bbox 1956 1076 2235 1125; x_wconf 88' lang='lat' dir='ltr'>tuebantur</span> <span class='ocrx_word' id='word_1_319' title='bbox 2250 1075 2582 1139; x_wconf 79' lang='lat' dir='ltr'>gladiatores,</span> <span class='ocrx_word' id='word_1_320' title='bbox 2600 1091 2724 1141; x_wconf 79' lang='lat' dir='ltr'>qna-</span> 
     </span>
     <span class='ocr_line' id='line_1_61' title="bbox 1657 1151 2725 1212; baseline 0.006 -14"><span class='ocrx_word' id='word_1_321' title='bbox 1657 1151 1699 1199; x_wconf 92' lang='lat' dir='ltr'>si</span> <span class='ocrx_word' id='word_1_322' title='bbox 1725 1166 1786 1199; x_wconf 84' lang='lat' dir='ltr'>ea</span> <span class='ocrx_word' id='word_1_323' title='bbox 1823 1153 2084 1212; x_wconf 80' lang='lat' dir='ltr'>spectatio</span> <span class='ocrx_word' id='word_1_324' title='bbox 2116 1153 2177 1201; x_wconf 83' lang='lat' dir='ltr'>ad</span> <span class='ocrx_word' id='word_1_325' title='bbox 2215 1153 2452 1202; x_wconf 88' lang='lat' dir='ltr'>militiam</span> <span class='ocrx_word' id='word_1_326' title='bbox 2483 1168 2545 1202; x_wconf 89' lang='lat' dir='ltr'>ao</span> <span class='ocrx_word' id='word_1_327' title='bbox 2569 1154 2725 1204; x_wconf 84' lang='lat' dir='ltr'>robur</span> 
     </span>
     <span class='ocr_line' id='line_1_62' title="bbox 1658 1216 2724 1288; baseline 0.004 -13"><span class='ocrx_word' id='word_1_328' title='bbox 1658 1216 1874 1288; x_wconf 60' lang='lat' dir='ltr'>farei-et,</span> <span class='ocrx_word' id='word_1_329' title='bbox 1913 1238 1964 1276; x_wconf 88' lang='lat' dir='ltr'>et</span> <span class='ocrx_word' id='word_1_330' title='bbox 2006 1229 2220 1277; x_wconf 85' lang='lat' dir='ltr'>vulnera</span> <span class='ocrx_word' id='word_1_331' title='bbox 2265 1230 2468 1277; x_wconf 82' lang='lat' dir='ltr'>assidue</span> <span class='ocrx_word' id='word_1_332' title='bbox 2508 1229 2623 1278; x_wconf 82' lang='lat' dir='ltr'>visa</span> <span class='ocrx_word' id='word_1_333' title='bbox 2661 1244 2724 1279; x_wconf 78' lang='lat' dir='ltr'>ae</span> 
     </span>
     <span class='ocr_line' id='line_1_63' title="bbox 1657 1304 2726 1363; baseline 0.003 -12"><span class='ocrx_word' id='word_1_334' title='bbox 1657 1311 1866 1363; x_wconf 61' lang='lat' dir='ltr'>mortes,</span> <span class='ocrx_word' id='word_1_335' title='bbox 1898 1313 2216 1353; x_wconf 76' lang='lat' dir='ltr'>contemtum</span> <span class='ocrx_word' id='word_1_336' title='bbox 2250 1304 2555 1354; x_wconf 83' lang='lat' dir='ltr'>inducerent</span> <span class='ocrx_word' id='word_1_337' title='bbox 2596 1307 2726 1356; x_wconf 86' lang='lat' dir='ltr'>utri-</span> 
     </span>
     <span class='ocr_line' id='line_1_64' title="bbox 1658 1380 2722 1444; baseline 0.003 -16"><span class='ocrx_word' id='word_1_338' title='bbox 1658 1395 1839 1444; x_wconf 85' lang='lat' dir='ltr'>usque.</span> <span class='ocrx_word' id='word_1_339' title='bbox 1876 1381 2061 1430; x_wconf 85' lang='lat' dir='ltr'>Cicero</span> <span class='ocrx_word' id='word_1_340' title='bbox 2090 1382 2160 1429; x_wconf 87' lang='lat' dir='ltr'>ita</span> <span class='ocrx_word' id='word_1_341' title='bbox 2183 1381 2336 1443; x_wconf 82' lang='lat' dir='ltr'>dixit,</span> <span class='ocrx_word' id='word_1_342' title='bbox 2359 1389 2373 1411; x_wconf 76' lang='lat'><strong><em>⁶</em></strong></span> <span class='ocrx_word' id='word_1_343' title='bbox 2390 1380 2722 1431; x_wconf 79' lang='lat' dir='ltr'>fortissimam</span> 
     </span>
     <span class='ocr_line' id='line_1_65' title="bbox 1658 1457 2722 1509; baseline 0.005 -5"><span class='ocrx_word' id='word_1_344' title='bbox 1658 1457 1789 1505; x_wconf 84' lang='lat' dir='ltr'>hauc</span> <span class='ocrx_word' id='word_1_345' title='bbox 1819 1472 1933 1505; x_wconf 79' lang='lat' dir='ltr'>esse</span> <span class='ocrx_word' id='word_1_346' title='bbox 1957 1465 2140 1507; x_wconf 84' lang='lat' dir='ltr'>contra</span> <span class='ocrx_word' id='word_1_347' title='bbox 2167 1457 2397 1509; x_wconf 84' lang='lat' dir='ltr'>dolorem</span> <span class='ocrx_word' id='word_1_348' title='bbox 2423 1467 2479 1508; x_wconf 88' lang='lat' dir='ltr'>et</span> <span class='ocrx_word' id='word_1_349' title='bbox 2501 1467 2722 1509; x_wconf 86' lang='lat' dir='ltr'>mortem</span> 
     </span>
     <span class='ocr_line' id='line_1_66' title="bbox 1658 1535 2186 1599; baseline 0.002 -16"><span class='ocrx_word' id='word_1_350' title='bbox 1658 1535 2021 1599; x_wconf 82' lang='lat' dir='ltr'>disciplinam.&#39;</span> <span class='ocrx_word' id='word_1_351' title='bbox 2047 1536 2186 1598; x_wconf 81' lang='lat' dir='ltr'>Lips.</span> 
     </span>
    </p>

    <p class='ocr_par' dir='ltr' id='par_1_10' title="bbox 1659 1612 2730 2430">
     <span class='ocr_line' id='line_1_67' title="bbox 1728 1612 2726 1676; baseline 0.004 -17"><span class='ocrx_word' id='word_1_352' title='bbox 1728 1612 2119 1674; x_wconf 79' lang='lat' dir='ltr'>Contemtamqae</span> <span class='ocrx_word' id='word_1_353' title='bbox 2157 1612 2346 1676; x_wconf 82' lang='lat' dir='ltr'>mortis]</span> <span class='ocrx_word' id='word_1_354' title='bbox 2391 1612 2505 1662; x_wconf 78' lang='lat' dir='ltr'>Hoc</span> <span class='ocrx_word' id='word_1_355' title='bbox 2550 1613 2726 1663; x_wconf 84' lang='lat' dir='ltr'>colore</span> 
     </span>
     <span class='ocr_line' id='line_1_68' title="bbox 1659 1690 2726 1753; baseline 0.001 -14"><span class='ocrx_word' id='word_1_356' title='bbox 1659 1696 1712 1739; x_wconf 87' lang='lat' dir='ltr'>et</span> <span class='ocrx_word' id='word_1_357' title='bbox 1738 1691 1847 1741; x_wconf 84' lang='lat' dir='ltr'>cic.</span> <span class='ocrx_word' id='word_1_358' title='bbox 1869 1691 2077 1738; x_wconf 74' lang='lat' dir='ltr'>Tuscul-</span> <span class='ocrx_word' id='word_1_359' title='bbox 2109 1690 2199 1739; x_wconf 89' lang='lat' dir='ltr'>lib.</span> <span class='ocrx_word' id='word_1_360' title='bbox 2223 1704 2283 1739; x_wconf 89' lang='grc' dir='ltr'><strong>ιι.</strong></span> <span class='ocrx_word' id='word_1_361' title='bbox 2307 1691 2620 1753; x_wconf 80' lang='lat' dir='ltr'>gladiatores</span> <span class='ocrx_word' id='word_1_362' title='bbox 2646 1700 2726 1740; x_wconf 84' lang='lat' dir='ltr'>tu-</span> 
     </span>
     <span class='ocr_line' id='line_1_69' title="bbox 1660 1767 2724 1817; baseline 0 -2"><span class='ocrx_word' id='word_1_363' title='bbox 1660 1774 1792 1816; x_wconf 82' lang='lat' dir='ltr'>etur.</span> <span class='ocrx_word' id='word_1_364' title='bbox 1859 1768 1963 1816; x_wconf 90' lang='lat' dir='ltr'>Sed</span> <span class='ocrx_word' id='word_1_365' title='bbox 1990 1767 2165 1816; x_wconf 82' lang='lat' dir='ltr'>sanior</span> <span class='ocrx_word' id='word_1_366' title='bbox 2202 1768 2323 1816; x_wconf 83' lang='lat' dir='ltr'>mihi</span> <span class='ocrx_word' id='word_1_367' title='bbox 2352 1767 2601 1817; x_wconf 88' lang='lat' dir='ltr'>Lactaut.</span> <span class='ocrx_word' id='word_1_368' title='bbox 2633 1768 2724 1816; x_wconf 87' lang='lat' dir='ltr'>Di·</span> 
     </span>
     <span class='ocr_line' id='line_1_70' title="bbox 1660 1842 2727 1893; baseline 0.001 -1"><span class='ocrx_word' id='word_1_369' title='bbox 1660 1845 1765 1892; x_wconf 84' lang='lat' dir='ltr'>vin.</span> <span class='ocrx_word' id='word_1_370' title='bbox 1806 1842 1982 1893; x_wconf 76' lang='lat' dir='ltr'>Instit.</span> <span class='ocrx_word' id='word_1_371' title='bbox 2007 1857 2082 1892; x_wconf 79' lang='lat' dir='ltr'>vt.</span> <span class='ocrx_word' id='word_1_372' title='bbox 2110 1848 2193 1892; x_wconf 85' lang='grc'><strong>20.</strong></span> <span class='ocrx_word' id='word_1_373' title='bbox 2231 1851 2283 1892; x_wconf 86' lang='lat' dir='ltr'>et</span> <span class='ocrx_word' id='word_1_374' title='bbox 2310 1844 2584 1893; x_wconf 73' lang='lat' dir='ltr'>prudentii</span> <span class='ocrx_word' id='word_1_375' title='bbox 2613 1858 2727 1893; x_wconf 84' lang='lat' dir='ltr'>ver·</span> 
     </span>
     <span class='ocr_line' id='line_1_71' title="bbox 1660 1920 2728 1984; baseline 0.002 -18"><span class='ocrx_word' id='word_1_376' title='bbox 1660 1934 1775 1969; x_wconf 82' lang='lat' dir='ltr'>sus:</span> <span class='ocrx_word' id='word_1_377' title='bbox 1817 1921 1991 1969; x_wconf 84' lang='lat' dir='ltr'>‘Num</span> <span class='ocrx_word' id='word_1_378' title='bbox 2028 1920 2150 1984; x_wconf 88' lang='lat' dir='ltr'>quid</span> <span class='ocrx_word' id='word_1_379' title='bbox 2186 1921 2357 1970; x_wconf 79' lang='lat' dir='ltr'>vesani</span> <span class='ocrx_word' id='word_1_380' title='bbox 2390 1920 2487 1969; x_wconf 85' lang='lat' dir='ltr'>sibi</span> <span class='ocrx_word' id='word_1_381' title='bbox 2509 1921 2619 1969; x_wconf 82' lang='lat' dir='ltr'>vult</span> <span class='ocrx_word' id='word_1_382' title='bbox 2645 1936 2728 1970; x_wconf 90' lang='lat' dir='ltr'>ars</span> 
     </span>
     <span class='ocr_line' id='line_1_72' title="bbox 1661 1996 2729 2059; baseline 0.001 -14"><span class='ocrx_word' id='word_1_383' title='bbox 1661 1997 1819 2057; x_wconf 81' lang='lat' dir='ltr'>impia</span> <span class='ocrx_word' id='word_1_384' title='bbox 1846 1996 1986 2044; x_wconf 83' lang='lat' dir='ltr'>ludi?</span> <span class='ocrx_word' id='word_1_385' title='bbox 2054 1996 2190 2048; x_wconf 83' lang='lat' dir='ltr'>Quid</span> <span class='ocrx_word' id='word_1_386' title='bbox 2220 2004 2411 2047; x_wconf 86' lang='lat' dir='ltr'>mortes</span> <span class='ocrx_word' id='word_1_387' title='bbox 2442 1996 2729 2059; x_wconf 82' lang='lat' dir='ltr'>juvenum?</span> 
     </span>
     <span class='ocr_line' id='line_1_73' title="bbox 1660 2069 2725 2137; baseline 0.008 -21"><span class='ocrx_word' id='word_1_388' title='bbox 1660 2069 1780 2133; x_wconf 82' lang='lat' dir='ltr'>quid</span> <span class='ocrx_word' id='word_1_389' title='bbox 1808 2071 2057 2134; x_wconf 80' lang='lat' dir='ltr'>sanguine</span> <span class='ocrx_word' id='word_1_390' title='bbox 2084 2081 2231 2134; x_wconf 84' lang='lat' dir='ltr'>pasta</span> <span class='ocrx_word' id='word_1_391' title='bbox 2257 2075 2494 2137; x_wconf 83' lang='lat' dir='ltr'>voluptas</span> <span class='ocrx_word' id='word_1_392' title='bbox 2512 2073 2547 2123; x_wconf 70' lang='grc' dir='ltr'>ἰ·</span> <span class='ocrx_word' id='word_1_393' title='bbox 2576 2074 2725 2124; x_wconf 86' lang='lat' dir='ltr'>Idem</span> 
     </span>
     <span class='ocr_line' id='line_1_74' title="bbox 1660 2148 2730 2212; baseline 0.004 -16"><span class='ocrx_word' id='word_1_394' title='bbox 1660 2148 1910 2208; x_wconf 80' lang='lat' dir='ltr'>Cyprian.</span> <span class='ocrx_word' id='word_1_395' title='bbox 1949 2149 2001 2197; x_wconf 88' lang='lat' dir='ltr'>iu</span> <span class='ocrx_word' id='word_1_396' title='bbox 2042 2149 2210 2212; x_wconf 81' lang='lat' dir='ltr'>Epist.</span> <span class='ocrx_word' id='word_1_397' title='bbox 2242 2151 2306 2199; x_wconf 88' lang='lat' dir='ltr'>ad</span> <span class='ocrx_word' id='word_1_398' title='bbox 2333 2153 2531 2200; x_wconf 84' lang='lat' dir='ltr'>Donat.</span> <span class='ocrx_word' id='word_1_399' title='bbox 2556 2153 2645 2200; x_wconf 90' lang='lat' dir='ltr'>lib.</span> <span class='ocrx_word' id='word_1_400' title='bbox 2667 2166 2730 2202; x_wconf 91' lang='grc' dir='ltr'>ιι.</span> 
     </span>
     <span class='ocr_line' id='line_1_75' title="bbox 1659 2224 2729 2289; baseline 0.006 -18"><span class='ocrx_word' id='word_1_401' title='bbox 1659 2229 1674 2255; x_wconf 78' lang='lat'>⁸</span> <span class='ocrx_word' id='word_1_402' title='bbox 1700 2224 1925 2273; x_wconf 84' lang='lat' dir='ltr'>Paratur</span> <span class='ocrx_word' id='word_1_403' title='bbox 1950 2225 2290 2288; x_wconf 84' lang='lat' dir='ltr'>gladiatorius</span> <span class='ocrx_word' id='word_1_404' title='bbox 2333 2229 2503 2289; x_wconf 85' lang='lat' dir='ltr'>ludus,</span> <span class='ocrx_word' id='word_1_405' title='bbox 2531 2236 2585 2277; x_wconf 88' lang='lat' dir='ltr'>ut</span> <span class='ocrx_word' id='word_1_406' title='bbox 2612 2229 2729 2281; x_wconf 84' lang='lat' dir='ltr'>libi-</span> 
     </span>
     <span class='ocr_line' id='line_1_76' title="bbox 1660 2302 2725 2368; baseline 0.005 -17"><span class='ocrx_word' id='word_1_407' title='bbox 1660 2302 1833 2351; x_wconf 87' lang='lat' dir='ltr'>dinem</span> <span class='ocrx_word' id='word_1_408' title='bbox 1891 2304 2174 2354; x_wconf 78' lang='lat' dir='ltr'>crudelium</span> <span class='ocrx_word' id='word_1_409' title='bbox 2222 2305 2469 2355; x_wconf 88' lang='lat' dir='ltr'>luminum</span> <span class='ocrx_word' id='word_1_410' title='bbox 2514 2308 2725 2368; x_wconf 65' lang='lat' dir='ltr'>sangnis</span> 
     </span>
     <span class='ocr_line' id='line_1_77' title="bbox 1661 2379 2115 2430; baseline -0.002 -1"><span class='ocrx_word' id='word_1_411' title='bbox 1661 2379 1925 2429; x_wconf 62' lang='lat' dir='ltr'>oblectet!</span> <span class='ocrx_word' id='word_1_412' title='bbox 1960 2381 2115 2430; x_wconf 81' lang='lat' dir='ltr'>Bern.</span> 
     </span>
    </p>

    <p class='ocr_par' dir='ltr' id='par_1_11' title="bbox 1660 2459 2728 2750">
     <span class='ocr_line' id='line_1_78' title="bbox 1729 2459 2725 2523; baseline 0.004 -18"><span class='ocrx_word' id='word_1_413' title='bbox 1729 2459 2117 2520; x_wconf 76' lang='lat' dir='ltr'>Contemtamque</span> <span class='ocrx_word' id='word_1_414' title='bbox 2131 2459 2299 2508; x_wconf 77' lang='lat' dir='ltr'>mortis</span> <span class='ocrx_word' id='word_1_415' title='bbox 2318 2459 2616 2523; x_wconf 74' lang='lat' dir='ltr'>accenderet]</span> <span class='ocrx_word' id='word_1_416' title='bbox 2641 2460 2725 2509; x_wconf 87' lang='lat' dir='ltr'>Li-</span> 
     </span>
     <span class='ocr_line' id='line_1_79' title="bbox 1661 2533 2727 2600; baseline 0.007 -21"><span class='ocrx_word' id='word_1_417' title='bbox 1661 2534 1771 2582; x_wconf 83' lang='lat' dir='ltr'>vius</span> <span class='ocrx_word' id='word_1_418' title='bbox 1808 2547 1921 2583; x_wconf 76' lang='grc' dir='ltr'><strong>Χιι.</strong></span> <span class='ocrx_word' id='word_1_419' title='bbox 1960 2538 2044 2583; x_wconf 81' lang='grc'><strong>20.</strong></span> <span class='ocrx_word' id='word_1_420' title='bbox 2071 2533 2157 2583; x_wconf 87' lang='lat' dir='ltr'>ubi</span> <span class='ocrx_word' id='word_1_421' title='bbox 2202 2550 2285 2584; x_wconf 84' lang='lat' dir='ltr'>res</span> <span class='ocrx_word' id='word_1_422' title='bbox 2321 2536 2563 2585; x_wconf 78' lang='lat' dir='ltr'>Antiochi</span> <span class='ocrx_word' id='word_1_423' title='bbox 2601 2537 2727 2600; x_wconf 84' lang='lat' dir='ltr'>Epi-</span> 
     </span>
     <span class='ocr_line' id='line_1_80' title="bbox 1662 2610 2728 2673; baseline 0.007 -17"><span class='ocrx_word' id='word_1_424' title='bbox 1662 2610 1841 2673; x_wconf 83' lang='lat' dir='ltr'>pbauis</span> <span class='ocrx_word' id='word_1_425' title='bbox 1896 2617 2093 2665; x_wconf 83' lang='lat' dir='ltr'>narrat,</span> <span class='ocrx_word' id='word_1_426' title='bbox 2136 2616 2150 2638; x_wconf 82' lang='lat'>⁸</span> <span class='ocrx_word' id='word_1_427' title='bbox 2185 2613 2604 2670; x_wconf 83' lang='lat' dir='ltr'>Gladiatorium,’</span> <span class='ocrx_word' id='word_1_428' title='bbox 2651 2615 2728 2663; x_wconf 88' lang='lat' dir='ltr'>iu-</span> 
     </span>
     <span class='ocr_line' id='line_1_81' title="bbox 1660 2687 2727 2750; baseline 0.007 -17"><span class='ocrx_word' id='word_1_429' title='bbox 1660 2688 1791 2750; x_wconf 82' lang='lat' dir='ltr'>quit,</span> <span class='ocrx_word' id='word_1_430' title='bbox 1816 2689 1830 2714; x_wconf 91' lang='lat'>‘</span> <span class='ocrx_word' id='word_1_431' title='bbox 1854 2701 2035 2734; x_wconf 84' lang='lat' dir='ltr'>munus</span> <span class='ocrx_word' id='word_1_432' title='bbox 2067 2687 2311 2738; x_wconf 81' lang='lat' dir='ltr'>Romauae</span> <span class='ocrx_word' id='word_1_433' title='bbox 2333 2690 2727 2740; x_wconf 84' lang='lat' dir='ltr'>consuetudinis</span> 
     </span>
    </p>
   </div>
   <div class='ocr_carea' id='block_1_6' title="bbox 1660 2759 2808 2831">
    <p class='ocr_par' dir='ltr' id='par_1_12' title="bbox 1660 2759 2808 2831">
     <span class='ocr_line' id='line_1_82' title="bbox 1660 2759 2808 2831; baseline 0.006 -22"><span class='ocrx_word' id='word_1_434' title='bbox 1660 2764 1843 2825; x_wconf 89' lang='lat' dir='ltr'>primo,</span> <span class='ocrx_word' id='word_1_435' title='bbox 1866 2763 2063 2826; x_wconf 87' lang='lat' dir='ltr'>majore</span> <span class='ocrx_word' id='word_1_436' title='bbox 2087 2778 2202 2813; x_wconf 89' lang='lat' dir='ltr'>cum</span> <span class='ocrx_word' id='word_1_437' title='bbox 2229 2773 2425 2815; x_wconf 84' lang='lat' dir='ltr'>terrore</span> <span class='ocrx_word' id='word_1_438' title='bbox 2443 2767 2726 2831; x_wconf 86' lang='lat' dir='ltr'>hominum,</span> <span class='ocrx_word' id='word_1_439' title='bbox 2799 2759 2808 2767; x_wconf 72' lang='grc'><strong><em>’</em></strong></span> 
     </span>
    </p>
   </div>
   <div class='ocr_carea' id='block_1_7' title="bbox 1657 2839 2733 4280">
    <p class='ocr_par' dir='ltr' id='par_1_13' title="bbox 1657 2839 2733 4280">
     <span class='ocr_line' id='line_1_83' title="bbox 1659 2839 2728 2909; baseline 0.006 -23"><span class='ocrx_word' id='word_1_440' title='bbox 1659 2839 1977 2888; x_wconf 87' lang='lat' dir='ltr'>insuetorum</span> <span class='ocrx_word' id='word_1_441' title='bbox 2045 2839 2111 2888; x_wconf 89' lang='lat' dir='ltr'>ad</span> <span class='ocrx_word' id='word_1_442' title='bbox 2179 2843 2284 2890; x_wconf 88' lang='lat' dir='ltr'>tale</span> <span class='ocrx_word' id='word_1_443' title='bbox 2347 2845 2728 2909; x_wconf 81' lang='lat' dir='ltr'>spectaculum,</span> 
     </span>
     <span class='ocr_line' id='line_1_84' title="bbox 1657 2917 2728 2980; baseline 0.007 -18"><span class='ocrx_word' id='word_1_444' title='bbox 1657 2930 1808 2978; x_wconf 87' lang='lat' dir='ltr'>quam</span> <span class='ocrx_word' id='word_1_445' title='bbox 1851 2917 2137 2980; x_wconf 81' lang='lat' dir='ltr'>voluptate,</span> <span class='ocrx_word' id='word_1_446' title='bbox 2174 2918 2352 2979; x_wconf 86' lang='lat' dir='ltr'>dedit;</span> <span class='ocrx_word' id='word_1_447' title='bbox 2389 2919 2598 2975; x_wconf 81' lang='lat' dir='ltr'>deinde,</span> <span class='ocrx_word' id='word_1_448' title='bbox 2630 2936 2728 2970; x_wconf 67' lang='lat' dir='ltr'>sa·-</span> 
     </span>
     <span class='ocr_line' id='line_1_85' title="bbox 1660 2991 2728 3055; baseline 0.005 -17"><span class='ocrx_word' id='word_1_449' title='bbox 1660 2992 1776 3054; x_wconf 83' lang='lat' dir='ltr'>pius</span> <span class='ocrx_word' id='word_1_450' title='bbox 1801 2991 1994 3055; x_wconf 84' lang='lat' dir='ltr'>dando,</span> <span class='ocrx_word' id='word_1_451' title='bbox 2033 2999 2086 3041; x_wconf 87' lang='lat' dir='ltr'>et</span> <span class='ocrx_word' id='word_1_452' title='bbox 2124 2993 2279 3042; x_wconf 87' lang='lat' dir='ltr'>modo</span> <span class='ocrx_word' id='word_1_453' title='bbox 2315 2995 2612 3043; x_wconf 82' lang='lat' dir='ltr'>vulneribus</span> <span class='ocrx_word' id='word_1_454' title='bbox 2648 3003 2728 3043; x_wconf 87' lang='lat' dir='ltr'>te-</span> 
     </span>
     <span class='ocr_line' id='line_1_86' title="bbox 1658 3070 2729 3128; baseline 0.006 -11"><span class='ocrx_word' id='word_1_455' title='bbox 1658 3083 1771 3124; x_wconf 81' lang='lat' dir='ltr'>nus,</span> <span class='ocrx_word' id='word_1_456' title='bbox 1796 3070 1945 3117; x_wconf 89' lang='lat' dir='ltr'>modo</span> <span class='ocrx_word' id='word_1_457' title='bbox 1967 3071 2079 3119; x_wconf 89' lang='lat' dir='ltr'>sine</span> <span class='ocrx_word' id='word_1_458' title='bbox 2102 3070 2344 3120; x_wconf 87' lang='lat' dir='ltr'>missione</span> <span class='ocrx_word' id='word_1_459' title='bbox 2376 3073 2553 3128; x_wconf 84' lang='lat' dir='ltr'>etiam,</span> <span class='ocrx_word' id='word_1_460' title='bbox 2575 3079 2631 3122; x_wconf 87' lang='lat' dir='ltr'>et</span> <span class='ocrx_word' id='word_1_461' title='bbox 2652 3072 2729 3122; x_wconf 79' lang='lat' dir='ltr'>fa·</span> 
     </span>
     <span class='ocr_line' id='line_1_87' title="bbox 1659 3145 2725 3213; baseline 0.005 -20"><span class='ocrx_word' id='word_1_462' title='bbox 1659 3145 1859 3194; x_wconf 88' lang='lat' dir='ltr'>miliare</span> <span class='ocrx_word' id='word_1_463' title='bbox 1892 3147 2054 3195; x_wconf 86' lang='lat' dir='ltr'>oculis</span> <span class='ocrx_word' id='word_1_464' title='bbox 2085 3148 2483 3212; x_wconf 76' lang='lat' dir='ltr'>gratumqueid</span> <span class='ocrx_word' id='word_1_465' title='bbox 2518 3152 2725 3213; x_wconf 50' lang='lat' dir='ltr'>specta&amp;</span> 
     </span>
     <span class='ocr_line' id='line_1_88' title="bbox 1659 3220 2729 3288; baseline 0.005 -19"><span class='ocrx_word' id='word_1_466' title='bbox 1659 3221 1830 3270; x_wconf 85' lang='lat' dir='ltr'>culum</span> <span class='ocrx_word' id='word_1_467' title='bbox 1855 3220 1999 3282; x_wconf 84' lang='lat' dir='ltr'>fecit,</span> <span class='ocrx_word' id='word_1_468' title='bbox 2022 3229 2077 3271; x_wconf 88' lang='lat' dir='ltr'>et</span> <span class='ocrx_word' id='word_1_469' title='bbox 2098 3237 2354 3272; x_wconf 87' lang='lat' dir='ltr'>armorum</span> <span class='ocrx_word' id='word_1_470' title='bbox 2371 3224 2597 3274; x_wconf 84' lang='lat' dir='ltr'>studium</span> <span class='ocrx_word' id='word_1_471' title='bbox 2617 3227 2729 3288; x_wconf 85' lang='lat' dir='ltr'>ple·</span> 
     </span>
     <span class='ocr_line' id='line_1_89' title="bbox 1659 3297 2729 3367; baseline 0.005 -20"><span class='ocrx_word' id='word_1_472' title='bbox 1659 3297 1832 3363; x_wconf 87' lang='lat' dir='ltr'>risque</span> <span class='ocrx_word' id='word_1_473' title='bbox 1867 3299 2146 3349; x_wconf 75' lang='lat' dir='ltr'>accendit-⁹</span> <span class='ocrx_word' id='word_1_474' title='bbox 2212 3301 2477 3367; x_wconf 81' lang='lat' dir='ltr'>Quidquid</span> <span class='ocrx_word' id='word_1_475' title='bbox 2503 3303 2729 3352; x_wconf 89' lang='lat' dir='ltr'>crudeli-</span> 
     </span>
     <span class='ocr_line' id='line_1_90' title="bbox 1661 3376 2729 3442; baseline 0.005 -18"><span class='ocrx_word' id='word_1_476' title='bbox 1661 3377 1781 3425; x_wconf 86' lang='lat' dir='ltr'>tatis</span> <span class='ocrx_word' id='word_1_477' title='bbox 1814 3385 1869 3425; x_wconf 89' lang='lat' dir='ltr'>et</span> <span class='ocrx_word' id='word_1_478' title='bbox 1897 3376 2117 3426; x_wconf 77' lang='lat' dir='ltr'>saevitiei</span> <span class='ocrx_word' id='word_1_479' title='bbox 2144 3378 2196 3426; x_wconf 86' lang='lat' dir='ltr'>in</span> <span class='ocrx_word' id='word_1_480' title='bbox 2235 3377 2366 3426; x_wconf 85' lang='lat' dir='ltr'>ludis</span> <span class='ocrx_word' id='word_1_481' title='bbox 2398 3379 2729 3442; x_wconf 75' lang='lat' dir='ltr'>gladiatoriis</span> 
     </span>
     <span class='ocr_line' id='line_1_91' title="bbox 1659 3449 2728 3513; baseline 0.007 -14"><span class='ocrx_word' id='word_1_482' title='bbox 1659 3452 1908 3513; x_wconf 85' lang='lat' dir='ltr'>occurrit,</span> <span class='ocrx_word' id='word_1_483' title='bbox 1931 3451 1981 3500; x_wconf 90' lang='lat' dir='ltr'>id</span> <span class='ocrx_word' id='word_1_484' title='bbox 2014 3449 2337 3501; x_wconf 82' lang='lat' dir='ltr'>fortitudinis</span> <span class='ocrx_word' id='word_1_485' title='bbox 2369 3455 2728 3507; x_wconf 71' lang='lat' dir='ltr'>accendendas</span> 
     </span>
     <span class='ocr_line' id='line_1_92' title="bbox 1660 3530 2733 3598; baseline 0.007 -22"><span class='ocrx_word' id='word_1_486' title='bbox 1660 3530 1866 3576; x_wconf 86' lang='lat' dir='ltr'>nomine</span> <span class='ocrx_word' id='word_1_487' title='bbox 1882 3537 2199 3578; x_wconf 81' lang='lat' dir='ltr'>excusarunt</span> <span class='ocrx_word' id='word_1_488' title='bbox 2218 3539 2441 3579; x_wconf 76' lang='lat' dir='ltr'>veteres.</span> <span class='ocrx_word' id='word_1_489' title='bbox 2477 3531 2596 3581; x_wconf 82' lang='lat' dir='ltr'>Nou</span> <span class='ocrx_word' id='word_1_490' title='bbox 2613 3548 2733 3598; x_wconf 84' lang='lat' dir='ltr'>pos-</span> 
     </span>
     <span class='ocr_line' id='line_1_93' title="bbox 1659 3601 2732 3667; baseline 0.008 -16"><span class='ocrx_word' id='word_1_491' title='bbox 1659 3618 1792 3662; x_wconf 89' lang='lat' dir='ltr'>sum,</span> <span class='ocrx_word' id='word_1_492' title='bbox 1835 3605 1958 3667; x_wconf 85' lang='lat' dir='ltr'>quin</span> <span class='ocrx_word' id='word_1_493' title='bbox 2001 3604 2102 3654; x_wconf 77' lang='lat' dir='ltr'>huc</span> <span class='ocrx_word' id='word_1_494' title='bbox 2149 3601 2360 3656; x_wconf 82' lang='lat' dir='ltr'>afferam</span> <span class='ocrx_word' id='word_1_495' title='bbox 2405 3608 2572 3659; x_wconf 84' lang='lat' dir='ltr'>locum</span> <span class='ocrx_word' id='word_1_496' title='bbox 2617 3611 2732 3661; x_wconf 83' lang='lat' dir='ltr'>Cic.</span> 
     </span>
     <span class='ocr_line' id='line_1_94' title="bbox 1659 3681 2726 3745; baseline 0.008 -17"><span class='ocrx_word' id='word_1_497' title='bbox 1659 3681 1811 3730; x_wconf 87' lang='lat' dir='ltr'>Tusc.</span> <span class='ocrx_word' id='word_1_498' title='bbox 1835 3693 1900 3729; x_wconf 91' lang='grc' dir='ltr'><strong>ιι.</strong></span> <span class='ocrx_word' id='word_1_499' title='bbox 1937 3684 2016 3729; x_wconf 82' lang='grc'><strong>16.</strong></span> <span class='ocrx_word' id='word_1_500' title='bbox 2041 3695 2349 3745; x_wconf 87' lang='lat' dir='ltr'>quamquam</span> <span class='ocrx_word' id='word_1_501' title='bbox 2380 3683 2490 3745; x_wconf 88' lang='lat' dir='ltr'>jam</span> <span class='ocrx_word' id='word_1_502' title='bbox 2516 3685 2583 3733; x_wconf 85' lang='lat' dir='ltr'>ab</span> <span class='ocrx_word' id='word_1_503' title='bbox 2607 3687 2726 3737; x_wconf 83' lang='lat' dir='ltr'>aliis</span> 
     </span>
     <span class='ocr_line' id='line_1_95' title="bbox 1659 3757 2729 3824; baseline 0.006 -20"><span class='ocrx_word' id='word_1_504' title='bbox 1659 3762 1986 3806; x_wconf 72' lang='lat' dir='ltr'>annotatumz</span> <span class='ocrx_word' id='word_1_505' title='bbox 2027 3763 2042 3785; x_wconf 82' lang='lat'><em>‘</em></span> <span class='ocrx_word' id='word_1_506' title='bbox 2061 3757 2326 3818; x_wconf 63' lang='lat' dir='ltr'>Crudele:</span> <span class='ocrx_word' id='word_1_507' title='bbox 2355 3758 2542 3823; x_wconf 81' lang='lat' dir='ltr'>inquit,</span> <span class='ocrx_word' id='word_1_508' title='bbox 2578 3760 2593 3790; x_wconf 76' lang='lat'><em>⁴</em></span> <span class='ocrx_word' id='word_1_509' title='bbox 2615 3763 2729 3824; x_wconf 64' lang='lat' dir='ltr'>gla-</span> 
     </span>
     <span class='ocr_line' id='line_1_96' title="bbox 1658 3833 2732 3895; baseline 0.005 -13"><span class='ocrx_word' id='word_1_510' title='bbox 1658 3833 1919 3882; x_wconf 85' lang='lat' dir='ltr'>diatorum</span> <span class='ocrx_word' id='word_1_511' title='bbox 1968 3835 2346 3895; x_wconf 82' lang='lat' dir='ltr'>spectaculum,</span> <span class='ocrx_word' id='word_1_512' title='bbox 2395 3843 2451 3885; x_wconf 86' lang='lat' dir='ltr'>et</span> <span class='ocrx_word' id='word_1_513' title='bbox 2494 3836 2732 3887; x_wconf 76' lang='lat' dir='ltr'>inhuma-</span> 
     </span>
     <span class='ocr_line' id='line_1_97' title="bbox 1660 3909 2727 3973; baseline 0.007 -16"><span class='ocrx_word' id='word_1_514' title='bbox 1660 3924 1801 3972; x_wconf 88' lang='lat' dir='ltr'>num,</span> <span class='ocrx_word' id='word_1_515' title='bbox 1823 3924 1922 3959; x_wconf 89' lang='lat' dir='ltr'>nou</span> <span class='ocrx_word' id='word_1_516' title='bbox 1946 3910 2103 3958; x_wconf 87' lang='lat' dir='ltr'>nullis</span> <span class='ocrx_word' id='word_1_517' title='bbox 2127 3909 2291 3959; x_wconf 81' lang='lat' dir='ltr'>videri</span> <span class='ocrx_word' id='word_1_518' title='bbox 2316 3911 2450 3961; x_wconf 87' lang='lat' dir='ltr'>solet</span> <span class='ocrx_word' id='word_1_519' title='bbox 2469 3929 2485 3973; x_wconf 80' lang='lat'>3</span> <span class='ocrx_word' id='word_1_520' title='bbox 2507 3921 2564 3963; x_wconf 81' lang='lat' dir='ltr'>et</span> <span class='ocrx_word' id='word_1_521' title='bbox 2588 3913 2727 3965; x_wconf 75' lang='lat' dir='ltr'>haud</span> 
     </span>
     <span class='ocr_line' id='line_1_98' title="bbox 1657 3988 2728 4048; baseline 0.007 -13"><span class='ocrx_word' id='word_1_522' title='bbox 1657 3988 1784 4048; x_wconf 90' lang='lat' dir='ltr'>scio,</span> <span class='ocrx_word' id='word_1_523' title='bbox 1825 4001 1891 4036; x_wconf 88' lang='lat' dir='ltr'>an</span> <span class='ocrx_word' id='word_1_524' title='bbox 1929 3988 2002 4037; x_wconf 90' lang='lat' dir='ltr'>ita</span> <span class='ocrx_word' id='word_1_525' title='bbox 2046 3988 2132 4044; x_wconf 90' lang='lat' dir='ltr'>sit,</span> <span class='ocrx_word' id='word_1_526' title='bbox 2177 3994 2236 4036; x_wconf 91' lang='lat' dir='ltr'>ut</span> <span class='ocrx_word' id='word_1_527' title='bbox 2272 4003 2408 4038; x_wconf 88' lang='lat' dir='ltr'>nuuc</span> <span class='ocrx_word' id='word_1_528' title='bbox 2447 3989 2523 4039; x_wconf 80' lang='lat' dir='ltr'>fit.</span> <span class='ocrx_word' id='word_1_529' title='bbox 2592 3991 2728 4042; x_wconf 90' lang='lat' dir='ltr'>Cum</span> 
     </span>
     <span class='ocr_line' id='line_1_99' title="bbox 1659 4060 2729 4128; baseline 0.005 -17"><span class='ocrx_word' id='word_1_530' title='bbox 1659 4077 1783 4113; x_wconf 76' lang='lat' dir='ltr'>vero</span> <span class='ocrx_word' id='word_1_531' title='bbox 1807 4070 1983 4113; x_wconf 90' lang='lat' dir='ltr'>sontes</span> <span class='ocrx_word' id='word_1_532' title='bbox 2010 4060 2147 4112; x_wconf 80' lang='lat' dir='ltr'>ferro</span> <span class='ocrx_word' id='word_1_533' title='bbox 2170 4062 2567 4128; x_wconf 64' lang='lat' dir='ltr'>depugnabant,</span> <span class='ocrx_word' id='word_1_534' title='bbox 2589 4069 2729 4116; x_wconf 89' lang='lat' dir='ltr'>auri-</span> 
     </span>
     <span class='ocr_line' id='line_1_100' title="bbox 1659 4138 2728 4208; baseline 0.003 -17"><span class='ocrx_word' id='word_1_535' title='bbox 1659 4140 1753 4191; x_wconf 88' lang='lat' dir='ltr'>bus</span> <span class='ocrx_word' id='word_1_536' title='bbox 1794 4138 2020 4189; x_wconf 78' lang='lat' dir='ltr'>sortasse</span> <span class='ocrx_word' id='word_1_537' title='bbox 2076 4139 2260 4202; x_wconf 85' lang='lat' dir='ltr'>mults,</span> <span class='ocrx_word' id='word_1_538' title='bbox 2303 4142 2466 4190; x_wconf 85' lang='lat' dir='ltr'>oculis</span> <span class='ocrx_word' id='word_1_539' title='bbox 2512 4142 2728 4208; x_wconf 81' lang='lat' dir='ltr'>quidem</span> 
     </span>
     <span class='ocr_line' id='line_1_101' title="bbox 1658 4214 2726 4280; baseline 0.002 -14"><span class='ocrx_word' id='word_1_540' title='bbox 1658 4218 1800 4267; x_wconf 84' lang='lat' dir='ltr'>nulla</span> <span class='ocrx_word' id='word_1_541' title='bbox 1826 4221 2036 4280; x_wconf 79' lang='lat' dir='ltr'>poterat</span> <span class='ocrx_word' id='word_1_542' title='bbox 2071 4226 2186 4265; x_wconf 85' lang='lat' dir='ltr'>esse</span> <span class='ocrx_word' id='word_1_543' title='bbox 2210 4214 2398 4267; x_wconf 80' lang='lat' dir='ltr'>fortior</span> <span class='ocrx_word' id='word_1_544' title='bbox 2427 4226 2614 4269; x_wconf 84' lang='lat' dir='ltr'>contra</span> <span class='ocrx_word' id='word_1_545' title='bbox 2633 4217 2726 4268; x_wconf 84' lang='lat' dir='ltr'>do·</span> 
     </span>
    </p>
   </div>
   <div class='ocr_carea' id='block_1_8' title="bbox 1657 4292 2727 4362">
    <p class='ocr_par' dir='ltr' id='par_1_14' title="bbox 1657 4292 2727 4362">
     <span class='ocr_line' id='line_1_102' title="bbox 1657 4292 2727 4362; baseline 0.004 -16"><span class='ocrx_word' id='word_1_546' title='bbox 1657 4295 1842 4355; x_wconf 80' lang='lat' dir='ltr'>lorem,</span> <span class='ocrx_word' id='word_1_547' title='bbox 1864 4300 1921 4345; x_wconf 81' lang='lat' dir='ltr'>et</span> <span class='ocrx_word' id='word_1_548' title='bbox 1942 4299 2183 4360; x_wconf 81' lang='lat' dir='ltr'>mortem,</span> <span class='ocrx_word' id='word_1_549' title='bbox 2201 4292 2518 4362; x_wconf 77' lang='lat' dir='ltr'>disciplina.&#39;</span> <span class='ocrx_word' id='word_1_550' title='bbox 2552 4295 2727 4350; x_wconf 75' lang='lat' dir='ltr'>Clu-is·-</span> 
     </span>
    </p>
   </div>
  </div>
 </body>
</html>
