3060 4902
493 399 628 467 492

497 559 784 624 requirere,
806 563 868 610 ut
900 556 1221 610 rescribatur
1242 557 1563 621 barbarorum,

500 650 596 699 per
618 650 745 699 quos
779 650 844 685 ex
880 650 1022 685 more
1044 636 1387 685 Romanorum
1411 633 1565 684 intel·

497 713 727 775 ligantur
782 713 1029 761 Germani
1051 727 1067 772 ;
1135 712 1317 777 quibus
1373 725 1563 773 magno

499 797 697 839 terrore
731 789 996 852 cohibitis,
1018 788 1291 852 victisque,
1312 789 1564 850 Trajanus

498 864 799 914 Germanici
832 880 1116 928 cognomen
1153 866 1402 914 meruisse
1433 863 1565 911 dici-

500 949 603 991 tur.
678 941 827 991 Hanc
853 944 1260 1006 qualemcunque
1298 942 1563 1005 conjectu-

502 1033 610 1066 ram
634 1025 857 1068 nostram
874 1020 981 1082 jam
1007 1021 1221 1083 probam
1249 1028 1300 1068 et
1320 1019 1566 1079 ἀποδοχῆς

501 1094 630 1156 ἄξιον
646 1097 905 1159 judicavit
932 1097 1217 1153 Gesnerus,
1241 1097 1564 1159 aequissimus

500 1170 678 1219 harum
706 1186 875 1220 rerum
901 1173 1245 1220 existimator.
1287 1172 1436 1219 Idem.

564 1248 642 1295 Ex
655 1250 873 1310 proximo
888 1249 1101 1311 auditas]
1129 1248 1378 1297 Albertus
1397 1248 1565 1297 Cirris·

503 1322 677 1372 tiauus
715 1324 951 1384 Rothius,
981 1325 1066 1388 qui
1109 1325 1371 1387 Epistulas
1409 1323 1566 1372 Plinii

505 1412 569 1446 ex
606 1398 834 1447 editione
867 1399 984 1450 Jac.
1015 1401 1278 1450 'l‘homasii
1312 1414 1395 1448 an.
1422 1403 1568 1448 1686.

504 1474 657 1523 Halae
697 1476 947 1539 Magdeb.
980 1485 1033 1526 et
1071 1493 1153 1527 an.
1179 1483 1325 1527 1695.
1360 1478 1575 1540 mpsim,

504 1552 829 1601 recudendas
889 1555 1108 1610 curavit,
1166 1555 1570 1617 Panegyricum-

504 1643 604 1692 que
629 1629 941 1691 Plinianum,
958 1631 1146 1678 notulis
1166 1630 1465 1692 quibusdam
1494 1630 1568 1677 iu·

505 1712 780 1767 structum,
807 1705 1015 1768 adjecit,
1041 1706 1103 1753 ad
1141 1705 1274 1754 hunc
1310 1706 1475 1753 locum
1502 1707 1571 1753 ri-

506 1779 680 1828 dicule
702 1781 814 1829 haec
837 1790 1217 1829 commentatus
1253 1790 1367 1829 est:
1406 1784 1422 1810 ‘
1444 1783 1569 1830 For-

507 1857 659 1905 tassis
683 1864 947 1905 stentorea
973 1871 1097 1905 voce
1126 1858 1381 1920 Trajanus
1408 1865 1571 1906 terro-

507 1948 616 1983 rem
641 1935 856 1983 incussit
882 1936 1028 1990 hosti,
1048 1950 1161 1983 cum
1188 1937 1348 1996 patris
1369 1937 1418 1984 in
1440 1936 1571 1983 Par-

508 2011 649 2059 thica
674 2011 1010 2073 expeditione
1028 2026 1198 2059 comes
1219 2010 1391 2059 esset)
1436 2011 1569 2061 Haec

507 2092 682 2134 tamen
718 2085 792 2135 ita
827 2087 1111 2136 arriserunt
1138 2085 1443 2136 Godofredo
1470 2088 1570 2136 Lu-

508 2159 695 2216 dovici,
721 2169 780 2211 ut
813 2162 994 2211 eadem
1030 2178 1122 2211 sua
1154 2162 1349 2212 faceret
1375 2165 1423 2211 in
1445 2168 1459 2190 ⁸
1481 2180 1570 2213 an·

507 2236 901 2299 notationibus,’
925 2246 981 2287 ut
1005 2246 1177 2294 vocat,
1199 2247 1213 2269 ⁶
1233 2240 1574 2300 necessariis:

508 2310 575 2358 ad
600 2311 983 2376 Panegyricum
1018 2312 1197 2372 Plinii,
1220 2315 1570 2377 Schleusingae

510 2402 594 2438 au.
615 2393 761 2439 170⁰.
779 2404 1036 2439 recusum.
1100 2390 1301 2440 Plinius
1322 2407 1444 2440 vero
1468 2406 1568 2441 non

508 2466 574 2516 de
598 2481 743 2522 voce,
769 2467 859 2518 sed
883 2467 950 2518 de
973 2468 1114 2518 fama
1136 2471 1339 2531 Trajani
1377 2469 1570 2519 adven·

508 2543 670 2593 tantis
701 2544 945 2608 loquitur,
971 2560 1072 2609 qua
1105 2546 1278 2595 hostes
1307 2546 1417 2608 jam
1455 2562 1570 2609 per·

509 2620 721 2669 territos
770 2619 930 2670 fuisse
980 2621 1071 2670 ait.
1150 2627 1164 2650 ⁸
1192 2621 1381 2670 Fama’
1432 2624 1570 2671 enim

510 2698 525 2724 ⁸
549 2696 684 2745 bella
707 2696 886 2759 stare,'
905 2696 1039 2745 dixit
1063 2697 1213 2746 Curt.
1239 2711 1329 2746 ιιι.
1346 2702 1394 2746 8.
1414 2707 1571 2761 atque

509 2773 669 2836 idem,
694 2786 744 2821 v.
770 2777 850 2822 1³.
874 2775 890 2800 ‘
916 2774 1156 2829 Nomen‚’
1179 2775 1362 2837 inquit,
1380 2774 1569 2823 ‘Alex-

509 2846 744 2910 andri,et
765 2847 917 2911 fama,
935 2850 1209 2897 maximnm
1232 2852 1281 2897 in
1308 2850 1442 2898 bello
1467 2851 1570 2898 uti·

510 2939 611 2987 que
662 2931 997 2980 momentum,
1042 2925 1253 2985 pavidos
1298 2925 1348 2972 in
1395 2923 1568 2987 fugam

511 2998 808 3049 convertit.'
876 3003 965 3049 Sic
1000 3006 1052 3049 et
1074 3002 1256 3050 Stilico
1283 3001 1569 3051 Honor-ium

514 3078 811 3141 alloquitur,
846 3077 980 3139 apud
1018 3078 1289 3127 Claudiau.
1324 3078 1389 3126 de
1415 3079 1477 3127 B.
1501 3079 1570 3128 G.

510 3168 587 3202 vs.
612 3157 727 3202 ³84.
746 3156 762 3181 ‘
780 3154 908 3202 Plus
944 3155 1162 3202 nominis
1184 3155 1379 3217 horror,
1401 3155 1571 3205 Quam

512 3235 633 3277 tuus
656 3230 809 3290 ensis,
836 3227 991 3291 aget.'
1043 3230 1180 3279 Hinc
1206 3231 1314 3279 Cic.
1338 3246 1431 3293 pro
1456 3233 1571 3292 lege

510 3304 697 3355 Manil.
721 3318 768 3352 c.
795 3308 873 3353 15.
909 3319 1025 3353 cum
1048 3304 1113 3353 de
1150 3309 1461 3354 auctoritate
1495 3305 1569 3355 fa-

511 3393 698 3443 maque
722 3379 961 3443 Pompeii
996 3389 1208 3442 ageret:
1243 3389 1256 3410 ⁴
1276 3381 1569 3432 Vehemen-

509 3456 630 3512 ter‚'
665 3456 855 3521 inquit,
884 3457 1177 3519 ‘pertinere
1210 3458 1274 3507 ad
1312 3458 1444 3506 bella
1482 3459 1571 3506 ad—

511 3531 872 3588 ministranda,
896 3533 1014 3595 quid
1052 3533 1245 3592 hostes,
1267 3533 1386 3596 quid
1424 3535 1571 3590 socii,

512 3607 582 3656 de
614 3607 1019 3669 imperatoribus
1045 3609 1227 3656 vestris
1256 3610 1574 3672 existiment,

514 3683 627 3747 quis
658 3683 894 3744 ignorat5
928 3696 1043 3730 cum
1079 3683 1317 3740 sciamus,
1340 3685 1571 3735 homines

515 3759 570 3809 iu
605 3760 764 3810 tantis
798 3759 974 3819 rebus,
1009 3765 1085 3819 ut,
1106 3769 1194 3807 aut
1218 3769 1575 3824 contemnant,

514 3840 607 3882 aut
629 3841 883 3895 metuant,
904 3842 992 3882 aut
1021 3833 1245 3896 oderint,
1269 3846 1360 3885 aut
1382 3846 1572 3895 ament,

515 3911 760 3974 opinione
791 3925 891 3959 non
927 3911 1093 3959 minus
1115 3909 1286 3970 fama»,
1308 3928 1457 3977 quam
1482 3916 1576 3964 ali·

516 4001 621 4051 qua
637 3993 781 4034 certa
804 3987 1003 4036 ratione
1025 3990 1333 4037 commoveri
1350 3990 1555 4040 i'Idem.

582 4062 890 4125 mniumque
931 4069 977 4111 et
1019 4063 1333 4127 Euphratem]
1386 4067 1575 4117 Orien.

514 4148 620 4189 tem
645 4147 699 4188 et
718 4137 1060 4186 occidentem.
1091 4139 1243 4188 Bern.

580 4213 933 4264 Admiratioais
966 4220 1061 4263 ωτι·
1078 4213 1243 4276 sama]
1280 4215 1366 4264 Ita
1403 4215 1451 4264 in
1485 4231 1576 4266 au·

518 4287 826 4357 tiquioribus
864 4290 1080 4354 pariter,
1115 4298 1171 4340 et
1204 4292 1576 4344 recentioribus

1190 415 1411 466 No'rAE
1460 414 1868 465 vammum
1921 416 2002 466 m

1636 555 1801 614 libris,
1821 557 1933 608 baec
1957 556 2116 609 verba
2141 564 2263 610 sunt
2285 573 2497 611 excusa.
2548 560 2621 612 At
2647 562 2700 613 in

1638 634 1902 685 codicibus
1927 637 2059 686 Μαι.
2090 644 2145 687 et
2175 638 2227 686 in
2263 638 2565 702 cuspiniani
2592 641 2701 691 edi·

1638 711 1800 773 tione,
1822 712 2060 775 legimus,
2082 714 2415 763 admirationis
2440 720 2537 763 euae
2558 717 2704 766 socie·

1635 793 1753 837 tate.
1837 788 1918 836 Ex
1965 789 2270 852 conjectura
2313 791 2705 839 rescribendum

1639 864 1922 918 videretur,
1977 866 2293 911 admiratione
2364 870 2460 912 taoe
2532 864 2706 923 famoe.

1637 939 1769 986 Vide
1795 941 2013 987 Excurs.
2041 953 2141 988 xx.
2168 940 2218 987 in
2241 940 2362 988 fine.
2395 940 2640 988 Schwarz.

1706 1016 1856 1064 Fama
1883 1017 2209 1081 conjungeres]
2246 1016 2481 1066 Societaee
2511 1017 2706 1079 conjun-

1633 1107 1790 1153 geres.
1837 1094 1898 1138 V.
1924 1093 1984 1140 C.
2022 1092 2183 1141 Livius.

1709 1168 1819 1215 Non
1849 1168 2046 1230 pedibas
2068 1167 2247 1230 magis]
2280 1168 2447 1229 Magis
2467 1167 2616 1217 abest
2635 1167 2707 1215 V.

1642 1243 1788 1292 Idem.

1711 1320 2026 1381 contignus]
2076 1318 2339 1378 Contigisti
2387 1319 2556 1369 Livia.
2611 1318 2708 1368 sed

1640 1397 1922 1456 contigisses
1947 1396 2012 1444 V.
2040 1397 2100 1444 C.
2127 1396 2195 1445 G.
2221 1397 2280 1445 R.
2315 1396 2466 1444 Idem.

1710 1473 2016 1520 Germaniam
2040 1472 2248 1534 quidem]
2289 1471 2707 1534 Germaniamque.

1643 1548 1920 1596 Desectam
1947 1549 2170 1611 aliquem
2196 1548 2365 1610 video,
2401 1547 2490 1596 sed
2516 1549 2704 1598 levem.

1640 1624 1776 1685 Lips.

1710 1700 2019 1748 Germaniam
2062 1698 2275 1763 quidem]
2324 1698 2609 1764 Hucusque
2655 1701 2708 1750 in

1641 1776 1879 1822 omnibus
1906 1776 2287 1838 libris,scriptis
2315 1777 2511 1838 pariter
2535 1785 2589 1824 et
2614 1777 2706 1826 im-

1644 1852 1853 1913 pressis,
1877 1852 1973 1911 legi
2016 1853 2447 1915 Germaniamqae5
2484 1854 2560 1902 ita
2597 1854 2711 1918 qui·

1645 1925 1779 1981 dem,
1806 1934 1860 1974 ut
1886 1927 1961 1975 hae
1989 1941 2142 1976 voces
2169 1929 2251 1976 vix
2278 1930 2447 1991 aliter,
2482 1930 2580 1978 nisi
2615 1944 2711 1993 per

1644 2002 1963 2062 intercisum,
1984 2011 2073 2052 alit
2099 2005 2397 2061 semicolon,
2423 2020 2452 2053 a
2475 2007 2712 2068 superio·

1645 2080 1786 2128 ribus
1829 2079 2290 2141 distinguerentur.
2370 2081 2521 2131 Unde
2564 2083 2711 2133 locus

1645 2155 1725 2203 hic
1772 2156 2116 2218 perobscurus
2175 2157 2372 2212 extitit,
2417 2158 2710 2224 meritoque

1645 2244 1854 2279 mancus
1878 2232 2080 2280 babitus
2104 2239 2202 2281 est.
2258 2233 2385 2280 Levi
2420 2234 2579 2295 igitur
2602 2249 2711 2283 mu·

1647 2308 1861 2361 tatione,
1900 2323 1992 2369 pro
2032 2310 2287 2369 particula
2318 2308 2568 2374 ἐγκλιτικῇ
2602 2325 2710 2375 que,

1647 2384 1951 2444 particulam
1997 2384 2321 2445 transeundi,
2363 2388 2443 2435 vel
2488 2403 2711 2438 connec-

1646 2460 1811 2519 tendi,
1845 2460 2050 2522 qaidem,
2082 2461 2496 2513 substituendam
2533 2466 2711 2529 opina·

1646 2545 1746 2591 tus,
1785 2545 1901 2600 post
1938 2538 2147 2586 verbum
2178 2554 2299 2593 eras,
2334 2541 2712 2605 interpunctio·

1644 2628 1759 2661 nem
1799 2612 2088 2676 perfectam
2117 2615 2318 2664 interea
2351 2620 2514 2679 posui,
2548 2634 2711 2683 nsque

1644 2689 1765 2737 dum
1805 2705 1869 2737 ex
1899 2690 2010 2737 aliis
2046 2691 2283 2741 subsidiis
2317 2694 2513 2743 certior
2535 2696 2712 2758 profe-

1645 2773 1791 2815 ratur
1814 2767 2127 2818 emendatio.
2194 2769 2477 2820 Particulae
2511 2788 2616 2821 cam
2655 2783 2712 2825 et

1645 2851 1766 2907 lum,
1789 2859 1904 2908 quae
1937 2847 1987 2894 in
2027 2846 2119 2895 bac
2160 2849 2377 2909 periodo
2412 2859 2713 2913 occurrunt,

1647 2935 1789 2969 more
1813 2929 2064 2970 consueto
2087 2921 2222 2971 idem
2240 2923 2711 2990 significant,quod

1646 3002 1694 3045 et
1732 3024 1748 3036 ·
1783 3002 1865 3052 ευ
1909 2999 2033 3052 sive,
2072 3013 2167 3046 non
2209 3000 2378 3061 solam,
2422 3004 2504 3050 sed
2546 3003 2711 3053 etiam.

1648 3072 1785 3122 Vide
1811 3075 2027 3122 Excurs.
2053 3087 2179 3124 xxi.
2211 3074 2454 3125 δώωσι-τ.

1718 3149 1834 3196 Tum
1876 3149 2158 3212 Pyreneus]
2208 3150 2345 3212 Quid
2386 3152 2485 3199 hoc
2524 3152 2714 3203 audio?

1646 3226 1974 3274 Germaniam
2015 3235 2217 3275 montes
2260 3226 2505 3290 Pyrenaei
2546 3230 2713 3280 muni-

1648 3312 1759 3364 unt,
1807 3303 2199 3365 dirimuntque?
2282 3303 2399 3352 Nou
2443 3305 2542 3353 boc
2587 3321 2712 3369 geo-

1648 3378 1846 3443 graphi,
1883 3394 1985 3428 non
2019 3377 2122 3428 fert
2160 3385 2343 3427 natura
2378 3393 2581 3441 rerum;
2617 3382 2712 3431 sed

1648 3457 1874 3518 suspicio
1899 3456 2037 3514 milii,
2061 3463 2301 3517 respectu
2325 3456 2544 3518 quodam
2574 3457 2715 3519 posi·

1648 3539 1751 3592 tus,
1801 3541 1854 3580 et
1909 3532 2110 3580 itineris
2145 3532 2353 3594 Trajani
2399 3533 2713 3596 nominatos,

1646 3623 1796 3672 quem
1826 3609 2147 3657 Domitianus
2173 3607 2237 3655 ab
2264 3606 2517 3670 Hispania
2542 3624 2713 3673 usque

1649 3692 1705 3731 ut
1730 3683 2099 3736 validissimum
2134 3683 2427 3748 praesidium
2461 3683 2524 3733 ad
2558 3685 2714 3751 bella,

1646 3774 1759 3824 quae
1785 3761 1834 3808 in
1860 3760 2141 3810 Germania
2165 3768 2392 3825 gereret,
2415 3763 2626 3826 excivit,
2651 3771 2712 3814 ut

1648 3852 1763 3888 mox
1790 3838 2038 3901 sequitur.
2074 3837 2239 3885 Livia.

1716 3915 1834 3964 Ίῖιηι
1872 3914 2161 3979 Pyrenoeus]
2222 3912 2377 3962 Itane
2421 3914 2711 3979 Pyrenaeus

1647 3990 1786 4039 inter
1823 3990 2117 4039 Germania
2160 3990 2442 4038 terminos?
2488 3992 2578 4047 ita,
2613 3993 2708 4043 sed

1648 4068 1753 4116 late
1802 4067 1934 4115 illius
1975 4073 2177 4125 sumtae,
2212 4073 2271 4114 ut
2310 4065 2509 4115 Gallias
2549 4069 2709 4121 etlam

1648 4141 2072 4205 comprehendat.
2144 4140 2255 4188 Nec
2289 4140 2340 4190 id
2379 4155 2568 4192 novum
2592 4152 2708 4195 est:

1648 4226 1702 4267 et
1723 4218 1859 4266 sicut
1882 4220 2061 4267 Celtas
2083 4230 2173 4270 eos
2193 4216 2349 4280 prisci
2368 4216 2716 4270 Graecicomo.

1630 4293 1873 4370 'nutriter
1912 4300 2178 4350 vocarunt,
2219 4291 2294 4345 sic
2337 4293 2509 4352 Latini
2554 4295 2711 4351 modo
