3060 4902
702 399 770 447 c.
821 393 1064 447 nimi
1117 396 1447 447 sacuam
1502 397 1783 447 ranno.
1857 400 1906 446 1.
1952 383 2059 448 37.

285 535 458 596 riores,
491 552 587 589 seu
625 539 819 605 quibus
857 541 1115 591 hereditas
1154 547 1358 591 tantum

290 615 429 665 exilis
453 616 774 679 obvenerat,
796 618 1134 669 succederent
1165 619 1358 684 absque

289 703 439 739 onere
461 692 733 743 vicesimas
754 693 1032 744 sotvendae.
1060 696 1207 744 Idem.

356 764 608 817 Veteribus
641 769 850 832 civibus]
884 769 1204 818 Vocabulum
1238 769 1358 819 civi·

289 841 368 891 bus
405 845 543 893 male
580 846 827 895 omissum
866 853 947 895 est
981 847 1030 895 in
1067 846 1182 897 cod.
1211 847 1358 897 Vati-

287 931 411 968 cano
451 924 604 971 ⁸461.
652 922 705 971 in
754 923 1057 984 parisiensi,
1101 930 1153 972 et
1198 922 1358 973 Guel-

291 994 651 1060 pberbytan03
701 1000 757 1047 in
794 998 1179 1063 salisburgensi
1216 1008 1358 1063 post·

291 1070 479 1120 liminio
537 1082 619 1123 est
678 1073 1023 1138 adscriptum.
1089 1075 1105 1102 ⁶
1133 1076 1358 1125 Veteres

292 1146 459 1196 cives’
494 1157 649 1198 eraut
673 1151 918 1208 Romani,
940 1152 991 1199 in
1028 1151 1155 1201 urbe
1186 1152 1358 1200 oriun-

293 1224 372 1285 di;
403 1239 517 1274 nam
542 1235 557 1256 ⁶
578 1228 723 1276 cives
747 1227 907 1290 novi,’
931 1230 1018 1293 qni
1044 1229 1125 1277 vel
1150 1243 1244 1292 per
1270 1230 1359 1291 jus

293 1299 422 1349 Latii
465 1303 549 1350 vel
592 1303 873 1366 privilegio
926 1312 981 1354 et
1035 1303 1360 1366 induigentia

292 1375 622 1441 imperatoris
664 1388 920 1429 venerant
968 1380 1021 1429 in
1070 1381 1358 1442 civitatem,

293 1456 384 1503 etsi
402 1456 513 1518 jam
534 1456 856 1507 domicilium
878 1456 1114 1506 fixissent
1139 1458 1189 1506 in
1216 1458 1358 1513 urbe,

292 1538 343 1580 et
365 1532 557 1584 aditum
582 1535 725 1585 nacti
750 1542 922 1585 essent
942 1535 1005 1585 ad
1032 1533 1280 1599 suffragia
1302 1543 1359 1585 et

294 1609 545 1673 honores;
592 1613 640 1660 si
678 1619 852 1662 tamen
898 1624 999 1661 non
1037 1612 1358 1674 cognationis

289 1685 403 1748 jura
440 1703 467 1736 n
509 1689 756 1752 principe
804 1688 1054 1752 peculiari
1100 1689 1357 1751 rescripto

293 1761 435 1811 simul
476 1772 661 1814 essent
696 1766 980 1820 consecuti,
1014 1778 1046 1813 a
1083 1772 1357 1827 parentum

293 1846 345 1888 et
367 1848 676 1901 agnatorum
698 1841 1075 1891 hereditatibus
1100 1849 1246 1890 erant
1269 1855 1357 1890 ex-

294 1915 447 1977 clusi;
483 1918 670 1980 immo,
708 1918 753 1966 si
792 1918 1060 1967 consecuti
1103 1925 1358 1980 praeterea

294 1998 456 2041 essent
493 1993 825 2058 cognationis
851 1992 989 2056 jura,
1023 2000 1079 2041 et
1117 2006 1212 2055 per
1245 1992 1358 2042 ltaec

293 2069 697 2120 admitterentur
730 2070 796 2118 ad
833 2067 1167 2123 hereditates,
1189 2069 1355 2119 adltuc

297 2152 481 2204 tamen,
499 2156 752 2212 tanquam
772 2146 891 2195 novi
916 2147 1076 2205 cives,
1098 2154 1216 2210 post
1242 2161 1360 2196 vec-

297 2222 416 2283 tigal
453 2225 715 2273 vicesima
760 2224 827 2273 ab
867 2222 1104 2287 Angusto
1149 2224 1356 2273 institu-

295 2304 415 2355 tum,
446 2314 580 2349 onus
615 2298 910 2364 pendendae
937 2300 1211 2356 vicesimae,
1236 2300 1286 2348 li.
1311 2315 1358 2349 e.

295 2375 517 2424 solvendi
550 2376 778 2439 quinque
814 2389 910 2438 pro
944 2384 1171 2432 centum,
1204 2377 1356 2425 susti·

295 2450 481 2501 nebant
502 2469 517 2513 3
558 2468 589 2501 a
614 2466 716 2517 quo
740 2466 895 2501 onere
916 2462 1084 2502 autem
1111 2454 1359 2503 immunes

296 2536 435 2577 eraut
473 2535 688 2578 veteres
726 2528 884 2585 cives,
926 2528 1109 2592 quibus
1158 2528 1359 2592 integra

297 2605 659 2666 cognationum
706 2606 830 2669 jura
872 2612 1024 2654 erant
1074 2614 1356 2656 reservata.

300 2679 424 2730 Vide
442 2680 728 2745 spanhem.
750 2682 802 2730 in
822 2682 967 2732 Orbe
993 2682 1242 2738 Romano,
1259 2684 1359 2732 Ex·

303 2757 443 2805 ercit.
466 2770 531 2806 n.
558 2761 610 2807 ⁸.
645 2757 798 2807 Idem.

363 2831 637 2896 veter-ibus]
669 2833 771 2885 Qui
790 2840 1023 2897 tempore
1043 2834 1154 2898 ejus
1173 2833 1360 2884 tributi

297 2904 485 2956 invecti
507 2906 748 2958 fuissent.
783 2909 920 2971 Lips.

357 2982 511 3045 Νυνὶ]
550 2983 818 3045 Deinceps
842 2982 984 3034 facti.
1018 2986 1164 3034 Idem.

355 3058 454 3107 Per
482 3057 708 3121 Latiam]
744 3059 945 3111 Quibus
985 3062 1236 3110 Latinitas
1270 3060 1360 3111 da·

2369 385 2499 449 657

1435 541 1642 597 Latino,
1666 543 1750 592 vel
1767 542 1889 605 jure
1916 541 2052 593 Latii
2080 541 2293 604 donato,
2316 545 2502 606 magis-

1436 626 1645 674 tratum,
1665 619 1714 667 lt.
1744 635 1790 669 e.
1826 619 2222 683 duumviratum,
2260 621 2342 668 vel
2378 620 2502 669 aedi·

1330 719 1334 723 Δ
1433 694 1661 756 litatem,
1708 695 1789 742 vel
1836 705 2167 758 quaesturam,
2220 697 2500 761 gessisset;

1431 769 1577 826 item,
1612 771 1699 835 qui
1739 771 1902 834 stirpe
1937 787 2000 820 ex
2036 788 2091 821 se
2128 772 2266 822 domi
2303 773 2502 829 relicta,

1434 845 1655 895 Romam
1697 861 1754 896 se
1790 848 2116 905 contulisset,
2151 849 2279 898 civis
2316 850 2502 900 Roma·

1434 936 1530 969 nus
1554 929 1711 984 esset,
1732 923 1991 987 talemque
2017 938 2074 973 se
2102 923 2281 974 Romae
2317 940 2502 988 gerere

1433 1005 1643 1061 posset3
1691 1001 1791 1048 etsi
1842 999 2131 1062 hujusmodi
2178 1001 2296 1050 novi
2342 1003 2503 1065 cives,

1434 1075 1573 1138 qnod
1618 1076 1772 1125 modo
1817 1075 1948 1131 dixi,
1989 1077 2213 1126 nondum
2256 1093 2320 1126 ex
2363 1081 2503 1128 omni

1434 1162 1584 1214 parte
1621 1153 1775 1215 pleno
1801 1153 1924 1217 jure
1957 1162 2191 1203 veterum
2221 1154 2502 1206 Quiritium

1433 1229 1754 1279 fruerentur.
1810 1231 2050 1288 Interim,
2072 1245 2168 1294 per
2191 1246 2246 1282 se
2263 1231 2371 1294 jam
2396 1246 2503 1282 me-

1434 1305 1534 1353 lior
1578 1313 1691 1355 erat
1729 1307 1955 1356 conditio
1996 1307 2313 1372 Latinorum,
2347 1324 2501 1374 quam

1433 1381 1742 1432 Italicorum
1778 1390 1832 1432 et
1868 1385 2279 1445 provincialium.
2344 1387 2418 1436 Hi
2446 1401 2502 1436 e·

1434 1458 1538 1506 nim
1578 1460 1772 1507 nullum
1810 1459 1969 1508 talem
2004 1460 2200 1510 aditum
2232 1462 2295 1511 nd
2321 1463 2502 1513 civita·

1434 1541 1539 1582 tem
1571 1534 1851 1583 Romanam
1884 1534 2130 1597 habuere,
2152 1550 2247 1586 nec
2285 1545 2504 1600 potuere

1433 1608 1702 1673 quidpiam
1751 1618 2062 1660 testamento
2113 1611 2239 1661 civis
2287 1612 2506 1663 Romani

1434 1698 1649 1747 capere,
1682 1685 1919 1748 adeoque
1958 1701 2055 1736 nec
2091 1686 2207 1749 lege
2244 1688 2503 1740 vicesimas

1433 1759 1584 1808 fuere
1619 1761 1879 1811 obstricti.
1948 1761 2127 1826 Plura,
2161 1779 2277 1827 quae
2315 1765 2380 1814 ad
2410 1767 2502 1830 jus

1434 1837 1573 1886 Latii
1601 1839 1915 1899 pertinuere,
1936 1840 2089 1901 plena
2115 1855 2286 1902 manu,
2304 1849 2504 1904 praeter

1434 1920 1662 1975 ceteros,
1697 1928 1985 1976 exposuere
2010 1915 2250 1978 Sigonius
2274 1916 2338 1965 de
2371 1918 2506 1968 Jure

1434 1989 1628 2053 Italiae,
1652 2005 1768 2053 cap.
1791 1996 1838 2039 4.
1873 1998 1926 2040 et
1953 1993 2232 2054 spanhem.
2267 1994 2319 2043 in
2355 1995 2503 2045 Orbe

1435 2065 1691 2125 Romano,
1714 2068 1921 2129 passim.
1955 2068 2200 2118 Schwurz.

1498 2141 1561 2191 In
1603 2142 1868 2204 civitatem]
1923 2144 2080 2192 Multi
2133 2144 2269 2201 libri,
2313 2160 2501 2211 nempe

1433 2218 1730 2279 Puteolani,
1765 2219 2035 2282 Beroaldi,
2069 2220 2323 2280 Catanaei,
2362 2222 2506 2287 Atat,

1433 2295 1758 2357 Cuspiniaui,
1815 2296 2071 2357 thenani,
2130 2296 2370 2359 Gryphii,
2425 2299 2507 2347 Si·

1432 2370 1632 2433 cltardi,
1650 2370 1880 2429 cellarii,
1894 2386 1987 2434 pro
2013 2386 2134 2420 casn
2159 2381 2344 2433 quarto
2362 2375 2506 2423 exhi-

1432 2446 1562 2497 bent
1608 2456 1833 2510 sextum,
1875 2449 1927 2497 in
1970 2447 2181 2499 civitate.
2246 2448 2390 2512 Scio,
2435 2449 2504 2500 ad

1433 2529 1730 2591 exemplum
1757 2528 2081 2591 Graecorum,
2103 2529 2189 2593 qui
2220 2529 2505 2592 particulas

1432 2603 1486 2652 ἐν
1512 2613 1566 2654 et
1605 2604 1671 2655 εἷς
1709 2604 1992 2655 identidem
2036 2606 2174 2655 inter
2209 2621 2265 2655 se
2298 2622 2504 2670 permu-

1435 2687 1569 2744 tant,
1607 2682 1764 2730 etiam
1813 2682 1863 2730 in
1913 2683 2113 2732 Latinis
2160 2684 2504 2747 scriptoribus

1434 2770 1534 2806 non
1572 2772 1736 2820 pauca
1763 2760 1879 2807 loca
1906 2759 2148 2822 inveniri,
2171 2760 2258 2809 ubi
2296 2777 2501 2826 pra-po·

1434 2833 1554 2882 sitio
1577 2834 1627 2882 in
1663 2843 1810 2882 extra
1845 2834 2100 2895 ordinem,
2123 2845 2179 2884 et
2214 2846 2396 2885 contra
2423 2853 2507 2887 re·

1435 2910 1607 2972 gulam
1635 2912 2045 2972 grammaticam,
2062 2918 2152 2960 aut
2180 2927 2294 2961 cum
2314 2923 2503 2975 quarto

1436 3001 1560 3035 casu
1584 2987 2165 3051 conjungatnr‚quando
2184 2996 2386 3038 sextum
2414 2989 2504 3038 ad·

1436 3064 1656 3111 sciscere
1681 3062 1919 3125 deberet,
1942 3072 2033 3111 ant
2067 3072 2270 3112 sextum
2295 3066 2390 3115 sibi
2416 3066 2503 3115 ad·

299 3140 367 3189 ta,
388 3142 444 3183 ut
480 3134 744 3197 plerisque
770 3135 1002 3191 coloniis,
1025 3136 1059 3185 ii
1097 3138 1254 3199 plene
1289 3137 1360 3186 ci·
1426 3137 1669 3200 junctum
1728 3136 1934 3193 lrabeat,
1980 3139 2186 3202 quando
2234 3143 2411 3204 regula
2454 3142 2506 3191 ei

299 3222 382 3258 ves
400 3209 515 3259 fleri
543 3217 805 3273 poterant,
829 3210 993 3259 tribus
1026 3210 1139 3261 fere
1161 3212 1357 3263 modis:

300 3287 374 3334 vel
400 3286 444 3335 si
480 3287 841 3349 magistratum
876 3287 1016 3336 domi
1044 3288 1360 3350 gessissent;

295 3361 398 3410 sive
433 3362 604 3425 stirpe
634 3361 773 3411 domi
809 3363 992 3412 relicta
1015 3363 1233 3412 Romam
1268 3366 1361 3413 mi-

298 3445 566 3498 grassent3
600 3438 707 3486 sive
741 3438 968 3502 denique
1002 3452 1153 3493 nave,
1189 3439 1361 3502 pistri-

297 3525 379 3573 no,
401 3512 639 3562 edificio.
709 3514 843 3563 Nam
873 3515 939 3563 de
973 3516 1089 3577 lege
1122 3517 1363 3572 Servilia,

297 3593 353 3635 nt
374 3597 565 3637 eventu
582 3588 693 3650 jam
719 3603 855 3653 raro,
874 3591 1080 3640 omitto.
1136 3592 1240 3641 Qui
1268 3592 1361 3655 igi·

301 3671 399 3725 tur,
436 3665 606 3727 iuquit
650 3664 870 3726 Plinius,
915 3680 980 3714 ex
1027 3666 1177 3715 Latio
1219 3667 1362 3716 cives

298 3737 424 3789 facti
444 3747 613 3796 erant,
636 3741 672 3789 ii
699 3754 799 3790 non
824 3739 1134 3791 fruebantur
1166 3743 1261 3792 lioc
1285 3743 1360 3793 in-

297 3814 461 3866 dultu.
493 3816 649 3866 Idem.

356 3890 459 3939 Per
478 3890 699 3956 latim]
738 3892 847 3942 Per
858 3893 946 3958 Jns
972 3895 1127 3957 Latii,
1151 3910 1239 3945 seu
1265 3896 1359 3946 La·

298 3964 543 4029 unitatis,
576 3982 675 4032 per
706 3970 845 4034 quod
884 3973 1091 4021 externi
1132 3973 1183 4021 in
1220 3974 1361 4023 cives

299 4038 549 4092 Romanos
569 4044 1027 4108 adsciscebantur3
1054 4047 1362 4113 solebatque

289 4114 376 4178 jus
395 4117 486 4168 ltoc
509 4119 726 4170 coloniis
749 4123 989 4172 concedi.
1027 4125 1244 4175 Putarol.

358 4191 454 4242 Per
475 4194 701 4261 Latiam]
738 4197 772 4245 i.
797 4210 847 4245 e.
869 4212 964 4261 per
984 4199 1073 4262 jus
1100 4200 1251 4262 Latii,
1272 4214 1359 4249 cn-

289 4265 375 4331 jus
396 4272 660 4337 precipua
678 4274 753 4322 vis
779 4272 899 4335 fuit,
920 4283 994 4336 ut,
1011 4276 1100 4341 qni
1123 4278 1174 4327 in
1202 4277 1359 4341 opido

418 4351 594 4418 Delph.
624 4358 673 4405 et
708 4354 831 4406 Var.
854 4354 988 4408 cem.

1246 4358 1433 4419 Paneg.
1466 4357 1572 4408 Vct.

1437 3227 1611 3260 casum
1637 3221 1876 3277 quartum
1912 3215 2231 3277 assignaret3
2269 3216 2358 3265 sed
2392 3218 2503 3267 scio

1438 3296 1493 3337 et
1521 3288 1667 3352 illud,
1693 3291 1981 3353 hujusmodi
2021 3293 2245 3341 locorum
2281 3295 2505 3359 scriptu·

1439 3378 1547 3412 ram
1583 3365 1635 3413 in
1669 3366 1884 3413 diversis
1916 3367 2058 3416 libris
2093 3369 2397 3435 plerumque
2427 3372 2506 3421 di·

1439 3454 1642 3489 versam
1699 3441 1942 3504 reperiri,
1986 3452 2042 3492 ut
2086 3459 2222 3508 saepe
2271 3448 2505 3512 haesites,

1437 3524 1614 3565 utrum
1636 3524 1899 3566 structura
1922 3519 2007 3567 illa
2040 3522 2447 3574 extraordinaria
2476 3542 2507 3576 a

1439 3592 1621 3655 primis
1657 3596 1973 3652 auctoribus,
2000 3590 2063 3646 an
2097 3612 2125 3646 a
2161 3598 2402 3657 librariis,
2426 3601 2505 3650 di-

1432 3670 1678 3718 manant.
1737 3670 1967 3721 Proinde
1992 3674 2041 3722 in
2076 3674 2174 3724 hoc
2200 3676 2310 3726 loco
2334 3685 2506 3727 struc-

1439 3730 1607 3793 turam
1630 3746 1938 3796 ordinariam
1960 3756 2014 3798 et
2042 3752 2328 3814 regularem
2357 3769 2503 3804 secu·

1437 3827 1521 3869 tus
1564 3835 1697 3883 sum,
1730 3837 1884 3886 qnam
1920 3838 2096 3874 omnes
2133 3829 2339 3877 codices
2374 3830 2506 3879 Mss.

1437 3910 1536 3945 nec
1559 3899 1713 3960 pauci
1737 3900 1854 3948 libri
1892 3902 2028 3964 typis
2062 3905 2242 3953 excusi
2265 3920 2504 3969 compro-

1438 3973 1587 4023 bant.
1656 3975 1886 4024 Maxime
1921 3986 2094 4026 autem
2129 3993 2210 4028 me
2247 3984 2503 4043 permovit

1437 4049 1636 4099 indoles
1672 4052 1774 4099 stili
1801 4052 2049 4114 Pliniani,
2069 4069 2218 4118 quem
2254 4071 2350 4105 nec
2379 4057 2504 4107 alibi

1436 4124 1725 4189 hujusmodi
1761 4127 2048 4177 Graecismo
2084 4131 2233 4178 nimis
2271 4131 2504 4184 delecta-

1439 4209 1546 4250 tum
1572 4216 1688 4251 esse
1715 4201 2053 4265 deprehendi.
2101 4206 2217 4255 Nec
2236 4216 2502 4273 est‚quem

1437 4277 1595 4328 facile
1617 4287 1859 4331 moveant
1883 4283 2123 4345 exempla
2148 4282 2306 4334 dubia
2327 4287 2505 4352 Plinii,

2259 4368 2370 4415 2'1'
