3060 4902
776 385 842 432 0.
889 384 1134 433 Pmmt
1183 384 1515 434 saeuum
1569 385 1846 434 Psi-1130.

325 526 499 590 igitur,
515 525 671 577 bonis
695 526 922 577 amicum
937 533 994 577 et
1009 526 1197 577 bonnm
1213 526 1393 590 Trsjs·

324 617 444 654 num
465 602 663 666 fuisse3
703 618 802 654 nec
836 605 982 654 mslis
1010 604 1219 668 quidem
1244 605 1393 654 nimis

323 694 584 742 asperum,
604 688 660 730 et
683 681 925 731 meliores
945 681 1187 745 exemplo
1207 688 1262 729 et
1285 694 1393 731 mo·

327 771 381 805 ra
404 755 618 806 fecisse.
656 757 790 820 upa.

392 834 499 883 Nec
531 832 790 896 timentur]
823 833 928 884 Nec
949 832 1195 882 timentur.
1235 833 1391 883 Vitio-

323 924 427 960 τι·
448 910 777 973 poenitenlian
795 916 1017 974 expectas
1036 911 1095 959 C.
1124 911 1192 961 G.
1227 911 1390 961 Lirin.

390 987 499 1036 Nec
531 987 783 1050 timentur]
816 987 862 1037 Α
901 986 1065 1050 bonis,
1100 989 1221 1052 quia
1255 989 1392 1038 vires

325 1077 428 1113 non
451 1064 667 1114 liabent.
703 1064 839 1127 Lips.

392 1139 501 1189 Nee
521 1139 775 1203 timentur]
810 1140 951 1191 Quis
982 1141 1222 1205 malignae
1254 1141 1390 1203 ipso·

328 1231 440 1266 rum
486 1217 774 1266 delationes
808 1217 944 1281 apud
974 1218 1162 1267 bonnm
1204 1219 1391 1282 princi-

329 1307 448 1357 pem
476 1294 650 1343 locum
671 1306 773 1343 non
796 1295 1082 1344 inveniunt.
1119 1296 1340 1345 Pataroi.

392 1370 612 1419 Hederis
630 1369 1018 1433 erroribusJJsc.
1037 1373 1122 1420 De
1141 1373 1192 1420 la
1209 1373 1391 1422 Baune

326 1453 384 1495 et
416 1446 575 1496 Lsnr.
612 1448 821 1497 Patarol
846 1448 980 1497 hunc
1005 1448 1175 1498 locum
1199 1462 1227 1495 a
1254 1449 1392 1510 prin·

324 1522 463 1586 cipio
479 1524 766 1584 auctionem
795 1525 1126 1588 evulgarunt,
1154 1525 1394 1575 Vitiorum

322 1597 657 1661 pauentem
693 1604 950 1661 expecta„
985 1601 1188 1649 mederis
1220 1602 1395 1650 errori·

325 1673 429 1726 bns.
496 1672 651 1723 hiens
692 1674 1099 1724 additamentum
1126 1676 1236 1740 jam
1272 1685 1394 1727 snte

326 1749 671 1814 prodideram
712 1752 1077 1815 Cuspinisnus,
1113 1753 1396 1817 Gruterus,

325 1836 380 1877 et
407 1829 732 1878 Parisienses
756 1844 839 1879 sn.
876 1834 1019 1879 teta.
1073 1830 1302 1892 Gudius,
1327 1831 1391 1879 ad

326 1903 400 1955 Η.
444 1904 703 1967 Stephani
747 1904 1047 1961 editionem,
1093 1906 1145 1955 id
1194 1905 1392 1970 duplici

326 1981 481 2030 modo
521 1983 813 2039 annotavit,
862 1980 1099 2031 Vitiorum
1124 1984 1394 2047 penitenti-

323 2073 401 2107 a·
439 2063 721 2121 expectans:
753 2066 826 2114 et,
860 2059 1085 2107 vitiorum
1108 2061 1394 2109 emendatio-

323 2150 431 2185 nem
446 2141 687 2198 auctu.
706 2136 982 2199 Utcunque
1002 2150 1122 2184 vero
1142 2144 1241 2198 est,
1262 2137 1391 2185 ltaiid

326 2226 469 2275 ’gro
498 2213 671 2261 animo
705 2213 1010 2261 dimittimus
1045 2213 1179 2261 hunc
1217 2213 1392 2275 panni·

324 2289 521 2346 culum,
546 2302 789 2352 pnrpnrae
819 2288 1066 2337 Plinianoe
1092 2288 1296 2336 aliunde
1317 2302 1393 2337 as·

323 2373 519 2428 sutum,
557 2373 613 2415 et
642 2363 861 2414 fortasse
883 2379 950 2414 ex
983 2367 1154 2427 glossa
1185 2373 1396 2413 contex-

327 2449 435 2493 tnrn
455 2459 473 2503 ς
506 2457 661 2510 quem
697 2458 867 2507 neque
903 2444 988 2493 alii
1023 2443 1231 2493 codices
1263 2442 1393 2492 Mss.

325 2529 638 2586 agnoscunt.
672 2522 916 2572 Schwarz.

391 2597 490 2648 Sed
510 2599 894 2662 nuptos-auibus]
922 2598 1141 2648 Constat
1161 2598 1261 2648 sibi
1284 2600 1394 2649 haec

326 2676 485 2725 lectio
533 2676 589 2724 in
634 2675 869 2725 omnibus
916 2675 1055 2724 libris
1100 2676 1308 2738 scriptis
1342 2682 1398 2725 et

327 2755 555 2803 excusis.
608 2754 682 2802 At
705 2754 896 2815 nescio,
932 2768 1084 2815 qnam
1120 2770 1396 2817 καταχρησ-

326 2832 467 2881 rsaes‘is
492 2837 507 2859 ⁸
532 2844 741 2879 errores
762 2829 775 2849 '
810 2830 893 2879 bic
912 2830 1155 2879 dicautur
1176 2838 1189 2859 ⁶
1211 2830 1394 2893 implo-

328 2906 541 2957 rantes-²
615 2907 950 2957 Luculentius
1001 2908 1104 2956 dici
1159 2910 1395 2958 credide·

327 2986 442 3049 rim,
486 2985 691 3034 mederis
727 2985 985 3049 erroribus,
1016 2986 1099 3032 sed
1140 2985 1394 3047 imploran-

328 3062 468 3124 tium,
488 3062 526 3109 i.
549 3076 600 3111 e.
621 3061 789 3111 sanari
813 3061 1134 3123 cupientium
1159 3076 1392 3125 quaeren·

329 3139 569 3205 tinmqne
616 3154 785 3204 opem.
852 3140 1011 3188 Casus
1056 3154 1181 3188 vero
1238 3140 1395 3189 dandi

327 3216 451 3266 inihi
499 3217 641 3266 visus
690 3226 770 3266 est
817 3215 954 3267 forte
1004 3217 1277 3280 irrepsisse
1329 3232 1395 3266 ex

326 3292 519 3343 inertia
555 3292 903 3354 librariorum,
938 3293 1026 3357 qui
1061 3293 1158 3341 hoc
1184 3293 1395 3355 partici-

327 3370 471 3434 pintn
496 3369 581 3419 vel
605 3370 668 3418 sd
690 3370 988 3433 praecedeus
1017 3384 1201 3420 nomen
1224 3372 1397 3420 errori·

326 3446 433 3507 bns,
457 3447 544 3496 vel
567 3445 631 3495 sd
657 3460 879 3511 sequens
902 3446 1133 3507 omnibus,
1155 3446 1318 3510 (quod
1345 3448 1394 3496 in

328 3523 604 3575 codicibus
655 3525 944 3586 Vaticanis,
996 3524 1401 3587 salisburgensi,

328 3609 385 3652 et
437 3600 925 3664 Guelplserbytanm
980 3601 1090 3649 sine
1139 3602 1399 3663 particula

327 3678 581 3739 ὴνιλιτυιῆ
606 3692 695 3741 qne
729 3678 975 3740 scriptum
1009 3677 1138 3739 est.)
1169 3679 1398 3727 referen-

329 3756 454 3806 dum
486 3754 1085 3819 accommodandumque
1122 3770 1252 3813 esse,
1279 3764 1400 3806 sunt

330 3831 533 3896 opinati
565 3846 582 3892 ;
633 3831 778 3896 qnasi
826 3832 1027 3881 Plinius
1083 3833 1400 3895 scripsisset,

329 3918 344 3943 ⁶
364 3908 600 3960 necteris
623 3909 884 3958 erroribus
910 3926 926 3969 3
960 3910 1050 3957 sed
1075 3910 1399 3973 imploranti-

329 3986 426 4038 bus
449 3985 715 4048 omnibns,
736 3998 864 4050 qnos
889 3986 1049 4035 bonos
1083 3985 1232 4043 facin,
1267 3988 1399 4036 hanc

329 4061 562 4113 adstruis
574 4060 798 4117 landem,
814 4075 878 4110 ne
896 4060 1126 4124 coegisse
1144 4061 1400 4112 videaris)

330 4137 512 4189 Possis
560 4136 785 4186 fortasse
828 4137 1088 4199 vulgatam
1122 4138 1397 4187 lectionem

333 4214 406 4266 its
434 4216 816 4279 interpungere
836 4219 996 4277 atque
1034 4215 1317 4278 explicare,
1341 4222 1398 4264 ut

337 4292 669 4359 participium
690 4289 1049 4357 inplorantibus
1071 4304 1173 4343 non
1199 4291 1262 4342 sd
1282 4305 1398 4343 ver-

1927 386 1980 436 1.
2023 371 2135 436 47.
2396 373 2532 438 715

1469 525 1590 575 bum
1625 528 1844 590 mederis,
1868 528 1959 578 sed
1985 529 2050 578 sd
2077 527 2290 578 verbum
2326 530 2539 580 adstruis

1468 600 1759 653 referatur:
1799 605 2013 658 Mederis
2033 605 2305 662 erroribus,-
2336 610 2419 655 sed
2442 606 2532 656 im·

1462 680 1780 743 plorantibus,
1812 682 2123 746 manibusque,
2145 698 2258 745 quos
2286 681 2426 732 bonos
2448 685 2537 743 sa·

1463 751 1553 816 bis,
1590 757 1711 806 hanc
1748 760 1963 808 adstruis
1996 762 2199 814 laudem,
2222 760 2396 824 (quasi
2434 760 2536 825 ipsi

1465 849 1585 884 suos
1620 849 1823 885 errores
1855 837 2227 900 emendarint,)
2248 854 2307 888 ne
2328 838 2535 900 co‘c'gt‘sse

1463 911 1685 960 videaris.
1756 912 2075 976 conjectura
2097 922 2272 963 nost-ra
2293 916 2431 978 prior
2450 929 2537 964 ve·

1464 989 1735 1038 hementer
1752 990 1949 1052 placuit
1973 989 2240 1050 Gesner03
2264 1004 2432 1056 neque
2457 998 2536 1040 ta·

1464 1080 1584 1114 men
1622 1079 1775 1115 susus
1816 1081 1926 1116 sum
1964 1081 2081 1117 eam
2113 1064 2305 1115 inferre
2344 1067 2535 1128 Plinio,

1466 1143 1563 1190 etsi
1587 1143 1699 1205 ejus
1724 1144 2062 1193 concinnitati
2087 1143 2219 1192 haud
2248 1156 2536 1205 repugnare

1465 1216 1724 1267 videatur.
1760 1218 2075 1269 Arntzenitts
2097 1215 2398 1268 'sententias
2414 1230 2535 1266 con·

1466 1294 1760 1344 venientius
1801 1297 2146 1358 existimarat,
2177 1295 2218 1344 si
2253 1294 2348 1343 &ro
2379 1295 2535 1344 κοινοῦ

1468 1370 1680 1420 verbum
1721 1382 2079 1434 revocaretur,
2115 1373 2317 1420 mederis
2353 1372 2535 1420 errori·

1463 1448 1570 1510 bus,
1611 1450 1695 1498 sed
1736 1451 1939 1499 mederis
1977 1448 2358 1513 implorantibus,
2420 1451 2533 1501 scil.

1467 1525 1529 1573 iis
1569 1525 1656 1589 qui
1681 1524 1872 1574 talibus
1909 1525 2175 1575 erroribus
2212 1524 2535 1575 laborabant.

1467 1601 1623 1649 Idem.

1532 1675 1930 1740 Implet-astibus]
1955 1679 2087 1728 Cum
2111 1676 2229 1740 ipsi,
2251 1677 2339 1741 qui
2362 1690 2534 1726 emen·

1467 1752 1646 1816 dandi,
1674 1756 1856 1803 volunt
1890 1753 2177 1804 emendari.
2243 1754 2346 1804 Qui
2387 1752 2535 1803 festi·

1466 1838 1575 1892 nat,
1595 1839 1648 1880 et
1663 1833 1749 1895 qni
1767 1833 1935 1894 aliter,
1954 1829 2077 1895 qnid
2100 1832 2195 1880 nisi
2220 1831 2235 1858 ‘
2254 1830 2534 1894 intempes-

1466 1908 1587 1957 tivis
1610 1911 1850 1959 remediis
1867 1910 2061 1960 delicta
2079 1909 2321 1959 accendit
2340 1909 2379 1958 ?'
2396 1909 2532 1973 Lips.

1533 1985 1924 2050 Implorantibus]
1943 1987 2185 2051 Sophocl.
2202 1986 2252 2036 in
2277 1985 2442 2050 Ajace
2460 2001 2536 2036 vs.

1466 2067 1583 2112 682.
1604 2063 1660 2111 οὔ
1693 2063 1804 2125 πρὸς
1826 2061 1987 2126 ἰατροῦ
2006 2064 2161 2125 σοφοῦ
2189 2065 2386 2127 Omni»
2415 2064 2533 2123 ἐπῳ-

1465 2139 1550 2189 δὰς
1571 2139 1686 2203 πρὸς
1712 2143 1916 2200 rafim
1950 2139 2148 2199 πήματι.
2217 2141 2331 2188 Non
2366 2143 2434 2187 est
2454 2153 2532 2186 sa·

1464 2219 1642 2282 picatis
1678 2220 1867 2280 medici,
1905 2218 2290 2268 Lamentationes
2330 2216 2535 2266 recitare

1464 2296 1518 2345 in
1543 2296 1716 2356 morbo,
1736 2297 1816 2359 qai
1846 2295 2100 2345 sectionem
2121 2294 2363 2342 desiderat
2377 2308 2395 2350 ,·
2433 2294 2533 2348 vei,

1469 2381 1526 2421 ut
1556 2372 1751 2421 Plinius
1777 2373 2025 2436 loquitur,
2049 2377 2062 2398 ⁸
2085 2372 2134 2418 in
2156 2369 2333 2418 morbo
2352 2369 2534 2432 implo-

1470 2453 1652 2496 rante:
1703 2447 1772 2496 Et
1795 2444 1931 2496 forte
1956 2445 2157 2494 Plinius
2177 2443 2240 2494 ad
2267 2444 2363 2494 hoc
2384 2445 2536 2504 τομᾶι

1468 2525 1698 2587 respexit
1717 2541 1732 2586 ;
1772 2539 1886 2573 uam
1906 2531 1961 2573 ut
1984 2523 2139 2573 Prov.
2158 2535 2295 2571 xxv.
2313 2526 2393 2571 20.
2415 2530 2428 2550 ·
2453 2522 2533 2571 Ne

1467 2609 1649 2649 cantes
1673 2601 1905 2650 carmina
1928 2598 2073 2648 cordi
2092 2595 2349 2660 pessimo)
2380 2597 2534 2647 Adde

1466 2676 1759 2740 Agrippam
1792 2676 1929 2740 apud
1956 2677 2113 2725 Dion.
2139 2675 2172 2723 l.
2196 2688 2295 2725 Lu.
2324 2675 2471 2724 Rern.

1535 2756 1615 2804 Ne
1635 2756 1868 2820 co'e'gisse]
1892 2755 1976 2804 Its
2003 2754 2245 2817 Agricola
2271 2752 2411 2816 apud
2433 2753 2536 2800 Ta·

1468 2831 1562 2881 cit.
1588 2833 1773 2881 Annal.
1802 2846 1906 2881 xil.
1925 2837 2004 2881 54.
2029 2833 2078 2880 in
2103 2832 2228 2879 Vita
2261 2829 2388 2891 Agr.
2415 2844 2461 2878 c.
2486 2833 2537 2879 7.

1468 2924 1585 2958 cum
1621 2910 1905 2958 Britanniae
1941 2906 2270 2971 praesideret‚
2305 2908 2321 2933 ⁴
2343 2904 2537 2954 rarissi-

1470 3000 1554 3034 ma
1592 2986 1946 3033 moderatione
1986 2984 2165 3032 maluit
2198 2982 2357 3030 videri
2396 2982 2537 3029 inve·

1470 3063 1608 3109 nisse
1635 3061 1813 3116 bonos,
1834 3074 1986 3124 quam
2005 3058 2230 3107 fecisse!
2297 3058 2535 3121 Denique

1470 3137 1591 3200 quid
1617 3140 1666 3186 in
1693 3145 1805 3186 tota
1829 3138 1925 3185 hac
1950 3151 2007 3185 re
2041 3137 2128 3191 sit,
2154 3135 2368 3199 pulchre
2392 3134 2538 3198 Apu-

1469 3214 1635 3263 leius:
1693 3221 1707 3242 ⁸
1734 3214 2004 3263 Neminem
2032 3214 2391 3277 proconsulem
2419 3226 2537 3275 pro·

1470 3292 1643 3340 vincia
1666 3290 1849 3339 Africa
1870 3290 2031 3353 magis
2064 3290 2293 3339 reverita
2316 3298 2422 3348 est,
2447 3290 2538 3338 mi·

1470 3381 1568 3416 nus
1605 3367 1800 3414 verita:
1842 3366 2002 3426 nullo,
2037 3366 2133 3413 nisi
2161 3373 2248 3415 tuo
2280 3380 2435 3427 anno,
2467 3364 2532 3414 ad

1470 3443 1762 3493 coercenda
1809 3448 2033 3505 peccata
2073 3443 2187 3504 plus
2242 3442 2406 3503 pudor
2449 3457 2537 3491 vs·

1469 3523 1567 3571 luit
1594 3535 1744 3585 qnam
1773 3520 1947 3568 timor.
2013 3519 2185 3568 Nemo
2211 3525 2263 3567 te
2292 3518 2420 3568 alius
2448 3532 2537 3581 pa·

1470 3601 1512 3648 ri
1563 3606 1846 3661 potestate,
1886 3596 2078 3661 saepius
2124 3592 2339 3659 profuit,
2372 3596 2536 3644 rarius

1473 3673 1702 3727 terruit-²
1721 3674 1855 3736 Lips-

1538 3753 1672 3801 CAr.
1695 3763 1865 3799 xxvii.
1895 3745 2085 3812 Quid?]
2123 3749 2255 3799 Haec
2280 3763 2401 3811 vox,
2422 3762 2537 3810 quae

1474 3827 1831 3889 interrogandi
1855 3837 1908 3874 et
1930 3825 2217 3874 admirandi
2238 3826 2338 3873 vim
2364 3826 2537 3879 habet,

1472 3912 1527 3954 et
1566 3903 1705 3951 utilis
1741 3910 1823 3951 est
1860 3900 1924 3949 ad
1972 3901 2256 3965 parandam
2294 3901 2538 3950 attentio·

1472 3996 1608 4037 neni,
1641 3979 1773 4028 haud
1817 3993 1932 4028 raro
1967 3980 2186 4028 inseruit
2223 3978 2539 4041 trsnsitioni,

1472 4067 1529 4109 ut
1552 4059 1614 4107 ab
1640 4072 1700 4107 eo
1726 4055 1863 4121 quod
1889 4055 2025 4104 dixit
2044 4064 2241 4118 orator,
2266 4054 2537 4104 commode

1470 4135 1801 4199 digrediatur
1840 4132 1905 4182 ad
1946 4132 2062 4181 alia.
2132 4131 2304 4196 Atque
2353 4129 2536 4180 eadem

1472 4213 1668 4276 sepius
1709 4224 1830 4260 usns
1866 4217 1943 4258 est
1973 4210 2178 4258 Plinius
2216 4207 2284 4256 sd
2320 4220 2539 4258 connec-

1476 4290 1637 4344 tenda
1657 4293 1964 4353 argumenta
1983 4303 2000 4350 i
2035 4299 2085 4336 v.
2109 4299 2161 4350 g.
2187 4297 2254 4336 n.
2283 4288 2333 4338 7.
2355 4282 2370 4313 ‘
2392 4283 2535 4338 Quid
