3060 4902
535 370 667 437 848

535 543 636 580 nec
662 535 835 578 tamen
867 526 942 577 ira
976 528 1265 591 languescit
1286 536 1343 578 et
1376 529 1598 579 remitti-

537 614 640 656 tur.
708 605 878 653 Etiam
916 604 1096 652 Curtio
1117 610 1271 653 ttt.6.
1296 607 1311 632 ⁸
1333 604 1505 654 laxata
1523 605 1600 653 vis

536 680 738 742 morbi,'
761 681 952 730 dicitur
977 696 1072 744 pro
1106 681 1336 730 remissa.
1427 682 1600 743 Magis

538 769 713 810 tamen
742 760 913 820 placet
946 759 1176 821 vulgata,
1210 766 1266 807 et
1301 772 1333 807 a
1371 757 1602 821 plurimis

539 836 694 887 etiarn
743 833 1009 884 codicibus
1048 834 1369 890 confirmata,
1414 835 1603 893 lectio;

538 912 628 962 ubi
651 914 858 962 lassatur
882 910 1019 960 idem
1044 920 1139 972 est,
1156 910 1310 976 quod,
1328 910 1602 973 fatigatur,

538 985 761 1048 fatiscit,
784 1000 945 1049 prope
969 986 1180 1035 desiuit.
1216 986 1305 1036 Sic
1326 987 1600 1036 Terentius

541 1066 708 1112 utitur
745 1063 949 1112 nomine
988 1063 1247 1125 adjectivo
1277 1061 1509 1125 ‘lassus,’
1550 1063 1604 1111 in

542 1143 710 1192 Andr.
744 1156 807 1192 tr.
848 1147 891 1193 l.
927 1147 977 1192 4.
1018 1143 1034 1169 ‘
1060 1142 1277 1192 Animus
1303 1174 1318 1191 .
1343 1176 1356 1191 .
1383 1176 1398 1191 .
1421 1143 1605 1199 lassus,

541 1235 668 1269 cura
711 1217 999 1276 confectus,
1041 1218 1252 1283 stupet.’
1333 1219 1491 1270 Ovid.
1538 1234 1604 1268 ex

543 1297 733 1356 Ponto,
759 1309 834 1344 tv.
855 1300 904 1344 8.
926 1300 976 1357 7,
998 1300 1046 1346 8.
1069 1298 1085 1324 ⁴
1106 1296 1340 1359 Impetus
1363 1296 1461 1346 iste
1486 1303 1605 1346 tuus

542 1372 752 1435 longum
777 1372 929 1420 modo
960 1370 1113 1420 duret
1140 1373 1189 1420 iu
1226 1387 1417 1432 aevum,
1455 1372 1605 1421 Neve

544 1449 690 1496 malis
717 1448 884 1510 pietas
910 1446 979 1496 sit
1007 1456 1091 1496 tus
1126 1449 1259 1496 lassa
1283 1449 1438 1509 meis;
1459 1448 1471 1469 '
1505 1449 1539 1496 i.
1562 1462 1609 1496 e.

545 1524 696 1573 modo
721 1524 819 1573 ista
842 1525 1079 1573 voluutas
1108 1535 1195 1572 tua
1220 1533 1274 1573 et
1303 1526 1454 1573 ardor
1475 1525 1608 1573 bene

545 1601 774 1652 merendi
815 1607 1016 1663 perstet
1047 1601 1096 1649 in
1140 1603 1345 1664 longum
1387 1609 1612 1666 tempus,

545 1691 712 1740 neque
738 1685 854 1725 tuus
881 1691 1023 1725 amor
1063 1677 1287 1726 lassetur
1322 1685 1478 1740 atque
1520 1677 1609 1725 de·

544 1751 796 1814 fatigetur
819 1751 1047 1800 adversis
1067 1753 1220 1800 rebus
1238 1754 1381 1801 meis.
1415 1754 1611 1805 Quidni

547 1830 704 1890 enim,
728 1836 784 1877 ut
824 1828 1093 1890 ‘animus,’
1131 1838 1184 1878 et
1222 1829 1502 1886 ‘sortitum’
1535 1832 1609 1879 sic

546 1906 703 1953 etiarn
750 1904 993 1954 dicantur
1040 1904 1415 1955 benefaciendo
1460 1908 1609 1970 quasi

542 1985 557 2010 ‘
581 1980 814 2030 lassari?
848 1981 992 2030 Alias
1020 1983 1248 2031 Fortuna
1276 1983 1455 2031 eodem
1493 1998 1607 2032 sen·

547 2073 603 2107 su
621 2058 811 2105 dicitur
828 2064 841 2086 ‘
857 2055 1112 2118 fatigari?
1136 2073 1183 2105 v.
1199 2073 1248 2121 g.
1264 2060 1398 2122 apud
1420 2060 1613 2110 Quinc·

550 2136 627 2184 til.
653 2134 891 2184 Declam.
924 2138 1038 2182 271.
1077 2137 1091 2161 ⁴
1116 2135 1402 2183 Fortiorem
1428 2149 1508 2183 me
1532 2133 1609 2184 fa·

548 2212 655 2262 ciet
679 2219 734 2260 et
774 2208 1000 2261 fortuna.
1066 2211 1214 2260 Solet
1250 2210 1494 2274 fatigari;
1530 2226 1611 2260 so·

549 2290 643 2344 let,
666 2295 1001 2352 posteaquam
1041 2288 1252 2337 nimium
1295 2289 1527 2350 indulsit,
1562 2288 1612 2336 in

552 2365 655 2415 fine
699 2364 959 2415 deficere!
1023 2366 1112 2414 Sic
1151 2373 1204 2414 et
1251 2366 1390 2415 Vell.
1437 2380 1495 2413 ιι.
1530 2370 1614 2413 69.

549 2445 562 2471 ‘
596 2443 776 2508 Neque
810 2443 1060 2506 reperias,
1094 2457 1223 2505 quos
1269 2450 1359 2492 aut
1408 2441 1615 2505 pronior

553 2519 759 2569 fortuna
784 2521 1040 2568 comitata
1063 2520 1149 2581 sit,
1186 2528 1272 2568 aut
1297 2520 1456 2567 veluti
1496 2518 1616 2567 fati-

554 2607 675 2657 gata
700 2596 946 2644 maturius
968 2595 1283 2655 destituerit,
1309 2609 1459 2658 quam
1486 2596 1619 2643 Bru·

556 2680 662 2720 tum
703 2681 757 2720 et
792 2670 1060 2720 Cassium?
1129 2672 1243 2720 Nec
1282 2686 1402 2719 vero
1433 2673 1616 2721 mirum

554 2755 653 2801 est,
679 2745 943 2795 librarium
974 2747 1170 2795 codicis
1195 2749 1312 2802 inei,
1353 2763 1447 2810 pro
1475 2750 1620 2797 lasse·

555 2829 656 2884 tur,
678 2822 949 2885 scripsisse
974 2824 1185 2885 loa-etur,
1206 2838 1321 2873 curn
1356 2823 1439 2873 hic
1473 2838 1620 2873 error

556 2901 709 2948 etiam
755 2900 807 2948 in
858 2899 1070 2948 aliorum
1117 2900 1432 2964 scriptorum
1470 2901 1619 2951 libris

558 2978 690 3028 haud
717 2992 832 3027 raro
857 2984 1116 3040 occurrat,
1142 2986 1297 3042 prout
1313 2979 1424 3042 jam
1439 2978 1620 3028 obser·

558 3056 703 3105 vavit
742 3055 1069 3105 Burmannus
1107 3057 1170 3104 ad
1197 3057 1410 3105 Petron-
1449 3071 1495 3105 c.
1539 3061 1619 3106 82.

558 3149 679 3197 pag.
719 3137 836 3183 407.
857 3134 981 3181 item
1006 3140 1058 3181 et
1085 3132 1516 3182 Drackenborch.
1555 3133 1619 3181 ad

556 3212 650 3260 Sil.
677 3224 750 3259 vr.
769 3215 883 3259 2⁷8.
908 3209 1193 3260 Auuotavit
1219 3219 1477 3273 praeterea
1498 3212 1621 3259 Cas·

559 3289 683 3337 talio
724 3287 787 3335 ad
819 3287 998 3334 Rutilii
1024 3287 1154 3347 Iter,
1190 3300 1227 3335 1.
1264 3290 1379 3335 371.
1412 3287 1496 3335 ubi
1540 3286 1624 3335 iti·

560 3363 676 3413 dem
701 3370 715 3392 ⁸
736 3363 983 3411 lassatum
1002 3366 1015 3386 ’
1041 3372 1096 3412 et
1119 3371 1132 3391 ¹
1152 3362 1380 3411 laxatum
1400 3362 1413 3382 ’
1449 3360 1625 3411 confu-

556 3454 614 3488 sa
635 3436 805 3499 fuere,
821 3437 1169 3487 confusionem
1190 3438 1481 3500 hujusmodi
1498 3440 1623 3487 irre·

561 3529 687 3578 pere
713 3515 913 3563 solitam
950 3529 1015 3561 ex
1054 3516 1191 3577 vulgi
1214 3529 1479 3573 sermone3
1515 3516 1625 3564 vtil-

561 3606 655 3654 gus
690 3591 824 3638 enim
864 3591 1116 3639 Italorum
1139 3604 1187 3637 ss
1210 3604 1305 3651 pro
1326 3605 1363 3638 x
1396 3605 1623 3653 pronun·

559 3668 711 3717 tiare.
732 3667 978 3716 Schwarz.

628 3745 715 3807 Ee,
736 3756 839 3791 cum
872 3739 1097 3804 plurimis
1132 3741 1299 3789 tertios
1330 3745 1622 3808 consulatus]

561 3822 663 3877 11ae
710 3821 937 3885 quinque
974 3832 1126 3867 voces
1174 3819 1541 3869 desiderantur
1573 3822 1623 3873 in

562 3898 826 3948 codicibus
853 3898 974 3945 Mos.
999 3909 1186 3957 nempe
1206 3896 1459 3946 Vaticano
1478 3901 1628 3946 3461.

563 3978 768 4025 Veneto
791 3979 840 4024 2.
866 3982 918 4022 et
940 3987 1088 4031 meo;
1126 3973 1249 4022 item
1286 3983 1339 4023 et
1377 3975 1428 4023 in
1465 3976 1626 4024 Salis-

565 4052 845 4116 burgeusi3
881 4051 930 4099 iu
972 4049 1120 4112 cujus
1146 4064 1268 4099 vero
1300 4050 1495 4101 codicis
1533 4066 1626 4100 ora

564 4131 628 4180 ab
670 4131 772 4178 alia
811 4129 1024 4190 antiqua
1059 4141 1209 4176 uiauu
1255 4137 1375 4178 sunt
1408 4129 1625 4178 additae.

565 4208 704 4256 Huic
726 4205 955 4257 defectui
991 4206 1319 4256 occasionem
1352 4208 1497 4257 dedit
1538 4222 1625 4256 vo·

565 4282 802 4337 cabulum
823 4283 1110 4346 consulatus,
1130 4285 1265 4349 quod
1281 4285 1514 4349 proxime
1537 4298 1624 4334 an·

1234 384 1448 436 NOTAE
1499 383 1911 435 vammum
1963 384 2049 434 ΙΝ

1674 528 1872 578 tecedit
1894 543 1909 590 3
1944 527 2099 577 simili
2118 539 2311 584 errore,
2334 527 2480 593 cujus
2495 527 2608 593 Jam
2625 526 2742 593 piu·

1675 619 1729 653 ra
1752 605 1992 668 exempla
2016 605 2278 654 annotavi.
2343 605 2407 654 In
2443 606 2626 655 codice
2652 622 2740 657 au·

1676 689 1779 731 tem
1799 680 2278 744 Guelpherbytauo,
2297 694 2390 742 pro
2409 694 2536 730 voce
2552 683 2741 742 tertios,

1674 757 1924 819 scriptum
1946 764 2026 805 est
2053 761 2231 805 ternos.
2282 755 2456 820 Optat
2483 771 2608 806 vero
2635 757 2741 806 Pli-

1676 834 1811 895 nius,
1835 841 1893 882 ut
1926 846 2132 895 semper
2153 833 2331 895 piures
2368 834 2463 883 viri
2504 833 2651 896 digni
2684 842 2740 885 et

1675 911 1809 960 bene
1826 910 1994 958 meriti
2011 909 2290 973 supersint,
2303 910 2507 974 quibus,
2524 919 2743 975 propter

1677 988 1883 1041 merita.
1904 986 2160 1050 Trajauus
2185 987 2309 1036 dare
2337 986 2532 1036 debeat
2555 1001 2743 1037 consu·

1676 1065 1829 1114 latus.
1854 1064 2007 1113 Idem.

1745 1141 1882 1189 CAP.
1900 1153 2041 1189 mxu.
2079 1138 2325 1189 Gaudium
2346 1138 2519 1202 marias]
2546 1140 2746 1204 Vulgo,

1681 1231 1776 1279 pro
1821 1230 1947 1265 voce
1986 1216 2157 1276 marius,
2193 1214 2392 1266 editum
2428 1223 2514 1266 est
2555 1217 2745 1276 magist

1681 1301 1736 1341 at
1762 1293 1813 1341 in
1835 1293 2100 1341 codicibus
2130 1292 2261 1342 Μαι.
2281 1292 2572 1353 Vaticanis,
2596 1293 2745 1342 Pari·

1681 1370 1858 1431 aiensi,
1903 1378 2126 1432 utroque
2169 1370 2394 1424 Veneto,
2429 1383 2565 1425 meo,
2609 1369 2745 1419 Livi-

1682 1446 1804 1501 neii,
1840 1451 1894 1494 et
1927 1446 2062 1494 libro
2097 1446 2365 1510 vossiano,
2402 1455 2661 1511 praeterea
2691 1447 2748 1496 in

1683 1523 1887 1571 excusis
1937 1522 2082 1570 libris
2135 1523 2430 1584 Puteolani,
2478 1523 2746 1585 Beroaldi‚

1685 1600 2003 1663 Cuspiniani,
2034 1607 2192 1663 atque
2230 1600 2486 1663 Rlienaui,
2517 1607 2573 1650 et
2609 1613 2748 1649 nunc

1685 1677 1842 1727 etiam
1869 1675 2157 1737 Arntzenii,
2176 1684 2325 1726 extat
2342 1675 2511 1738 majus.
2560 1676 2750 1726 Potest

1688 1752 1933 1805 utralibet
1969 1753 2128 1803 lectio
2163 1751 2477 1801 consistere:
2514 1752 2642 1801 dttxi
2672 1758 2750 1801 ta·

1686 1844 1804 1880 men
1840 1829 2162 1878 retinendam
2196 1828 2363 1888 main,
2388 1842 2505 1877 cum
2531 1835 2751 1891 propter

1686 1921 1995 1959 consensum
2025 1913 2104 1955 tot
2127 1906 2362 1954 codicum
2390 1905 2519 1955 Mss.
2540 1911 2598 1953 et
2622 1905 2752 1954 auti·

1686 1986 1920 2050 quiorum
1962 1983 2269 2043 editionum,
2310 1989 2440 2041 tum,
2475 1982 2601 2045 quia
2642 1981 2754 2044 pari

1685 2061 1797 2110 fere
1833 2060 1984 2110 modo
2018 2060 2203 2109 Cicero
2239 2073 2335 2123 pro
2367 2058 2609 2106 Marcell.
2633 2071 2683 2108 c.
2711 2062 2758 2107 1-

1686 2137 1838 2194 dixit,
1888 2144 1901 2166 ‘
1927 2137 2024 2186 Est
2065 2151 2185 2186 vere
2233 2134 2558 2195 fortunatus,
2601 2135 2755 2198 cujus

1688 2230 1753 2264 ex
1776 2216 1943 2263 salute
1968 2228 2070 2263 uon
2102 2214 2267 2262 minor
2291 2226 2442 2276 paene
2465 2211 2532 2260 ad
2557 2224 2758 2265 omncs.

1688 2306 1840 2353 quam
1885 2291 1948 2340 ad
1996 2292 2137 2341 illum
2181 2297 2401 2340 ventura
2436 2290 2527 2350 sit,
2569 2289 2757 2338 latitia

1689 2367 2027 2432 pervenerit.'
2059 2367 2233 2417 Idem.-

1757 2447 1996 2497 Gaudium
2020 2444 2193 2508 mqius]
2229 2441 2471 2493 Gaudian-
2492 2442 2652 2505 usgis
2673 2442 2758 2492 Li⁴

1693 2526 1793 2576 vin.
1829 2526 1877 2572 iu
1914 2529 2093 2584 textu;
2127 2522 2217 2571 scd
2251 2523 2301 2570 in
2331 2519 2588 2584 margine,
2624 2520 2761 2570 Gan-

1688 2602 1818 2650 dium
1838 2601 1985 2661 majus
2007 2600 2074 2648 V.
2101 2599 2160 2648 C.
2185 2599 2246 2647 R.

1755 2681 1824 2728 Et
1864 2676 2073 2739 dedisse]
2143 2677 2351 2737 Nempe
2399 2688 2496 2736 per
2538 2674 2760 2724 electio-

1692 2769 1839 2815 nem3
1873 2755 2012 2817 quia,
2032 2752 2168 2816 quod
2205 2765 2321 2800 mox
2352 2750 2653 2808 ostendam,
2677 2763 2762 2803 se·

1691 2832 1832 2880 nutui
1869 2838 1993 2878 tnnc
2031 2827 2365 2891 competebat
2395 2826 2659 2890 quoddam
2695 2827 2762 2875 si·

1692 2909 1972 2956 mulacrum
2002 2905 2137 2970 juris
2174 2902 2533 2968 eligendorum
2574 2916 2762 2953 consu·

1693 2986 1814 3034 lum.
1849 2983 2089 3033 Schwurz.

1760 3059 1972 3108 Publicis
1993 3057 2248 3121 sumtibus]
2282 3056 2424 3109 Quia
2457 3070 2554 3120 per
2577 3058 2764 3108 Domi·

1696 3137 1887 3186 tiauum
1913 3136 2165 3184 exhausto
2184 3135 2383 3197 aerario,
2403 3148 2501 3197 par
2518 3142 2763 3196 uon-erat

1695 3214 1756 3262 iis
1802 3212 2113 3275 respublica.
2181 3211 2368 3275 ltaque
2413 3209 2608 3260 factum
2664 3212 2762 3261 boc

1695 3290 1869 3340 statim
1900 3288 1995 3338 sub
2031 3288 2233 3348 Nerva;
2266 3288 2333 3336 de
2357 3302 2460 3351 quo
2485 3289 2627 3339 Dio:
2670 3289 2763 3338 καὶ

1694 3365 1884 3414 πολλὰς
1914 3362 2003 3423 μὲν
2025 3362 2204 3424 θυσίας,
2226 3363 2419 3413 πολλὰ,
2447 3361 2501 3412 δὲ
2532 3363 2763 3428 tir-rotp-

1694 3441 1819 3504 μίας,
1843 3442 1998 3490 ἄλλας
2018 3459 2074 3488 τε
2094 3440 2227 3489 τινὰς
2257 3438 2366 3489 θέας
2388 3438 2654 3500 κατέλυσε,
2676 3459 2761 3491 συ·

1695 3520 1917 3569 στέλλων
1933 3518 1993 3567 ὥς
2011 3515 2110 3566 οἶόν
2128 3535 2186 3565 τε
2206 3516 2532 3577 δαπανήματα.
2599 3519 2765 3569 Multa

1694 3596 1949 3662 somficia,
1989 3594 2158 3642 mullos
2196 3593 2447 3654 circenses,
2482 3599 2630 3658 atqua
2666 3596 2768 3644 dia

1693 3673 1975 3738 spectacula,
2000 3670 2218 3720 dissolvit
2249 3675 2296 3718 et
2331 3670 2542 3724 sustulit,
2573 3677 2764 3721 contn-

1698 3752 1811 3800 liens
1832 3754 2055 3812 quantum
2074 3751 2260 3812 poterat
2285 3747 2526 3811 mesaia
2554 3749 2767 3812 pauses.

1699 3829 1845 3891 Lips-

1766 3901 1981 3952 Publicis
2014 3901 2247 3950 sumtibus
2283 3901 2581 3966 minuendis]
2636 3904 2764 3954 Fae·

1700 3987 1811 4029 tum
1856 3978 1954 4027 hoc
1998 3977 2092 4026 sub
2132 3978 2330 4039 Nerva,
2370 3986 2512 4029 teste
2558 3980 2764 4039 Dio-223

1699 4056 1812 4117 ipse
1837 4051 2031 4103 etenim
2057 4051 2207 4101 valde
2241 4052 2545 4104 exhaustum
2568 4057 2768 4105 invenit

1699 4131 1957 4184 erarium,
1987 4135 2204 4191 propter
2234 4129 2544 4180 immodicos
2583 4132 2768 4182 Doni·

1700 4205 1825 4255 tiani
1849 4212 2063 4254 sumtus.
2099 4205 2320 4254 Palam!-

1764 4280 2009 4333 Sanatibus
2028 4281 2319 4345 minuendis]
2355 4281 2635 4342 Nimirum,
2650 4296 2763 4355 cun
