3060 4902
552 328 685 399 968

558 490 706 547 dixit,
736 491 753 519 ⁸
779 491 1072 541 Generosos
1102 490 1297 541 animos
1330 489 1479 541 labor
1509 504 1604 540 nu·

555 567 682 617 trit!
724 569 962 618 Schmun.

620 645 755 694 Idem
786 645 970 695 sudoris
1001 644 1221 708 insumit]
1254 645 1360 695 Pro
1381 644 1605 710 simplici

555 722 715 771 verbo
751 723 914 777 sumit,
949 722 1085 786 quod
1116 724 1269 786 vulgo
1291 723 1485 773 editum
1508 730 1604 778 est,

555 799 840 860 elegantius
875 799 1232 864 compositum,
1269 799 1483 863 insumit,
1516 813 1602 849 oc-

553 875 718 925 currit
771 874 821 923 iu
876 875 1139 925 codicibus
1183 876 1311 926 Mss.
1348 875 1604 926 Veticsno

552 957 701 1003 3461.
721 953 1020 1016 Parisiensi,
1052 962 1107 1004 et
1142 960 1359 1019 utroque
1381 956 1606 1006 Veneto.

556 1029 715 1093 CuJus
758 1030 902 1080 verbi
945 1031 1159 1094 vestigia
1209 1033 1364 1081 etism
1416 1032 1607 1082 relicte

555 1115 676 1155 sunt
713 1106 763 1155 in
801 1107 1080 1170 depravate
1116 1108 1371 1170 scripturn
1412 1106 1605 1158 codicis

558 1182 1023 1246 Guelpherbytsui‚
1075 1183 1494 1247 Sulisburgensis,
1551 1193 1606 1235 et

557 1259 676 1308 mei.
745 1260 807 1308 Iu
840 1260 929 1309 illo
956 1261 1092 1310 enim
1127 1270 1392 1311 exoratum
1424 1268 1507 1312 est
1528 1263 1607 1311 iu·

555 1341 698 1394 κιαι,-
734 1337 785 1385 iu
817 1337 893 1386 his
921 1336 1119 1388 duobus
1149 1339 1382 1399 insinuit3
1416 1341 1467 1391 iu
1501 1342 1602 1393 Pa-

557 1413 731 1464 tavino
751 1415 1026 1466 insinuavit.
1093 1416 1240 1465 Idem
1266 1418 1496 1478 verbum,
1529 1417 1604 1466 iu·

556 1490 721 1554 mit,
761 1505 827 1541 ex
875 1499 1054 1542 vetere
1109 1493 1288 1543 codice
1339 1496 1608 1544 annotavit

559 1570 837 1631 Livineius,
875 1579 931 1620 et
963 1571 1017 1620 in
1057 1572 1286 1635 margine
1325 1573 1494 1636 posuit
1532 1573 1605 1623 H.

555 1645 876 1709 Stephanum
912 1656 1154 1713 recteque
1167 1651 1279 1712 jem
1315 1649 1368 1698 in
1397 1657 1606 1699 contex-

559 1731 664 1772 tum
708 1726 957 1775 admisere
992 1727 1275 1791 Gryphius,
1314 1728 1609 1793 Sicherdus,

555 1799 885 1851 Arntzenius.
929 1803 1012 1852 Sic
1038 1804 1291 1856 Quinctil.
1317 1805 1490 1854 Iustit.
1514 1807 1609 1855 Or.

555 1891 643 1926 su.
664 1882 715 1928 4.
750 1888 764 1910 ⁴
789 1881 1074 1930 Plurimum
1109 1884 1161 1931 in
1193 1883 1419 1933 consiliis
1442 1900 1501 1935 nc
1517 1886 1606 1949 ju·

555 1952 703 2003 diciis
759 1957 1108 2007 insumebatur
1163 1959 1370 2022 operae.'
1437 1962 1607 2013 Tacit.

557 2030 745 2081 Annei.
771 2045 894 2081 xvi.
916 2038 998 2083 23.
1032 2037 1048 2065 ⁸
1073 2035 1210 2087 Quia
1242 2038 1413 2100 portui
1436 2039 1606 2102 Ephe·

551 2108 739 2156 siorum
762 2109 1042 2173 aperiendo
1065 2127 1240 2163 curem
1262 2115 1607 2165 insumseret!

556 2185 620 2234 Iu
655 2185 877 2250 Dialogo
910 2188 974 2237 de
1012 2188 1224 2239 Orator.
1254 2205 1368 2254 cep-
1388 2195 1471 2243 29.
1505 2195 1520 2220 ⁸
1542 2193 1604 2242 Iu

555 2262 739 2311 notitie
769 2265 852 2313 vel
884 2279 1072 2327 rerum,
1111 2267 1194 2316 vel
1225 2266 1499 2326 hominum,
1523 2269 1606 2318 vel

558 2346 865 2403 temporum.
920 2343 1044 2392 satis
1088 2358 1260 2407 opero
1304 2343 1610 2395 insumitur.'

559 2418 684 2482 Ipse
722 2419 832 2469 Cic.
866 2419 932 2470 de
970 2420 1174 2472 Inveut.
1212 2436 1277 2472 n.
1313 2425 1395 2472 88.
1428 2429 1442 2451 ⁸
1467 2421 1605 2474 Quid

557 2502 750 2545 sumtus
781 2496 834 2545 iu
864 2512 976 2546 enm
1012 2512 1136 2559 rem,
1169 2507 1257 2548 aut
1290 2499 1499 2562 laboris,
1530 2498 1607 2548 iu-

555 2572 832 2628 sumserit,'
862 2577 961 2622 &c.
997 2574 1146 2624 Idem.

621 2648 851 2711 Insanit]
873 2649 1035 2698 Sumit
1056 2651 1220 2700 Livin.
1238 2651 1290 2702 iu
1315 2659 1491 2715 textu3
1514 2652 1607 2704 scd

554 2724 607 2774 in
630 2726 858 2788 margine
881 2726 1076 2776 insumit
1099 2727 1163 2777 V.
1187 2728 1254 2778 G.

620 2801 870 2866 Deseruit]
915 2804 1101 2860 Vacat.
1140 2812 1197 2855 et
1234 2820 1292 2856 se
1334 2804 1605 2870 impendit.

559 2975 562 2980 -
622 2893 865 3002 &eser-vit,
906 2950 989 2995 unt
1029 2946 1225 3012 sufficit]
1271 2946 1318 2996 1.
1360 2963 1408 2999 e.
1445 2948 1605 2999 inter·

558 3031 708 3086 prete
737 3023 928 3087 Lipsio,
949 3030 1104 3082 voca,
1123 3031 1207 3074 aut
1226 3040 1317 3088 pur
1334 3031 1422 3075 est.
1457 3028 1473 3056 ⁸
1495 3028 1604 3078 De-

558 3099 790 3163 servirc‚’
822 3107 903 3150 est
929 3100 1092 3156 valde,
1123 3101 1232 3152 sive
1255 3104 1478 3168 omnino,
1499 3119 1603 3154 ser·

561 3178 700 3228 viret
738 3178 1036 3241 praepositio
1057 3180 1208 3242 euim,
1228 3182 1303 3246 de,
1325 3181 1376 3231 iu
1399 3195 1608 3247 compo·

557 3253 745 3304 sitione
778 3255 1050 3320 aliquando
1085 3265 1237 3320 auget
1277 3259 1607 3321 significatio·

559 3345 677 3379 nem
730 3332 1040 3395 simplicium
1095 3336 1400 3399 verbornm3
1446 3347 1504 3388 ut
1556 3338 1608 3388 in

563 3412 578 3434 ⁸
600 3405 876 3469 deemsre‚’
905 3410 921 3436 ‘
953 3410 1230 3468 demirari,'
1259 3413 1274 3439 ‘
1298 3414 1611 3473 decertare‚’

558 3482 574 3510 ⁸
598 3480 869 3544 devitere‚'
902 3494 956 3535 et
998 3487 1047 3535 iu
1086 3488 1199 3537 eliis
1236 3492 1438 3553 generis
1474 3492 1607 3556 ejus·

562 3557 697 3607 dem.
751 3561 861 3610 Cic.
903 3563 1045 3614 Fam.
1080 3577 1199 3614 xvi.
1236 3572 1314 3617 18.
1344 3570 1360 3595 ‘
1385 3570 1607 3633 ludulge

560 3635 845 3684 veletudiui
883 3643 1018 3697 ωας
1051 3640 1132 3688 cui
1170 3643 1375 3706 quidem
1415 3654 1472 3696 tu
1519 3647 1608 3697 ud·

560 3711 681 3773 huc,
704 3710 824 3760 dum
847 3712 970 3761 mihi
1000 3712 1247 3773 deservis,
1283 3721 1486 3771 servisti
1507 3738 1610 3774 uon

558 3788 718 3838 setis-⁹
750 3789 951 3839 Plinius
970 3803 1142 3853 supra,
1162 3805 1208 3842 ι..
1227 3797 1275 3841 1.
1294 3794 1311 3822 ⁸
1329 3795 1377 3845 N
1383 3811 1443 3847 ec
1462 3798 1610 3849 unius

561 3867 723 3918 oculis
742 3864 972 3923 flumine,
1004 3866 1197 3926 fontes,
1228 3873 1409 3935 meria,
1432 3873 1609 3924 deser.

564 3943 745 3994 siunt)
798 3942 945 3994 Idem
990 3944 1156 4009 Epist.
1185 3959 1285 3997 vit.
1319 3951 1371 3997 7.
1416 3948 1432 3976 ⁸
1457 3950 1609 4004 Quod

561 4021 821 4071 deservire
844 4020 1026 4072 studiis
1048 4035 1148 4073 nou
1167 4023 1351 4087 potes.'
1381 4025 1610 4079 Verbum

564 4103 579 4126 ‘
613 4096 845 4150 sufficere
866 4096 882 4120 ³
914 4099 1184 4162 eleganter
1223 4107 1392 4166 notet,
1433 4118 1611 4169 parem

563 4186 697 4229 esse,
731 4174 1050 4228 satisfacere.
1110 4176 1197 4227 Sic
1233 4177 1430 4230 Plinius
1458 4181 1612 4241 infre.

563 4261 736 4323 uu.
755 4256 807 4303 6.
839 4253 855 4281 ⁸
875 4252 1126 4320 Fungeris
1141 4255 1297 4323 enim,
1318 4255 1612 4328 sufficisque

1249 346 1465 395 801·AE
1513 346 1917 425 vAmouuu
1963 348 2043 396 nt

1677 491 1976 543 mandenti?
2009 505 2087 542 vs.
2105 495 2190 542 2³.
2219 492 2237 520 ⁸
2259 490 2520 555 Spondeo,
2560 491 2736 542 solicii

1677 571 1845 620 tudini
1891 578 2016 632 ωε,
2057 570 2172 634 spei
2208 583 2358 626 meae,
2391 570 2738 633 magnitudini

1677 663 1890 710 caussae,
1908 646 2277 698 suffecturum.'
2310 660 2369 697 x.
2393 652 2474 697 19.
2505 656 2519 675 ⁴
2542 648 2734 698 Filium

1677 727 1913 791 inprimis
1982 724 2321 775 suffecturum
2395 724 2734 787 indulgentia

1680 804 1821 860 tue?
1850 805 1883 855 i.
1901 819 1951 855 e.
1984 804 2272 867 interprete
2296 801 2598 864 Buehuero,
2630 816 2735 853 nou

1677 880 1927 945 imperem
1968 880 2197 930 futurum
2239 878 2569 936 sustinendis,
2612 893 2734 944 qun

1681 973 1777 1023 per
1811 956 2179 1021 indulgentiam
2214 961 2352 1005 tuem
2382 954 2433 1004 in
2466 969 2584 1004 enm
2615 969 2737 1005 eun-

1679 1037 1800 1089 fers.
1843 1039 2044 1088 Statius
2089 1036 2211 1085 Silv.
2249 1048 2303 1084 v.
2356 1034 2633 1098 Protrept.
2667 1033 2734 1083 sd

1679 1114 2005 1177 Crispinum:
2052 1116 2068 1142 ⁸
2090 1110 2260 1168 Vade,
2294 1123 2439 1175 puer,
2474 1111 2737 1175 tantisque

1680 1190 1864 1241 enixus
1901 1188 2078 1239 suffice
2114 1185 2299 1237 donis-³
2364 1184 2504 1235 Vide
2538 1193 2735 1248 nutem,

1679 1265 2107 1332 quemadmodum
2170 1269 2562 1326 argumentetur
2625 1262 2737 1311 Pli-

1678 1344 1823 1394 nius!
1859 1342 2005 1400 Quis,
2041 1340 2223 1406 inquit,
2257 1339 2505 1403 expetitis
2526 1338 2735 1388 honori·

1680 1420 1795 1483 bus,
1825 1422 1873 1470 h.
1897 1435 1945 1470 e.
1977 1420 2038 1469 iis
2074 1416 2371 1473 honoribus,
2403 1430 2533 1481 quos
2570 1415 2735 1465 multo

1679 1498 1851 1549 studio
1884 1497 2124 1562 expetiit,
2154 1502 2211 1546 et
2242 1494 2439 1555 ambiit,
2465 1494 2543 1543 its
2563 1508 2623 1543 se
2643 1494 2738 1543 im-

1680 1575 1880 1640 pendit,
1920 1574 2200 1638 iisdemque
2240 1573 2316 1621 itn
2352 1584 2448 1635 per
2486 1579 2615 1631 αις
2661 1570 2738 1619 uti

1681 1653 1961 1715 imperator
1979 1655 2174 1708 noster,
2189 1648 2464 1714 Trujenus,
2488 1646 2741 1707 deservit3

1679 1737 1737 1779 et
1759 1743 1856 1792 per
1885 1735 1963 1778 est
1992 1727 2279 1778 consulatui
2301 1723 2563 1786 obeundo,
2583 1738 2737 1788 quesn

1682 1813 1853 1856 tamen
1889 1819 1991 1855 uon
2031 1803 2127 1853 uisi
2165 1802 2357 1851 invitus
2394 1808 2451 1849 et
2488 1813 2738 1850 recusans

1680 1882 1944 1945 suscepit?
1973 1880 2106 1930 Num
2140 1892 2315 1941 supra,
2336 1880 2497 1926 ΠΛ.
2529 1874 2740 1926 dixerut

1680 1958 1922 2009 Plinius:
1970 1962 1985 1985 ⁸
2022 1954 2118 2005 His
2174 1961 2254 2003 tot
2303 1952 2571 2016 tantisque
2615 1952 2739 2002 reti-

1680 2035 1882 2096 onibns,
1908 2047 2195 2099 quanquam
2229 2030 2445 2080 multum
2478 2029 2742 2081 reluctett

1681 2111 1992 2162 verecundia
2023 2108 2271 2173 principis
2306 2106 2489 2165 nostri,
2525 2106 2740 2157 undem

1679 2196 1852 2238 temen
1876 2187 2069 2238 cessit.'
2106 2186 2351 2236 Schmun-z.

1744 2264 1958 2332 Sufficit]
1993 2264 2098 2314 Per
2121 2269 2221 2311 est.
2254 2261 2394 2324 Lips.

1748 2344 1934 2407 Quippe
1948 2342 2093 2392 eliens
2113 2339 2343 2389 Fortuna
2353 2335 2631 2402 uidemur]
2654 2335 2742 2387 Itu

1681 2435 1857 2471 omues
1898 2418 2061 2470 nostri
2101 2429 2371 2471 consensu,
2407 2414 2472 2464 V.
2494 2424 2743 2479 excepto,

1681 2496 1734 2546 in
1759 2512 1860 2561 quo
1883 2505 1963 2546 est
1985 2495 2151 2559 quippe
2170 2507 2304 2542 omne
2325 2491 2464 2541 Fort-
2484 2492 2569 2553 qt.
2634 2491 2740 2542 Re-

1683 2576 1936 2640 ponebem
1976 2573 2179 2635 timide,
2212 2571 2385 2635 quippe
2416 2569 2546 2620 euius
2585 2569 2739 2627 Fert„

1681 2659 1740 2702 ut
1782 2667 1941 2717 supra
1978 2652 2201 2712 dixerat,
2232 2650 2251 2679 ⁸
2286 2661 2474 2711 nempe
2513 2647 2653 2697 eni·
2684 2648 2740 2698 hi

1679 2735 1818 2786 sunt,
1840 2743 1965 2793 quos
1987 2733 2191 2777 senatus
2206 2721 2404 2787 elegit!
2451 2722 2742 2775 Nuncsen·

1681 2809 1896 2858 tentiam
1939 2813 2101 2863 muto,
2145 2810 2199 2855 et
2242 2801 2493 2867 originem
2531 2803 2738 2857 mend·

1679 2884 1746 2935 eb
1769 2886 2144 2948 exscriptorum
2176 2879 2500 2954 compendiis
2512 2888 2739 2957 sepem.

1679 2962 1849 3013 Valde
1882 2962 2018 3012 euim
2055 2967 2175 3010 suut
2201 2959 2371 3009 vicine
2385 2975 2469 3019 ee,
2502 2968 2573 3017 et,
2611 2974 2740 3025 quo·

1679 3056 1791 3092 rum
1814 3042 1911 3091 hoc
1932 3040 1949 3068 ⁸
1968 3039 2126 3090 etiem
2145 3038 2161 3062 '
2176 3038 2339 3101 velet,
2357 3037 2483 3088 illud
2503 3037 2521 3066 ⁸
2541 3053 2697 3089 omne
2709 3031 2749 3102 ς’

1681 3133 1798 3169 unm
1823 3132 1944 3168 ecce
1978 3114 2115 3167 haud
2145 3116 2299 3178 longe
2333 3114 2487 3173 infre,
2517 3114 2610 3165 nbi
2637 3122 2741 3177 est,

1679 3209 1831 3245 oeoun
1861 3209 2012 3254 omne,
2043 3197 2126 3258 ξε.
2162 3192 2213 3242 ἰιι
2238 3192 2308 3241 V.
2349 3198 2626 3242 exnrntnm
2658 3199 2742 3242 est

1681 3291 1833 3327 cuum
1873 3262 1941 3336 e'ff}
1973 3272 2179 3324 vitiose.
2245 3269 2575 3334 Panegyrico
2619 3283 2743 3336 quo·

1681 3367 1781 3416 qne
1836 3348 2021 3400 incerti
2079 3347 2131 3396 iu
2187 3346 2589 3396 Constnntinum
2644 3359 2742 3411 pro

1681 3442 1862 3478 omnem
1923 3425 2150 3488 itemque
2211 3422 2427 3473 Pscnti·
2460 3423 2513 3472 in
2573 3423 2743 3474 Theo·

1683 3502 1881 3552 dosium
1935 3512 2029 3563 pro
2084 3511 2259 3560 onnes,
2303 3496 2504 3562 liquido
2560 3506 2618 3549 et
2663 3499 2741 3548 in·

1683 3586 1831 3642 tegre
1874 3577 1929 3625 in
1972 3576 2040 3624 V·
2081 3574 2148 3623 B.
2194 3575 2336 3624 etiem
2376 3574 2743 3639 perscriptum.

1685 3657 1856 3707 Liuia.

1751 3734 1983 3784 Fortuna
2003 3729 2253 3781 videbatur
2270 3729 2546 3796 indm]
2576 3731 2644 3782 In
2662 3730 2738 3782 his

1686 3809 1857 3860 verbis
1880 3806 2167 3859 referendis
2189 3805 2283 3856 sibi
2307 3818 2550 3858 constent
2566 3821 2740 3858 omues

1683 3885 1800 3934 libri
1824 3883 1963 3949 typis
1993 3880 2204 3943 excusi3
2239 3888 2296 3931 et
2330 3883 2382 3932 in
2410 3882 2625 3947 scriptis
2654 3899 2739 3934 oc-

1683 3960 1845 4011 currit
1856 3958 2091 4025 quaedam
2105 3958 2355 4008 varietus.
2379 3959 2445 4009 In
2456 3959 2742 4024 codicibus,

1682 4038 1937 4087 Vaticano
1987 4039 2138 4087 8461.
2226 4035 2436 4086 Veneto
2501 4046 2741 4102 utroquo,

1683 4111 2165 4178 Guelplnerbytsuo,
2202 4111 2480 4176 Peterino,
2517 4121 2573 4163 et
2606 4114 2739 4165 libro

1681 4190 1954 4252 'Vossisno‚
1997 4202 2093 4254 pro
2123 4189 2354 4252 fortuna,
2411 4189 2609 4253 legitur
2631 4191 2743 4250 sor·-

1682 4272 1802 4320 tunu
1815 4283 1838 4329 ,·
1867 4279 1985 4333 qun
2017 4281 2120 4318 vox
2142 4278 2354 4332 prorsus
2375 4266 2566 4320 omisso
2586 4274 2668 4320 est
2686 4268 2739 4320 in
