3060 4902
520 354 650 421 988

521 512 1030 577 Guelpherhytanus,
1058 510 1251 560 habent
1274 511 1391 561 Atia
1426 511 1573 561 etium

519 591 827 649 crediderim,-
861 590 945 638 ubi
984 589 1174 639 rectius
1202 589 1254 637 iu
1288 590 1477 638 ceteris
1514 586 1576 637 li·

521 668 624 717 bris
664 667 896 716 omuibus
927 668 1163 729 legimus,
1199 666 1335 715 Talia
1356 681 1455 715 esse
1474 683 1576 716 cre·

518 745 735 794 diderint.
769 745 1025 793 Schwarz.

592 822 734 871 Velut
775 837 965 882 numen,
1001 820 1186 883 adesse]
1228 821 1415 870 Numen
1447 821 1577 869 uelut

515 901 681 949 adesse
722 899 884 947 Livin.
920 898 968 946 in
1008 906 1187 957 textu;
1232 898 1320 944 sed
1359 899 1406 945 in
1443 911 1574 945 mar·

520 980 658 1042 gine,
680 978 809 1025 uelut
832 990 1000 1023 numen
1020 975 1180 1022 adesse
1203 973 1264 1022 V.
1292 974 1347 1022 C.
1372 973 1439 1023 G.
1464 974 1524 1022 R.

586 1055 722 1103 Talia
742 1068 840 1102 esse
860 1050 1163 1112 crediderim]
1200 1049 1357 1098 Foeda
1391 1056 1445 1099 et
1482 1050 1573 1099 im·

519 1133 607 1196 pia
652 1131 916 1190 adulatio,
974 1144 1133 1193 quare
1173 1127 1305 1176 bene
1346 1127 1574 1191 Lipsius,

513 1211 530 1236 ‘
558 1209 915 1261 Prudentiam,
938 1205 1304 1269 eloquentiam,
1329 1211 1382 1252 et
1404 1204 1575 1253 omnia

519 1286 636 1346 alia,
669 1301 697 1332 a
738 1283 879 1332 vobis
916 1283 1187 1341 haurimus,
1221 1295 1373 1345 quam
1410 1283 1573 1344 pieta·

520 1360 660 1411 tem.'
691 1361 906 1409 Potui-ol.

584 1436 745 1499 Nutu]
782 1435 1118 1485 Mamertinus
1140 1448 1233 1497 pro
1259 1433 1573 1482 Consulatu:

515 1516 531 1544 ‘
557 1514 776 1571 Poetaess
813 1514 997 1579 inquit,
1032 1512 1047 1538 ‘
1072 1510 1242 1560 ferunt
1273 1512 1571 1560 altissimum

516 1595 660 1642 illum
686 1603 740 1643 et
760 1601 949 1641 cuncta
969 1596 1223 1653 potestate
1244 1588 1570 1638 cohibentem

517 1671 704 1732 Deum,
741 1668 826 1732 qui
870 1667 1063 1715 ditione
1103 1673 1357 1727 perpetua
1396 1665 1574 1713 divina

515 1753 673 1810 atque
717 1746 937 1793 humana
981 1742 1294 1802 moderatur,
1328 1757 1441 1790 cum
1481 1742 1570 1790 de·

513 1823 703 1883 spiciat
750 1822 801 1869 in
851 1827 1036 1880 terras,
1075 1818 1253 1867 habitu
1297 1818 1399 1866 oris
1445 1827 1572 1867 tern-

514 1907 773 1962 pestatum
810 1898 1011 1945 incerta
1045 1904 1261 1952 mutare,
1294 1895 1404 1957 ejus
1439 1904 1570 1944 nutu

513 1975 756 2023 mundum
798 1972 1117 2031 tremiscere,
1143 1971 1274 2018 illius
1309 1970 1569 2020 hilaritate

513 2050 743 2099 turbines
773 2049 929 2110 abigi,
953 2048 1115 2094 nubes
1140 2046 1328 2107 fugari,
1353 2047 1571 2096 nitentia

514 2142 609 2192 per
633 2126 807 2175 orbem
832 2139 1011 2173 serena
1036 2120 1277 2170 refundi!
1311 2122 1460 2172 Rern.

580 2205 639 2253 Si
662 2204 844 2266 quando
865 2200 1039 2263 oculos]
1072 2199 1169 2248 Ille
1196 2214 1317 2247 vero
1347 2215 1570 2263 semper,

513 2294 544 2329 o
575 2279 747 2340 Plini3
781 2288 835 2328 et
868 2287 924 2327 tu
958 2277 1041 2325 hic
1068 2291 1181 2326 curu
1205 2276 1454 2325 avunculo
1480 2284 1569 2326 tuo

513 2358 840 2420 epicurissas,
874 2355 956 2403 cui
996 2354 1309 2402 irridendum
1347 2353 1570 2411 videtur,

512 2435 527 2460 ‘
555 2447 709 2497 agere
742 2446 916 2483 curam
946 2445 1111 2479 rerum
1145 2430 1473 2480 humanarum
1510 2431 1570 2479 il-

513 2509 637 2568 lud,'
674 2507 918 2572 quidquid
956 2515 1051 2568 est,
1076 2513 1088 2532 ⁴
1115 2505 1399 2557 sunimumss
1463 2505 1565 2555 Sed

510 2586 860 2647 prudentiam,
900 2583 1266 2644 eloquentiam,
1306 2592 1357 2630 et
1397 2585 1567 2632 omnia

508 2662 624 2722 alia,
658 2676 686 2708 a
725 2660 865 2707 vobis
899 2658 1176 2719 haurimus,
1210 2674 1362 2722 quam
1402 2662 1566 2723 pieta.

514 2747 636 2788 tem.
669 2738 801 2798 Lips.

575 2815 632 2863 Si
662 2816 845 2874 quando
866 2811 1041 2873 oculos]
1085 2812 1169 2859 Sic
1192 2812 1403 2874 Jupiter
1428 2813 1564 2863 diee-

507 2890 661 2939 batur
685 2890 956 2953 despicere
981 2889 1030 2936 iu
1057 2896 1238 2947 terras,
1258 2897 1313 2937 ut
1337 2890 1565 2939 homines

497 2969 724 3030 juvaret.
795 2967 982 3029 Virgil.
1016 2967 1126 3015 AEn.
1164 2980 1201 3014 t.
1237 2970 1349 3015 324.
1393 2970 1408 2994 ⁸
1434 2967 1564 3017 Cum

506 3046 751 3109 Juppiter
792 3046 985 3094 aethere
1023 3060 1217 3093 summo
1261 3044 1564 3105 Despiciens

506 3138 647 3171 mare
685 3122 974 3178 velivolum,
1013 3128 1277 3184 terrasque
1306 3122 1564 3184 jacenteS,

505 3200 831 3263 Littoraque,
852 3209 904 3247 et
923 3199 1053 3247 latos
1077 3200 1322 3261 populos;
1356 3198 1428 3247 sic
1452 3214 1563 3247 ver·

507 3277 610 3325 tice
642 3278 755 3326 coeli
790 3276 1058 3336 Constitit,
1084 3283 1136 3322 et
1177 3276 1347 3337 Libya·
1383 3274 1564 3324 defixit

503 3352 697 3401 lumina
722 3352 922 3416 regnis.’
982 3353 1047 3402 Et
1072 3351 1185 3401 AEu.
1206 3365 1287 3400 xi.
1310 3355 1423 3401 725.
1459 3360 1472 3380 ·
1492 3351 1565 3402 At

505 3441 609 3476 non
643 3429 752 3477 haec
779 3430 927 3478 nullis
954 3428 1211 3476 homiuum
1236 3438 1372 3477 sator
1405 3436 1563 3491 atque

506 3504 733 3551 Deorum
760 3502 1057 3552 Observans
1080 3503 1242 3551 oculis
1267 3518 1460 3551 summo
1484 3519 1563 3552 se·

504 3577 594 3626 det
618 3577 749 3626 altus
774 3577 1037 3640 Olympo.’
1103 3579 1316 3638 Contra,
1343 3580 1563 3643 rejicere

504 3661 561 3703 et
594 3667 830 3703 amovere
871 3653 1047 3702 oculos
1084 3655 1148 3702 ab
1183 3655 1243 3703 iis
1279 3656 1564 3720 dicebatur,

504 3729 686 3794 quibus
713 3734 827 3776 erat
849 3727 1030 3787 iratus,
1049 3738 1137 3776 aut
1163 3729 1403 3778 auxilium
1429 3745 1562 3793 pras-

503 3808 627 3857 bere
671 3805 898 3854 uolebat.
974 3803 1158 3865 virgil.
1194 3804 1307 3853 AEu.
1345 3817 1404 3853 x.
1441 3809 1561 3857 47³.

499 3888 516 3913 ⁸
538 3886 626 3934 Sic
648 3884 741 3944 ait,
767 3893 922 3948 atque
943 3882 1119 3930 oculos
1148 3881 1450 3931 Rutulorum
1478 3897 1560 3934 re-

490 3963 615 4026 jicit
653 3959 825 4010 arvis.’
890 3958 1086 4008 Statius
1124 3956 1291 4006 Theb.
1330 3971 1408 4007 ιι.
1445 3963 1558 4010 18⁴.

501 4048 517 4070 ⁸
543 4039 630 4089 Sic
662 4047 811 4101 pater
837 4037 1159 4101 omnipotens
1188 4036 1431 4101 visusque
1466 4053 1558 4089 uo·

500 4116 740 4167 centibus
756 4115 891 4165 arvis
908 4113 1157 4174 Abstulit,
1176 4123 1226 4163 et
1243 4113 1381 4163 dulci
1400 4121 1556 4164 terrae

1208 367 1425 417 NOTAE
1480 366 1887 416 vammum
1940 366 2020 416 ΙΝ

1650 510 1857 575 picurus
1895 523 2094 558 omnem
2129 506 2358 573 negabat
2384 507 2711 573 providenti·

1648 603 1724 636 am
1744 587 1986 636 divinam.
2053 589 2122 637 Et
2139 601 2306 636 aunon
2325 588 2482 635 etiam
2498 587 2596 641 alii.
2613 586 2708 650 qni

1650 680 1750 716 non
1782 666 2130 730 sequebantur
2154 664 2451 727 Epicurum,
2471 664 2545 713 ita
2566 662 2711 727 loqui

1649 743 1899 805 potuere?
1964 741 2218 804 Exemplo
2253 748 2374 790 sunt
2408 739 2598 799 Stoici,
2621 739 2712 804 qui

1647 819 1871 881 alioquin
1893 833 2036 867 acres
2055 816 2392 879 providentiae
2410 816 2604 865 divinae
2624 817 2713 865 de-

1648 895 1881 946 fensores
1919 896 2083 945 videri
2121 897 2391 946 volebant:
2426 910 2491 944 ex
2526 895 2711 944 hurum

1651 981 1821 1021 tamen
1882 973 2057 1020 schola
2110 986 2406 1035 progressus
2454 972 2711 1029 Lucilius,

1650 1048 1784 1110 apud
1822 1049 1932 1098 Cic.
1968 1049 2098 1098 Nat.
2131 1050 2287 1098 Deor.
2312 1063 2377 1098 n.
2398 1053 2483 1098 66.
2520 1049 2709 1113 ‘Mag-

1650 1124 1750 1182 ua,'
1781 1124 1966 1190 iuquit,
1987 1127 2002 1151 ⁴
2028 1124 2113 1173 Dii
2143 1135 2356 1186 curaut3
2390 1140 2552 1189 parva
2580 1141 2708 1190 neg·

1648 1200 1844 1260 liguut)
1912 1203 1979 1250 Et
1999 1202 2135 1266 apud
2162 1202 2403 1266 eundem,
2429 1204 2496 1253 N.
2523 1204 2593 1252 D.
2619 1217 2709 1253 ιιι.

1648 1283 1726 1327 35.
1766 1279 1991 1328 Lucilius
2018 1280 2392 1329 Academicus:
2430 1282 2536 1329 ‘At
2568 1281 2705 1329 enim

1646 1356 1847 1404 minora
1876 1358 1965 1406 Dii
2001 1358 2284 1420 negligunt,
2307 1372 2475 1422 neque
2509 1359 2705 1420 agellus

1647 1433 1979 1496 singulorum.
2002 1448 2097 1483 nec
2126 1435 2356 1485 viticulas
2385 1449 2703 1499 persequun-

1649 1515 1762 1569 tur;
1797 1524 1893 1558 nec
1929 1511 1973 1558 si
2008 1510 2185 1571 uredo,
2208 1520 2299 1561 aut
2319 1512 2535 1575 grando,
2557 1514 2706 1576 quip-

1647 1586 1780 1648 piam
1822 1588 2017 1642 nocuit.
2048 1587 2099 1637 id
2131 1588 2251 1638 Jovi
2289 1589 2707 1638 animadverten-

1647 1661 1762 1711 dum
1787 1660 1924 1711 fuit.'
1978 1664 2046 1712 Et
2069 1677 2115 1712 c.
2135 1667 2217 1712 39.
2251 1667 2268 1692 ⁸
2290 1665 2410 1713 Nou
2431 1672 2583 1715 curat
2602 1665 2704 1712 siu·

1647 1742 1791 1802 gulos
1825 1740 2072 1799 homines,
2094 1755 2158 1789 ne
2190 1741 2430 1789 civitates
2455 1739 2706 1804 quidem!

1646 1815 1812 1866 Quam
1849 1832 1970 1864 vero
2002 1817 2223 1866 diverse
2249 1824 2303 1865 et
2325 1817 2703 1867 hallucinantes

1644 1894 1918 1942 sententiae
1940 1902 2166 1942 veterum
2186 1894 2606 1957 philosophorum
2625 1892 2711 1945 fua

1645 1970 1782 2019 erint
1820 1970 1886 2019 de
1928 1973 2059 2027 Deo,
2096 1972 2304 2035 Deique
2348 1970 2702 2034 providentia,

1645 2061 1737 2109 per
1784 2048 2144 2110 compendium
2192 2048 2387 2097 indicat
2430 2048 2704 2112 Arrianus,

1644 2123 1974 2187 philosophus
1996 2125 2223 2179 Stoicus,
2245 2126 2297 2172 in
2320 2125 2555 2187 Epicteti
2579 2125 2699 2173 Dis·

1644 2207 1767 2248 sert.
1791 2213 1827 2248 1.
1853 2204 1930 2248 12.
1955 2200 2104 2263 cujus
2142 2199 2299 2248 verba
2338 2200 2523 2248 Latine
2559 2198 2698 2250 factu

1643 2276 1740 2324 huc
1767 2275 2046 2325 transferre
2064 2277 2190 2325 libet
2212 2294 2225 2323 :
2261 2280 2277 2304 ‘
2293 2275 2446 2327 Quod
2465 2276 2531 2326 ad
2553 2278 2700 2327 Deos

1644 2350 1867 2413 attinet,'
1910 2353 2095 2417 iuquit,
2146 2355 2162 2379 ‘
2200 2361 2318 2402 suut
2352 2354 2440 2416 qui
2488 2362 2702 2417 negent,

1642 2429 1798 2479 ullum
1840 2443 2025 2478 numen
2063 2443 2196 2479 esse.
2277 2429 2411 2478 Sunt
2455 2430 2544 2494 qui
2583 2443 2699 2481 esse

1640 2506 1878 2568 doceant,
1911 2507 2001 2555 sed
2027 2507 2269 2567 otiosum,
2292 2515 2346 2555 et
2371 2508 2494 2557 nihil
2521 2522 2704 2572 procu·

1641 2598 1776 2645 rans,
1795 2584 2018 2648 nihilque
2041 2585 2380 2649 prospiciens.
2448 2587 2580 2635 Sunt
2595 2596 2702 2637 ter·

1642 2661 1718 2716 tii,
1737 2662 1822 2722 qui
1842 2661 2071 2724 tradant,
2086 2671 2135 2708 et
2155 2676 2267 2710 esse
2283 2675 2491 2718 numen.
2515 2672 2565 2712 et
2582 2678 2702 2726 pru·

1642 2737 1850 2797 videre;
1884 2738 1974 2786 sed
2012 2753 2110 2786 non
2151 2739 2248 2788 nisi
2281 2742 2480 2801 maguis
2509 2749 2562 2789 et
2592 2754 2692 2788 coe·

1639 2815 1873 2870 lestibus,
1897 2828 1996 2862 non
2027 2830 2147 2863 vero
2172 2818 2502 2866 terrestribus
2526 2816 2697 2866 rebus.

1641 2891 1828 2940 Quarti
1846 2891 2076 2946 tradunt,
2093 2907 2280 2941 numen
2293 2903 2348 2942 et
2375 2903 2694 2943 terrenarum

1639 2976 1693 3016 et
1726 2969 2013 3017 coelestium
2058 2984 2228 3018 rernm
2263 2983 2437 3018 curam
2482 2983 2698 3031 gerere;

1637 3043 1726 3093 sed
1754 3046 2129 3107 generalem,et
2153 3045 2217 3093 ad
2240 3060 2418 3094 omues
2432 3046 2697 3110 pertiuen-

1637 3127 1774 3179 tem3
1810 3137 1910 3170 non
1949 3136 2068 3171 vero
2103 3122 2346 3185 privatim
2380 3130 2434 3170 et
2465 3136 2693 3172 seorsum

1639 3196 1701 3244 ad
1727 3197 1951 3259 singulas
1976 3213 2057 3248 res
2090 3199 2328 3247 conditas
2349 3206 2693 3261 spectantem.

1642 3274 1710 3323 At
1730 3276 1945 3338 quincti,
1964 3291 2027 3325 ex
2066 3291 2278 3340 quorum
2303 3292 2518 3326 numero
2543 3279 2696 3343 Ulys-

1639 3365 1720 3399 ses
1745 3351 1859 3414 fuit,
1885 3363 1936 3402 et
1972 3357 2225 3415 Socrates,
2245 3357 2319 3404 sic
2348 3361 2605 3417 statuunt,
2638 3363 2707 3411 et,

1639 3430 1970 3492 alloquuntur
1994 3433 2157 3481 Deum
2180 3448 2193 3480 ε
2228 3432 2322 3487 Te,
2342 3433 2391 3482 0
2413 3433 2580 3496 Deus,
2596 3448 2695 3483 uec

1636 3504 1687 3551 in
1710 3504 1916 3555 minimo
1953 3517 2095 3556 motu
2128 3507 2318 3564 latebo,
2338 3518 2427 3556 aut
2450 3506 2626 3558 fallam
2646 3511 2660 3559 !
2679 3507 2695 3530 '

1638 3580 1748 3630 Nos
1772 3582 2067 3646 Christiani,
2104 3597 2197 3648 per
2220 3583 2322 3632 Dei
2350 3583 2695 3647 clementiam,

1636 3658 1826 3706 rectius
1852 3661 2098 3723 sapimus,
2120 3668 2174 3707 et
2212 3659 2408 3709 certius
2444 3661 2693 3709 sentimus

1637 3732 1702 3783 de
1742 3734 1916 3785 diviua
1963 3736 2306 3798 providentia.
2392 3737 2532 3788 Quid
2573 3752 2695 3787 vero

1633 3810 1832 3873 mirum,
1854 3812 2093 3867 Plinium,
2109 3813 2363 3862 hominem
2382 3813 2691 3864 Christiano

1635 3888 1866 3936 veritatis
1911 3897 2199 3952 expertem,
2236 3890 2392 3938 etiam
2423 3890 2689 3954 opinatum

1633 3964 1961 4020 esse,Jovem
1999 3979 2146 4014 suum
2181 3967 2340 4028 magis
2378 3953 2685 4026 coelesti'uus,

1631 4055 1780 4105 quam
1806 4042 2127 4091 terrestrium
2151 4042 2586 4110 humanarumque
2607 4057 2685 4093 re-

1631 4132 1760 4174 rum,
1793 4132 1967 4167 curam
1992 4132 2195 4182 gerere,
2218 4127 2273 4168 et
2298 4121 2362 4168 ad
2388 4121 2479 4169 has
2499 4122 2680 4170 saltem

501 4207 716 4242 caruere
753 4191 967 4242 sereno.⁹
1031 4192 1193 4241 Putat
1228 4191 1449 4255 Lipsius,
1475 4192 1557 4242 his
1628 4194 1909 4243 identidem
1930 4195 2684 4259 respicerediguariiSebon-z.

502 4270 670 4321 verbis
694 4270 921 4321 Plinium
943 4268 1300 4333 epicurisssre.
1361 4269 1464 4318 Sed
1487 4270 1556 4321 E·

1694 4271 1903 4324 Demi-sit
1922 4272 1974 4321 ia
1996 4272 2176 4338 terras]
2202 4273 2269 4322 Et
2294 4273 2575 4338 Epicurum
2606 4288 2684 4326 sa·
