3060 4902
804 374 868 421 c.
914 371 1159 420 annm
1207 369 1544 420 saeuum
1597 372 1871 421 PANEG.
1948 374 1996 420 ι.
2027 357 2133 423 88.

359 516 460 566 bus
486 515 538 564 in
565 514 694 564 locis
718 514 925 575 Cicero,
948 521 1004 563 ut
1021 515 1177 565 Orat.
1197 529 1291 579 pro
1315 515 1433 565 Mu·

362 609 511 655 rena,
545 606 660 656 cap.
696 596 780 640 st.
814 591 829 617 ⁴
855 591 983 642 Quis
1024 592 1083 640 C.
1110 593 1269 641 Laelio
1295 592 1430 654 sapi-

363 671 537 719 entior
557 668 595 718 ?’
638 670 765 719 Nat.
800 671 964 717 Deor.
1005 683 1091 717 nr.
1123 673 1172 716 2.
1206 669 1222 697 ‘
1248 668 1431 718 Habeo

363 749 425 794 C.
465 746 681 796 Laelium
710 759 974 807 augurem,
998 745 1329 808 eundemque
1352 760 1430 794 sa-

362 822 651 887 pientem.'
742 824 821 872 De
861 823 1027 872 Claris
1065 821 1332 871 Oratorib.
1368 836 1431 870 ιῐ.

360 905 447 950 21.
507 901 591 949 De
633 897 789 948 offic.
830 911 893 948 11.
933 903 1010 948 ll.
1044 900 1059 926 ‘
1087 898 1343 946 Viriatum
1370 898 1430 946 C.

362 978 575 1035 Laelius,
623 977 682 1038 is,
723 977 812 1040 qui
863 976 1083 1038 Sapiens
1131 981 1427 1038 usurpatur,

364 1062 563 1117 praetor
588 1052 786 1116 fregit!
818 1053 970 1101 Idem.

427 1130 683 1192 Sapientia
705 1128 873 1191 Loelii]
908 1128 1095 1176 Cicero
1124 1142 1215 1189 pro
1234 1127 1428 1174 Μαι-ω-

361 1219 460 1254 na:
500 1206 514 1231 ⁸
535 1207 665 1255 Quis
683 1205 842 1254 Laelio
860 1204 1082 1253 comior?
1115 1203 1427 1266 quisjucnn·

360 1283 509 1331 dior?
552 1282 664 1347 quis
700 1283 787 1330 illo
821 1281 1060 1344 gravior?
1084 1280 1195 1344 quis
1223 1280 1424 1342 sapien·

364 1360 463 1408 tior
478 1357 514 1406 ?’
549 1360 733 1408 Dictus
760 1367 931 1407 autem
956 1358 1202 1420 sapiens?
1225 1366 1281 1406 ut
1302 1358 1426 1406 Plu·

359 1434 570 1485 tarchus
609 1433 970 1500 refert‚quod,
1005 1434 1316 1483 adversante
1353 1434 1426 1481 lo·

358 1511 623 1574 cnpletnm
647 1509 894 1565 factione,
928 1510 1136 1559 destitit
1158 1523 1426 1558 succurre-

359 1602 416 1636 re
434 1588 533 1649 legi
559 1586 792 1647 agrarian
830 1586 981 1635 Bern.

425 1664 636 1726 Metelli]
669 1664 737 1711 Et
764 1663 821 1711 L.
845 1660 1065 1722 Caecilii,
1099 1661 1185 1725 qui
1223 1661 1337 1723 pius
1372 1661 1422 1709 in

356 1740 501 1789 Deos
526 1741 641 1799 fuit,
666 1746 851 1800 erepto
884 1753 948 1786 ex
985 1737 1224 1787 incendio
1251 1739 1423 1786 Palla-

355 1816 467 1877 dio,
483 1816 653 1879 (Plin.
673 1814 813 1863 Hist.
834 1815 958 1863 Nat.
977 1828 1083 1862 vn.
1102 1817 1184 1862 43.
1208 1815 1424 1877 Dionys.

355 1893 619 1957 Antiquit.
658 1892 744 1941 lib.
770 1891 864 1954 tt.)
894 1898 948 1940 et
981 1891 1048 1941 Q.
1085 1892 1309 1949 Metelli,
1335 1893 1421 1954 qui

353 1970 472 2031 pius
517 1969 568 2018 in
616 1977 839 2031 patrem,
888 1982 1039 2030 quem
1075 1967 1321 2030 lacrymis
1365 1975 1420 2016 et

352 2045 599 2107 precibus
622 2045 687 2093 ab
710 2043 866 2093 exilio
901 2045 1202 2106 revocavit3
1238 2043 1321 2092 cui
1356 2044 1418 2091 Ρ.

354 2121 543 2170 Furius
581 2121 703 2171 trib.
745 2120 886 2184 pleb.
932 2119 1230 2170 resistebat.
1298 2120 1420 2171 Val.

352 2198 501 2246 Max.
527 2212 582 2245 v.
603 2203 653 2248 2.
673 2201 721 2245 7.
754 2198 905 2244 Idem.

422 2274 635 2337 Metelli]
692 2273 912 2325 Quincti
956 2287 1146 2336 nempe
1194 2271 1417 2333 Metelli,

351 2351 581 2400 maxima
634 2350 834 2414 pietate
900 2349 951 2397 iu
1010 2358 1211 2410 patrem
1270 2348 1416 2405 clari,

350 2441 507 2491 quem
551 2425 789 2491 lacrymis
830 2425 895 2474 ab
936 2425 1092 2474 exilio
1140 2426 1416 2476 revocavit.

352 2505 651 2553 Memorsnt
676 2504 793 2553 Val.
819 2503 965 2550 Max.
992 2515 1042 2550 v.
1065 2506 1113 2550 2.
1138 2510 1191 2551 et
1216 2502 1414 2565 Appia-

351 2594 449 2629 nus
476 2579 629 2629 Alex.
652 2580 716 2629 de
753 2579 912 2627 Bellis
946 2579 1058 2629 Civ.
1086 2579 1174 2628 lib.
1203 2594 1240 2628 1.
1308 2579 1413 2628 Sed

349 2655 595 2705 laudatur
635 2658 788 2703 etiam
827 2670 857 2703 a
899 2656 1073 2703 Plinio
1109 2657 1312 2719 Majore
1359 2664 1413 2705 et

351 2732 606 2796 Dionysio
637 2732 903 2781 Halicarn.
937 2732 996 2780 L.
1020 2732 1260 2780 Caecilius
1299 2733 1412 2780 Me·

352 2808 634 2873 tellus,qui
663 2809 775 2871 pius
812 2808 859 2855 in
901 2809 1042 2856 Deos
1084 2809 1281 2869 extitit,
1306 2823 1412 2856 ser-

351 2891 474 2933 vato
500 2883 564 2932 ab
590 2882 829 2932 incendio
856 2883 1106 2932 Palladio.
1143 2884 1363 2932 Putat-ol.

418 2960 537 3010 Nisi
580 2961 661 3023 qui
702 2965 772 3009 est
803 2959 1040 3022 omnibus]
1091 2959 1220 3007 Haec
1257 2960 1413 3009 verba

351 3050 623 3099 perperam
647 3036 835 3083 omissa
859 3035 1045 3083 suntin
1062 3034 1243 3083 codice
1269 3037 1413 3083 Vati·

350 3130 483 3166 cano
528 3120 671 3166 1776.
702 3123 756 3164 et
798 3115 850 3163 in
886 3115 1096 3163 Veneto
1132 3117 1178 3162 1.
1235 3115 1413 3163 Codex

349 3194 633 3243 Vaticanus
660 3195 808 3240 3461.
833 3198 885 3239 et
919 3190 1412 3254 Guelpherbytanns

346 3269 547 3318 habent
585 3266 680 3315 nisi
718 3266 802 3330 qui
842 3270 913 3315 est
946 3268 1166 3329 optimus.
1234 3265 1415 3314 Codex

350 3345 590 3393 Venetus
613 3347 661 3392 2.
698 3342 1008 3405 patavinus,
1042 3349 1097 3389 et
1132 3356 1294 3402 meus,
1316 3342 1414 3389 nisi

347 3422 514 3483 quiaest
538 3419 749 3469 omnibus
769 3417 989 3481 optimus.
1028 3416 1220 3465 Eadem
1247 3419 1411 3481 serip-

349 3506 467 3547 tura
501 3497 681 3546 extitit
719 3508 923 3558 qnoque
965 3493 1017 3541 in
1044 3491 1225 3541 codice
1259 3494 1413 3543 Salis·

347 3573 625 3637 burgensi3
662 3570 754 3620 sed
801 3570 1060 3634 posterior
1095 3584 1275 3618 manus
1326 3585 1410 3618 vo·

345 3665 460 3701 cem
484 3651 686 3713 optimus
708 3647 965 3696 convertit
988 3647 1036 3693 in
1062 3646 1270 3708 optimis.
1314 3644 1411 3694 At-

344 3741 448 3791 que
472 3726 544 3774 ita
568 3724 720 3788 vulgo
747 3723 932 3785 ubique
956 3721 1149 3770 editum
1186 3729 1285 3777 est,
1315 3721 1412 3770 nisi

344 3805 427 3867 qui
445 3809 515 3853 ese
538 3803 751 3851 omnibus
778 3800 970 3864 optimis
1002 3799 1052 3847 in
1080 3814 1167 3848 sua
1189 3799 1411 3862 cuiusque

343 3880 482 3928 laude
503 3878 830 3942 proestantior.
895 3875 1001 3924 Sed
1027 3877 1139 3940 quis
1176 3890 1276 3924 non
1309 3877 1411 3924 ani·

344 3955 645 4010 madvertit,
663 3952 788 4001 illud
806 3954 994 4017 optimis
1015 3953 1099 4001 bic
1119 3954 1296 4017 utique
1321 3955 1409 4001 ab·

345 4030 567 4087 undare,
590 4038 646 4078 et
675 4032 789 4078 sine
829 4028 988 4078 dubio
1028 4029 1146 4078 ideo
1183 4030 1410 4092 irrepsis-

343 4124 420 4167 se.
459 4107 596 4170 quod
638 4108 861 4155 oscitsns
908 4107 1114 4168 qnidam
1154 4106 1412 4170 librarius,

344 4198 499 4249 quem
546 4183 795 4246 deinceps
835 4183 1009 4245 plures
1055 4188 1177 4231 suut
1221 4185 1407 4238 secuti,

345 4260 583 4326 proxime
629 4258 1031 4309 antecedentem
1077 4272 1256 4309 vocem
1293 4261 1410 4323 opti·

2399 358 2570 427 1061

1509 530 1614 564 mas
1639 515 2223 579 inutiliter,repetierit;
2257 531 2409 582 quam
2431 524 2577 582 post·

1507 592 1620 642 haec
1645 593 1749 648 alii,
1776 593 1910 643 sicut
1935 593 1984 642 in
2010 593 2188 643 codice
2211 593 2575 658 salisburgen-

1505 671 1548 717 si
1586 669 1988 728 observavimus,
2012 680 2066 718 ut
2090 686 2153 718 ea
2183 684 2298 719 cum
2325 685 2453 720 voce
2476 686 2573 719 om-

1506 743 1645 792 nibus
1688 746 2012 801 conveniret,
2055 746 2104 793 in
2150 760 2322 794 casum
2366 753 2573 795 sextum

1505 820 1699 883 optimis
1742 827 2026 870 mutarunt.
2094 823 2226 872 Qnae
2272 822 2571 884 corruptela

1506 898 1660 945 etiam
1686 896 1914 945 suboluit
1939 897 2209 956 Gesnero;
2236 896 2355 945 inde
2375 898 2424 945 in
2442 898 2572 947 alte·

1506 987 1563 1020 ra
1582 973 1809 1021 editione
1835 987 2012 1021 vocem
2033 972 2225 1034 optimis
2247 974 2453 1021 curavit
2477 988 2571 1021 un-

1505 1050 1635 1097 cinis
1691 1048 2077 1108 includendam,
2121 1054 2369 1111 tanquam
2421 1048 2572 1098 nimis

1505 1125 1877 1185 luxuriantem,
1920 1130 1975 1172 et
2026 1122 2163 1173 forte
2210 1124 2574 1186 imprudenter

1505 1209 1708 1251 tantum
1737 1201 1834 1250 buc
1870 1202 2087 1250 relatam
2124 1216 2186 1250 ex
2226 1200 2573 1264 praecedenti-

1505 1278 1618 1325 bus.
1685 1277 1951 1336 Ceterum,
1990 1278 2038 1324 in
2078 1276 2416 1339 sequentibus
2457 1285 2573 1326 ver·

1504 1357 1602 1412 bis,
1626 1357 1677 1405 in
1708 1371 1795 1404 sua
1818 1356 2040 1418 cuiusque
2073 1357 2209 1404 laude
2240 1355 2569 1418 praestantior,

1503 1433 1790 1481 Patavinus
1813 1432 1997 1486 codex,
2023 1440 2075 1480 et
2102 1434 2233 1480 liber
2266 1432 2451 1487 Vossii,
2476 1446 2571 1497 pro

1503 1523 1625 1556 casu
1672 1509 1902 1557 secundo
1943 1509 2182 1572 cujusque,
2226 1518 2570 1571 reposuerunt

1501 1598 1676 1633 casum
1701 1586 1920 1648 primum
1944 1586 2156 1646 quisque.
2190 1587 2451 1635 Sclmarz.

1566 1661 1687 1710 Post
1709 1667 1889 1710 ceteras
1909 1662 2243 1724 appellationes
2265 1662 2363 1709 hoec
2391 1668 2463 1711 est
2485 1665 2572 1713 ad-

1498 1737 1622 1793 dita,
1644 1744 1696 1785 ut
1733 1736 1905 1799 major]
1939 1739 2151 1786 Scilicet
2189 1745 2303 1799 post
2337 1740 2571 1802 appella-

1500 1816 1670 1863 tiones
1691 1816 1705 1842 ‘
1726 1813 2102 1876 Imperatoris:
2121 1817 2135 1842 ⁸
2154 1814 2406 1875 Caesaris,'
2431 1819 2445 1843 ‘
2464 1813 2572 1864 Au·

1499 1889 1675 1952 gusti‚'
1695 1892 1710 1918 ‘
1732 1889 2072 1950 Germanici,'
2094 1892 2109 1918 ‘
2139 1891 2314 1939 Patris
2339 1891 2521 1953 patrioe
2537 1889 2572 1952 ς’

1499 1966 1703 2031 quibus,
1729 1974 1787 2015 nt
1811 1968 2104 2022 Catanaeus.
2125 1974 2179 2014 et
2211 1981 2274 2014 ex
2304 1966 2401 2015 hoc
2431 1967 2570 2015 Bau-

1498 2043 1631 2099 nius,
1653 2043 1762 2106 jam
1799 2044 2018 2099 notavit,
2044 2051 2165 2092 ante
2200 2042 2421 2091 donatus
2455 2050 2569 2093 erat

1495 2119 1774 2181 Trajanus,
1797 2134 1949 2182 quam
1975 2126 1990 2148 ‘
2008 2121 2251 2182 Optimus
2268 2119 2282 2140 ’
2307 2121 2569 2182 cognomi·

1495 2204 1730 2244 naretur.
1815 2196 1877 2244 In
1925 2196 2185 2244 Patavino
2228 2196 2429 2250 codice,
2471 2210 2565 2256 pro

1496 2286 1626 2319 voce
1648 2273 1835 2330 additu,
1861 2272 2052 2335 legitur
2079 2272 2272 2329 debilem
2307 2279 2360 2320 et
2385 2273 2436 2320 in
2464 2273 2566 2321 Pa·

1494 2348 1699 2396 risiensi
1727 2349 1967 2396 inseritur
1991 2349 2110 2403 alia,
2133 2349 2318 2404 addita,
2343 2354 2393 2395 ut
2417 2349 2567 2397 omni-

1492 2425 1582 2475 bus
1608 2425 1772 2486 mqp’or.
1842 2426 1951 2475 Nos
1977 2433 2145 2475 tamen
2171 2425 2296 2475 nihil
2331 2424 2450 2475 inde
2475 2439 2564 2475 no-

1493 2517 1669 2551 vamus
1697 2503 1748 2551 in
1775 2503 2001 2551 lectione
2029 2504 2254 2564 vulgata.
2291 2502 2437 2551 Idem.

1558 2580 1747 2642 Major]
1782 2580 2026 2630 Omnino.
2072 2582 2264 2629 Cetera
2288 2580 2422 2630 enim
2443 2594 2564 2643 cog-

1490 2660 1716 2716 nomina,
1760 2666 1772 2686 ⁴
1800 2658 1981 2716 Felix,'
2016 2661 2030 2685 ⁴
2057 2657 2224 2715 Pius‚'
2257 2665 2271 2686 ¹
2300 2657 2526 2720 Magnus
2548 2647 2564 2670 ⁹

1490 2734 1635 2799 (quae
1671 2736 1686 2762 ‘
1714 2736 1919 2783 uomina
1967 2733 2168 2784 fausta’
2216 2734 2361 2783 Suet.
2395 2734 2562 2797 Calig.

1489 2825 1607 2874 cap.
1636 2816 1715 2862 13.
1749 2813 1764 2840 ‘
1787 2811 1991 2860 nomina
2018 2809 2376 2874 triumphalia·
2412 2812 2564 2860 Lam-

1490 2889 1660 2951 pridio
1706 2890 1757 2938 in
1800 2888 2113 2951 Commodo)
2147 2888 2360 2938 ‘honori
2399 2886 2562 2938 data.'

1487 2965 1612 3012 Seu.
1634 2964 1798 3013 Clem.
1825 2978 1862 3012 t.
1886 2968 1964 3013 14.
2003 2965 2150 3013 Beris.

1563 3042 1625 3088 Et
1670 3039 1964 3102 Augustum]
2019 3040 2196 3089 Codex
2242 3038 2560 3089 Parisieusis

1492 3114 1639 3163 addit
1663 3115 1874 3162 verbum
1898 3115 2017 3174 dici,
2043 3123 2099 3163 nt
2134 3117 2210 3163 sic
2241 3116 2490 3178 legamus,
2513 3122 2562 3165 et

1490 3190 1764 3252 Augustum
1786 3192 1917 3249 dics]
1952 3191 2090 3256 qnod
2114 3192 2322 3240 verbum
2350 3206 2452 3240 nou
2478 3207 2558 3241 re-

1479 3268 1717 3330 jicerem,
1740 3268 1779 3315 si
1804 3269 1854 3316 in
1881 3267 2115 3330 pluribus
2139 3267 2281 3316 libris
2301 3269 2559 3331 reperire·

1490 3352 1591 3392 tur.
1659 3344 2118 3406 Negligentissime
2153 3354 2326 3395 autem
2361 3346 2559 3396 librarii

1489 3419 1685 3469 codicis
1711 3421 2142 3487 salisburgensis,
2164 3433 2218 3471 et
2243 3424 2362 3484 mei,
2387 3424 2556 3474 verbis

1487 3498 1582 3553 his,
1601 3514 1740 3560 quum
1762 3498 1974 3546 omnibus
1989 3500 2365 3561 imperatoribus,
2378 3507 2425 3551 et
2450 3504 2556 3550 Coe-

1486 3574 1690 3629 saribus,
1726 3581 1775 3623 et
1807 3574 2060 3637 Augustis,
2101 3577 2305 3639 penitus
2338 3579 2556 3642 omissis,

1487 3652 1762 3713 scripsere,
1807 3651 1976 3700 Minus
2018 3658 2091 3701 est
2128 3654 2270 3710 enim,
2307 3654 2557 3717 imperato-

1486 3741 1603 3780 rem,
1645 3731 1691 3775 et
1739 3727 1994 3788 Caesarem,
2034 3733 2082 3777 et
2124 3731 2415 3792 Angustum,
2455 3745 2556 3779 esse

1485 3803 1742 3853 meliorem.
1780 3804 2043 3853 Schwarz.

1555 3881 1740 3929 Parem
1778 3879 2018 3929 hominum
2049 3879 2373 3944 Deorumque]
2425 3882 2471 3930 1.
2506 3896 2555 3931 e.

1484 3957 1729 4021 Jupiter;
1764 3971 1901 4013 nam,
1924 3958 2161 4006 tradente
2193 3958 2304 4005 Cic.
2327 3957 2392 4004 de
2427 3958 2555 4007 Nat.

1487 4034 1650 4082 Deor.
1687 4046 1751 4081 tt.
1785 4036 1868 4079 2⁵.
1907 4032 1923 4057 ‘
1948 4031 2070 4093 Ipse
2103 4032 2330 4094 Jupiter,
2366 4031 2416 4080 id
2453 4042 2556 4096 est,

1476 4108 1667 4171 juvans
1704 4108 1897 4165 Putem
1937 4122 2088 4170 quem
2124 4108 2387 4156 conversis
2422 4110 2554 4159 casi-

1488 4185 1583 4232 bus
1619 4184 1942 4247 appellamus
1977 4196 2010 4231 a
2036 4182 2267 4245 juvando
2295 4183 2500 4239 Jovern‚
2524 4201 2554 4235 a

1487 4258 1655 4324 poetis
1689 4259 1848 4308 Pater
1874 4258 2168 4324 Divumque
2192 4259 2551 4327 bominumque
