3060 4902
790 368 856 416 c.
903 367 1145 419 pmmr
1193 369 1528 425 saeuum
1578 376 1857 431 ranno.
1932 382 1980 431 ι.
2023 368 2138 435 52.

339 504 567 559 Placidii
589 504 972 575 Valentiniani,
1002 511 1339 581 aliorumque,
1362 516 1416 567 iu

336 585 561 636 nummis
592 587 971 654 consularibus,
994 603 1209 654 qnorum
1240 595 1418 644 memi-

337 661 416 713 nit
438 662 674 726 cangius
708 666 760 713 ln
796 665 1024 717 Dissert.
1050 668 1115 718 de
1149 668 1418 723 Inferioris

341 740 459 791 AEvi
483 741 919 807 Numismstibus,
935 753 1064 796 sect.
1085 759 1173 797 xv.
1193 763 1313 813 pag.
1335 753 1416 800 12.

343 816 468 868 Huc
505 818 838 872 referendum
874 831 975 888 est,
997 825 1135 889 quod
1171 827 1418 878 Mamert.

343 895 396 945 iu
441 895 642 959 Paneg.
691 899 1015 951 Maximiano
1067 903 1231 966 dicto,
1275 920 1322 956 c.
1368 911 1417 955 8.

342 970 537 1021 nabet:
567 980 584 1001 ‘
601 972 822 1025 Trabea
840 983 1029 1026 vestm
1056 978 1415 1044 triumphales,

341 1054 400 1095 et
421 1046 569 1097 sellas
590 1049 817 1111 curules,
839 1057 895 1100 et
916 1050 1031 1101 baec
1053 1050 1413 1117 obsequiorum

341 1120 581 1185 stipatio,
599 1132 655 1173 et
676 1122 869 1189 fulgor,
883 1133 938 1175 et
962 1127 1051 1176 illa
1072 1129 1161 1178 lux
1182 1130 1415 1182 divinum

344 1200 600 1250 verticem
656 1202 797 1252 claro
856 1204 983 1253 orbe
1038 1207 1415 1271 complectens,

341 1284 635 1327 vestrorum
678 1283 799 1329 snut
842 1291 1148 1333 ornamenta
1202 1287 1414 1337 merito-

341 1366 459 1402 rum
507 1355 855 1417 pulcherrima
909 1364 966 1407 et
1013 1362 1416 1424 augustissima?

343 1429 459 1478 Etsi
482 1443 608 1479 vero
648 1433 823 1496 capita
863 1434 1065 1487 radiata
1104 1437 1156 1486 in
1192 1441 1412 1489 vetustis

340 1507 569 1555 nummis
603 1507 965 1575 lapidibusque
1007 1512 1135 1562 satis
1179 1513 1284 1563 sint
1322 1515 1412 1565 ob-

342 1585 426 1634 via
444 1597 461 1645 ς
488 1585 642 1650 juvat
664 1593 838 1637 tamen
855 1601 989 1639 nunc
1005 1591 1327 1653 potissimum
1345 1607 1412 1642 ex

341 1674 554 1712 nummo
588 1662 837 1714 exhibere
875 1671 1036 1730 caput
1067 1666 1284 1730 Trajani
1324 1683 1409 1718 eo·

342 1749 472 1788 rona
495 1737 700 1788 radiata
733 1747 993 1801 ornatum,
1015 1754 1132 1790 cum
1169 1741 1268 1792 bac
1302 1744 1414 1807 epi·

341 1814 579 1879 grapbe:
633 1816 976 1866 ‘imperatori
1019 1819 1231 1869 caesari
1277 1833 1413 1871 usu-

342 1904 458 1941 vsa
489 1903 751 1943 miano
792 1900 1044 1956 Avousto,
1073 1898 1413 1962 σειιιιιιιιίοο,

337 1969 551 2031 Dacico,
576 1969 818 2019 Pontifici
836 1971 1084 2029 Maximo,
1102 1973 1413 2024 'ruibuuitiae

341 2046 657 2109 Potest-tis,
670 2047 879 2096 consuli
896 2060 971 2097 vx.
992 2048 1142 2098 Patri
1166 2050 1366 2099 Patriae
1380 2050 1416 2113 ς’

337 2135 495 2187 quem
518 2136 781 2172 nummum
809 2123 1038 2187 prodidit
1055 2125 1324 2190 'Begerus,
1353 2128 1414 2178 Τ.

342 2211 415 2248 ιι.
446 2199 703 2249 Thesauri
728 2199 1127 2265 Braudeuburg.
1152 2217 1201 2265 p.
1219 2207 1336 2253 64⁶.
1359 2209 1415 2254 et

339 2277 460 2324 647.
525 2273 774 2325 Quamvis
812 2275 947 2325 enim
978 2276 1235 2340 Trajanus
1270 2286 1413 2337 tunc.

340 2365 461 2401 cum
491 2351 608 2400 bec
636 2352 807 2401 oratio
841 2352 1019 2402 habita
1054 2362 1153 2416 est,
1181 2355 1410 2406 noudum

339 2428 612 2479 admiserit
665 2442 908 2479 coronam
964 2429 1247 2494 radiatam3
1295 2446 1410 2483 eam

342 2514 521 2556 tamen
566 2512 747 2569 postea
788 2505 1071 2571 admisisse,
1114 2516 1205 2558 aut
1260 2518 1409 2560 certe

341 2589 463 2646 post
506 2588 731 2633 mortem
772 2596 804 2632 a
860 2590 1046 2634 senatu
1109 2588 1409 2650 populoque

342 2654 579 2709 Romam
599 2659 886 2724 hujusmodi
907 2674 1101 2711 corona
1135 2662 1408 2727 insignitus

339 2734 523 2793 falsae,
546 2735 768 2786 videtur.
803 2737 953 2787 Idem.

414 3888 699 3956 Minima]
748 3891 851 3945 Qui
904 3892 1110 3946 babitus
1159 3895 1408 3961 Deorum,

343 3973 436 4030 ant
474 3966 748 4019 Divorum.
815 3972 1072 4035 Lucanus,
1126 3974 1410 4025 ‘Fulmini-

345 4044 440 4093 bus
464 4057 659 4103 manes,
684 4045 842 4098 radiis
876 4051 1102 4115 ornabit,
1133 4059 1188 4102 et
1225 4051 1413 4103 astris!

348 4119 484 4169 Nam
508 4120 622 4173 brec
645 4123 863 4190 iusignia
888 4128 1209 4193 principibus
1234 4143 1411 4181 conse·

347 4197 506 4247 cratis
529 4203 790 4263 apposita,
829 4211 885 4255 ut
917 4205 1112 4256 nummi
1142 4206 1295 4259 etism
1318 4207 1410 4259 do·

350 4281 490 4322 cent.
524 4273 662 4339 IAps.

2425 373 2558 443 ⁷55

1561 521 1823 575 Βαάὶαιιιηι
1843 529 2010 593 caput]
2045 527 2407 595 pingebantur
2421 536 2559 586 enlm

1492 613 1610 649 enm
1654 599 1888 666 fulmine,
1929 605 2130 658 radiata
2180 622 2389 667 corona,
2439 625 2556 662 cum

1493 683 1634 727 astro
1673 679 1724 727 iu
1749 681 1965 732 vertice.
2028 684 2044 711 ⁸
2064 684 2415 748 Imperatores
2437 702 2554 740 cuns

1490 752 1709 805 fulmine
1744 758 1913 819 picti‚’
1941 760 2081 810 Piiu.
2108 774 2198 812 ιιι.
2229 768 2278 814 8.
2311 770 2364 814 et
2397 764 2557 830 Apel-

1492 830 1569 880 ies
1617 833 1786 895 pinxit
1838 834 2187 889 Alexandrum
2225 838 2420 892 fulmen
2480 849 2557 894 te·

1491 916 1704 959 nentem
1744 910 1795 960 iu
1833 914 2032 977 templo
2064 916 2313 983 'Ephesiae
2350 920 2558 972 Diauoe.

1491 985 1726 1036 Martini.
1760 999 1843 1039 tx.
1876 994 1960 1040 21.
1995 990 2083 1041 ‘et
2119 992 2214 1042 tibi
2237 994 2418 1045 Cassan·
2447 996 2556 1047 Pro

1482 1062 1665 1125 jaculo
1688 1070 1743 1113 et
1768 1058 1944 1127 parma
1968 1064 2162 1118 fulmen
2184 1075 2239 1118 et
2257 1070 2401 1133 AEgis
2423 1071 2561 1121 erit.'

1493 1137 1626 1189 Quae
1662 1140 1910 1204 pingendi
1934 1144 2069 1193 ratio
2088 1144 2301 1206 videtur
2334 1157 2457 1199 nata
2489 1162 2558 1198 ex

1490 1216 1705 1266 Octavii
1729 1231 1926 1270 somno.
1994 1220 2211 1272 sueton.
2238 1222 2373 1287 Aug.
2402 1237 2451 1274 c.
2472 1229 2558 1275 ⁴9.

1492 1292 1643 1343 Ber-u.

1554 1370 1625 1419 Et
1647 1372 1827 1437 medio]
1865 1372 2090 1423 Honoris
2106 1387 2306 1439 caussa,
2324 1377 2404 1425 vel
2426 1376 2556 1426 mix-

1490 1451 1572 1495 tus
1596 1447 1745 1508 Diis·;
1783 1448 1864 1497 vel
1894 1450 2049 1499 etiam
2083 1451 2221 1501 iuter
2240 1452 2371 1502 duos
2395 1453 2558 1503 medi·

1489 1536 1566 1574 us.
1635 1525 1708 1574 Ut
1733 1525 1970 1590 Caligula
2003 1530 2018 1555 ‘
2037 1528 2174 1578 inter
2197 1527 2387 1581 fratres
2410 1531 2555 1581 Deos

1486 1598 1792 1666 (Castores)
1841 1602 2066 1654 medium
2130 1619 2186 1655 se
2239 1605 2555 1656 adoraudum

1488 1675 1799 1729 adeuntibus
1822 1678 2095 1732 exhibuit!
2159 1682 2373 1732 Suetou.
2405 1684 2555 1734 mvl.

1487 1751 1625 1816 Lips.

1554 1830 1722 1879 Media
1744 1830 1874 1883 inter
1896 1831 2028 1882 Deos
2045 1832 2204 1895 sedes]
2240 1834 2407 1885 Notat
2430 1833 2557 1898 Lip-

1487 1904 1609 1963 sius,
1644 1907 1722 1957 his
1746 1909 1918 1959 verbis
1952 1911 2142 1975 respici
2168 1910 2232 1959 ad
2255 1911 2553 1974 exemplum

1486 1982 1658 2045 Jovis,
1697 1986 2016 2052 aliorumque
2042 1988 2269 2037 Deorum
2302 1988 2553 2052 majorum

1488 2061 1741 2124 gentium,
1785 2064 1871 2127 qui
1927 2064 2173 2114 sedentes
2228 2078 2371 2129 saepe
2411 2063 2553 2129 pingi

1488 2134 1718 2202 fingique
1755 2142 1856 2187 siut
1892 2141 2052 2190 soliti.
2117 2141 2180 2189 lu
2204 2156 2306 2206 qua
2328 2142 2555 2205 explica·

1490 2214 1633 2263 tione
1658 2227 1759 2264 uon
1782 2217 2069 2280 acquiescit
2101 2217 2355 2277 Baudius,
2375 2217 2555 2281 opina·

1489 2296 1571 2339 tus
1604 2290 1818 2341 ‘sedem
1853 2290 2109 2341 mediam’
2143 2293 2228 2343 bic
2265 2294 2553 2355 generatim

1488 2383 1584 2433 pro
1630 2370 1777 2420 ‘ioco
1819 2370 2019 2420 medio·
2063 2370 2184 2422 dici.
2253 2372 2372 2421 Nou
2419 2386 2555 2437 nego

1485 2447 1501 2474 ⁸
1519 2446 1696 2495 sedem
1714 2445 1729 2469 ⁹
1761 2445 2025 2497 interdum
2046 2448 2122 2499 sic
2144 2448 2433 2512 generatim
2459 2462 2554 2513 pro

1483 2525 1499 2551 ⁴
1518 2522 1664 2572 ioco’
1699 2524 1899 2588 accipi3
1934 2526 2032 2582 uti.
2053 2541 2100 2575 v.
2119 2540 2169 2589 g.
2203 2525 2385 2575 Tacito
2410 2526 2553 2578 Hist.

1484 2611 1572 2650 ιιι.
1594 2604 1676 2650 32.
1702 2601 1717 2629 ‘
1733 2603 1885 2652 sedes
1908 2601 2032 2653 belli
2051 2601 2067 2626 ’
2090 2604 2319 2653 dicitur:
2354 2617 2555 2662 verum,

1483 2687 1600 2727 cum
1641 2677 1841 2729 Plinius
1875 2678 2142 2743 subjiciat,
2175 2681 2336 2730 ‘auro
2369 2687 2554 2742 staret,

1486 2762 1577 2806 aut
1612 2755 1810 2820 ebore,'
1846 2757 2023 2808 nescio
2061 2771 2129 2807 au
2163 2765 2310 2807 recte
2345 2757 2556 2807 dicatur

1482 2834 1660 2883 ‘locus
1700 2831 1880 2884 stare.'
1949 2835 2168 2884 Interim
2205 2841 2409 2884 certum
2451 2840 2554 2890 est,

1483 2917 1685 2961 statuas
1729 2912 1984 2966 Deorum.
2026 2913 2221 2976 pariter
2256 2926 2319 2961 ac
2360 2912 2554 2975 princi·

1482 3001 1627 3052 pum,
1669 2989 1851 3038 habitu
1905 2988 2196 3038 sedentium
2243 2988 2551 3051 plerumque

1480 3063 1607 3127 flugi
1628 3064 1808 3114 solitas
1830 3080 1845 3125 ς
1883 3068 2060 3128 prout,
2075 3063 2303 3113 docente
2321 3062 2554 3126 Figrelio

1480 3139 1548 3189 de
1570 3141 1768 3190 statuis
1791 3140 2083 3191 Illustrium
2117 3141 2481 3192 Romanorum.
2505 3153 2552 3188 c.

1480 3222 1562 3266 82.
1606 3219 1841 3281 inprimis
1881 3221 2325 3279 consecratorum,
2359 3216 2554 3266 nummi

1480 3296 1793 3357 complures,
1828 3294 1979 3355 Julii,
2007 3293 2250 3356 Augusti,
2287 3294 2469 3350 Liviae.
2498 3301 2554 3343 et

1481 3371 1726 3432 aliorum,
1748 3369 1883 3435 apud
1910 3370 2168 3426 Uchium,
2206 3385 2257 3434 p.
2282 3374 2363 3421 28.
2396 3377 2448 3418 et
2469 3374 2554 3419 32.

1480 3445 1781 3496 ostendunt.
1851 3446 2048 3502 Etiam.
2075 3444 2338 3495 referente
2367 3446 2553 3495 Tacito

1484 3521 1622 3570 Anu.
1646 3534 1741 3572 xv.
1765 3525 1850 3572 29.
1890 3523 1943 3570 in
1980 3521 2152 3571 medio
2184 3523 2422 3571 exercitu
2449 3521 2555 3571 Ro·

1482 3613 1634 3650 mano
1675 3606 1729 3650 et
1768 3600 2038 3658 Parthico,
2069 3599 2085 3627 ‘
2108 3598 2335 3650 tribunal
2375 3600 2554 3651 sedem

1480 3675 1732 3732 curulem,
1771 3682 1826 3724 et
1862 3676 2017 3726 sedes
2053 3674 2274 3741 effigiem
2310 3677 2554 3732 Neronis,

1482 3751 1812 3802 sustinebat.’
1877 3753 1981 3818 Sic,
2015 3767 2132 3804 eum
2170 3753 2437 3803 Macrinus
2461 3754 2555 3802 im-

1484 3834 1701 3891 perator
1749 3828 2055 3880 Bassianum
2104 3830 2240 3881 inter
2275 3829 2438 3880 Divos
2476 3842 2554 3878 re·

1485 3903 1615 3953 ferri
1667 3911 1895 3966 curaret,
1942 3906 2069 3957 duas
2125 3907 2284 3956 etiam
2354 3912 2558 3954 statuas

1486 3981 1731 4032 sedentes
1762 3982 1861 4048 ipsi
1889 3983 2142 4047 decrevit,
2179 3991 2235 4033 ut
2273 3982 2433 4033 tradit
2457 3982 2557 4031 Ca-

1487 4058 1736 4122 pitolinus
1769 4059 1820 4108 in
1842 4060 2101 4123 Macrino,
2122 4073 2241 4123 cap.
2263 4062 2314 4107 6.
2381 4057 2558 4106 Medi·

1487 4147 1549 4184 us
1585 4143 1756 4185 antem
1800 4137 1943 4187 locus
1986 4150 2081 4200 pro
2123 4134 2453 4186 honoratiore
2498 4142 2556 4186 et

1488 4210 1756 4275 praecipuo
1782 4211 2027 4262 Romanis
2050 4210 2355 4262 habebatur.
2412 4209 2556 4262 Hinc

1488 4287 1679 4352 virgil.
1716 4288 1782 4339 de
1818 4287 2078 4352 Augusto,
2111 4287 2306 4352 Geor-g.
2341 4300 2430 4341 m.
2472 4294 2552 4341 18.
