3060 4902
721 413 787 459 G.
833 409 1069 461 Pan-lu
1122 408 1454 461 8801]an
1506 410 1787 460 PANEG.
1865 412 1915 459 t.

302 549 549 608 debuerit,
587 567 620 601 a
656 552 790 602 vobis
824 555 973 612 atis,-
1002 554 1100 603 hoc
1138 560 1235 616 est,
1268 568 1360 616 per

299 643 401 690 vos,
421 636 475 676 et
497 641 597 691 per
620 629 792 692 ipsam
826 639 1060 678 naturam
1099 630 1221 678 estis
1257 628 1359 677 fra-

300 711 414 766 tres,
448 707 551 752 dte.
597 719 699 754 nec
746 720 874 768 opus
917 713 1016 764 est,
1061 713 1119 754 ut
1161 706 1287 754 tales
1328 720 1360 753 a

296 780 525 844 principe
561 780 938 842 declaramini;
974 789 1032 831 ut
1068 781 1254 831 Cicero
1284 782 1359 830 lo-

300 858 467 921 quitur
503 857 571 905 de
610 857 729 906 Fin.
762 872 823 906 ιι.
857 862 940 907 24.
974 858 1111 907 ‘Sed
1138 858 1305 921 ipsum
1328 872 1359 905 a

299 947 350 981 se
392 935 578 989 oritur.
624 943 684 984 et
724 950 818 984 sua
861 941 1049 999 sponte
1094 932 1361 984 nascitur.’

298 1010 483 1059 Verum
528 1024 636 1060 non
683 1025 813 1074 opus
852 1018 936 1060 est
979 1010 1149 1075 aliqua
1193 1017 1357 1058 uinta-

299 1086 453 1148 tione,
485 1101 605 1137 cum
648 1095 706 1136 et
747 1087 953 1136 dativus
987 1086 1240 1136 commodi
1276 1087 1357 1134 hic

299 1162 460 1211 locum
501 1163 699 1213 habere
744 1163 928 1226 possit.
971 1163 1113 1225 quasi
1157 1162 1359 1210 Plinius

299 1237 502 1301 dixerit,
543 1238 815 1304 Quidquid
851 1237 1105 1288 commodi
1141 1252 1204 1286 ex
1244 1252 1356 1286 ves-

303 1320 377 1363 tra
408 1317 723 1379 cognatione
753 1314 1047 1364 redundare
1072 1320 1267 1376 potest,
1291 1313 1355 1361 ad

302 1403 385 1438 vos
425 1405 518 1453 per
560 1398 805 1441 naturam
849 1391 1101 1453 pertinet,
1144 1403 1249 1438 non
1292 1388 1356 1437 ad

300 1464 488 1516 tisenm.
551 1467 818 1530 Josephus
848 1467 1101 1529 Scaliger,
1132 1480 1356 1515 comme·

299 1549 527 1591 morante
558 1543 763 1593 Thoma
802 1543 1031 1599 Hearne,
1071 1543 1145 1591 sic
1190 1544 1355 1592 locum

298 1617 427 1668 bunc
460 1618 743 1681 legendum
771 1620 974 1669 censuit
998 1635 1012 1668 ι
1056 1620 1158 1668 Cur
1187 1621 1359 1681 egetis,

298 1699 351 1742 nt
366 1693 503 1743 sitis?
557 1694 701 1744 Vobis
722 1700 792 1744 est
812 1695 872 1756 is,
893 1695 975 1758 qui
992 1709 1078 1758 pro
1097 1700 1252 1744 cetera
1273 1709 1359 1744 sua
1428 1703 1431 1706 '

298 1770 632 1826 mione.
652 1773 735 1831 qe.
802 1771 893 1820 Sic
912 1771 1036 1820 satis
1060 1770 1356 1832 ingeniose;

300 1845 385 1896 sed
438 1849 550 1897 sine
609 1847 817 1896 calculo
860 1853 1082 1896 vetustae
1140 1847 1358 1909 alicujus

297 1925 637 1975 auctoritatis.
702 1925 850 1973 Bene
880 1930 1017 1973 stare
1052 1929 1226 1987 potest
1251 1926 1357 1973 vul·

298 2008 414 2064 gata
445 2001 631 2061 lectio,
660 2001 715 2049 in
750 1999 1124 2063 posterioribus
1151 2000 1359 2061 verbis;

299 2091 479 2141 neque,
502 2085 561 2127 ιιι
586 2076 901 2127 Arntzenins
925 2085 1093 2141 putat,
1106 2077 1213 2140 jam
1239 2085 1360 2127 ante

299 2152 430 2205 idem
464 2154 681 2205 dixerat
708 2154 929 2205 Plinius.
998 2155 1221 2204 Dixerat
1249 2157 1360 2219 qui-

301 2229 412 2279 dem
448 2245 634 2295 supra,
661 2233 680 2259 ⁸
698 2231 914 2281 Sorores
948 2231 1111 2288 estis,'
1132 2235 1232 2281 &c.
1266 2231 1357 2282 sed

302 2317 398 2354 non
439 2305 672 2361 dixerat,
712 2306 968 2356 ‘Sorores
1014 2308 1158 2357 vobis
1203 2308 1363 2357 estis.'

301 2379 537 2431 flentem.

363 2457 554 2521 Quin]
579 2457 735 2510 Hanc
750 2456 1103 2523 interrogandi
1128 2465 1182 2508 et
1200 2459 1359 2508 admi-

300 2533 441 2583 randi
480 2549 671 2585 vocem
699 2535 905 2584 restitui
948 2550 977 2585 e
1006 2535 1184 2585 codice
1217 2550 1363 2598 meo;

298 2625 407 2673 qun
428 2612 593 2662 etium
611 2612 925 2661 conveniens
942 2617 1023 2660 est
1044 2612 1163 2661 stilo
1183 2612 1361 2672 Plinii,

300 2695 479 2751 utpote
498 2689 672 2753 quiet
695 2688 820 2737 alibi
837 2689 1124 2738 sententias
1145 2690 1216 2738 sic
1240 2704 1362 2738 con-

299 2766 492 2828 nectit;
535 2780 581 2813 v.
617 2781 668 2829 g.
705 2779 837 2816 111¹.
871 2770 920 2815 8.
955 2768 971 2794 ⁸
997 2766 1174 2818 Quid?
1206 2780 1361 2830 quum

301 2843 542 2892 solatium
567 2841 733 2898 fessis,
769 2843 921 2906 aegris
957 2856 1128 2905 opem,
1163 2841 1365 2892 ferres.'

304 2928 472 2968 xzvn.
500 2922 553 2967 1.
583 2926 599 2947 ⁸
623 2918 759 2970 Quid
785 2918 803 2964 ?
835 2918 1023 2979 vitam3
1059 2917 1220 2982 quid?
1255 2934 1362 2967 mo·

300 3006 381 3042 res
423 2993 744 3059 juventutis,
800 3009 951 3057 quam
1006 2994 1364 3056 principaliter

302 3067 546 3120 formul·
604 3083 780 3121 nxxx.
808 3075 854 3119 l.
881 3076 896 3098 ‘
919 3069 1091 3122 Quid?
1128 3071 1179 3119 in
1203 3072 1361 3120 omni-

304 3143 394 3193 bns
416 3146 806 3208 cognitionibus
828 3160 976 3210 quam
1002 3147 1139 3195 mitis
1172 3147 1362 3197 severi-

302 3226 378 3270 tas
396 3221 428 3270 l’
477 3221 621 3272 Olim
644 3222 693 3270 in
718 3221 954 3271 omnibns
978 3222 1363 3285 exemplaribus

305 3296 398 3351 Qun·
447 3311 545 3360 pro
600 3297 732 3352 Quid
780 3296 1069 3360 legebatur.
1155 3297 1363 3361 Lipsius

301 3374 617 3436 conjecerat,
652 3372 1004 3437 reponendum
1040 3371 1176 3423 forte
1203 3375 1366 3433 Quin,-

300 3447 390 3497 sed
442 3449 719 3498 certiorem
771 3449 1081 3512 scripturam
1132 3452 1365 3514 suggerit

303 3522 468 3572 codex
507 3531 707 3585 noster,
743 3524 888 3587 cujus
924 3525 1169 3575 indicium
1208 3528 1362 3576 etiam

304 3599 469 3649 secuti
493 3606 616 3649 sunt
638 3599 905 3650 Gesnerua
939 3608 996 3650 et
1028 3600 1363 3652 Arntzenius.

367 3751 506 3800 Der-e
541 3750 874 3816 hereditatem]
912 3752 1029 3801 Non
1060 3752 1367 3816 simpliciter

306 3826 615 3877 invidiosum
640 3835 718 3876 est
752 3829 866 3877 dare
898 3829 1238 3889 hereditatem3
1273 3830 1363 3879 sed

307 3907 427 3952 tnnc
448 3901 680 3961 demum,
701 3903 744 3951 si
772 3902 1013 3966 princeps
1038 3904 1198 3953 videri
1227 3906 1368 3968 velit,

304 3991 371 4026 ex
391 3977 638 4041 singulari
671 3979 837 4041 gratia
860 3985 913 4028 et
936 3980 1215 4030 clementia
1238 3981 1366 4031 dare

306 4054 452 4103 alicui
477 4052 845 4109 hereditatem.
867 4054 951 4103 cui
978 4063 1149 4104 tamen
1175 4069 1238 4104 ea
1256 4056 1364 4117 jam

306 4128 416 4192 ipso
438 4130 561 4195 jure
598 4138 816 4191 natum,
859 4138 1072 4194 propter
1107 4132 1367 4194 sanguinis

307 4206 748 4270 conjunctionem,
772 4205 1043 4256 debeatur.
1080 4207 1248 4257 Recte
1267 4209 1365 4258 Te-

311 4290 439 4338 rent.
456 4282 628 4335 Andr.
653 4295 718 4336 ιι.
732 4286 781 4334 1.
797 4285 881 4333 80.
901 4283 917 4313 ⁸
935 4284 1049 4348 1⁴:30
1065 4283 1367 4349 neutiquam

1959 393 2067 460 39.
2366 393 2499 461 669

1436 552 1661 602 officium
1708 555 1854 603 liberi
1909 553 2125 603 hominis
2181 567 2294 604 csse
2350 561 2497 620 puto,

1437 630 1567 679 Cum
1594 632 1634 677 is
1659 631 1780 678 nihil
1810 638 2118 693 promereat,
2144 632 2425 693 postulare,
2444 633 2496 683 id

1434 707 1622 768 gratiae
1664 708 1854 768 apponi
1895 706 2027 761 sil›i‚’
2063 709 2094 755 i.
2119 720 2166 754 e.
2204 708 2496 771 interprete

1433 783 1666 843 Donato,
1698 784 1816 832 Non
1845 791 1969 845 puto
1994 785 2247 833 homiuem
2281 785 2493 838 liberum

1435 866 1489 907 et
1514 859 1814 921 ingenuum,
1846 860 1952 923 qui,
1977 876 2091 909 cum
2117 861 2238 908 nihil
2264 870 2496 923 praestet,

1434 934 1613 982 haberi
1666 936 1883 998 gratiam
1933 935 2030 983 sibi
2092 944 2287 999 poscat.
2354 937 2495 988 Hinc

1435 1009 1648 1060 Phaedr.
1673 1024 1710 1059 ι.
1737 1015 1821 1060 22.
1843 1015 1891 1060 8.
1922 1015 1937 1039 ⁸
1965 1012 2087 1060 Noli
2125 1012 2378 1074 imputare
2405 1028 2491 1063 va·

1435 1099 1554 1133 num
1581 1086 1887 1135 beneficium
1912 1085 2073 1135 milii!
2109 1087 2259 1136 Idem.

1500 1161 1659 1224 Dare]
1698 1163 1850 1210 Nova
1891 1163 2166 1223 petitione,
2200 1176 2352 1226 qnam
2387 1178 2496 1213 sus·

1435 1237 1576 1298 tulit,
1601 1246 1654 1286 et
1679 1240 1835 1287 semel
1862 1238 2095 1287 universe
2118 1238 2285 1289 dedit.
2322 1240 2459 1303 Lips.

1501 1313 1651 1362 Adire
1688 1314 1905 1375 honores]
1944 1314 2005 1362 In
2042 1315 2255 1363 coloniis
2291 1318 2499 1365 vestris.

1436 1386 1555 1435 Hoc
1596 1388 1729 1435 enim
1770 1390 1832 1437 ad
1874 1389 2084 1438 Latinos
2124 1391 2369 1453 pertinet,
2407 1394 2497 1456 qui

1435 1463 1522 1528 (ut
1568 1463 1701 1527 dixi)
1743 1465 2008 1514 civitatem
2057 1467 2338 1517 Romanam
2383 1470 2492 1518 adi-

1435 1539 1792 1602 piscebantur,
1830 1539 1966 1589 domi
1999 1540 2276 1590 honoribus
2313 1544 2490 1607 gestis.

1436 1615 1591 1664 Idem.

1498 1693 1650 1741 Adice
1677 1692 1897 1756 honores]
1948 1695 2227 1746 Aberravit
2266 1696 2498 1751 calamna

1435 1768 1629 1818 librarii
1656 1771 1705 1818 in
1732 1772 1911 1819 codice
1927 1772 2186 1820 Vaticano
2204 1775 2350 1822 3461.
2370 1773 2494 1823 dnm

1434 1859 1526 1908 pro
1570 1847 1701 1895 adite
1755 1847 1924 1909 pinxit
1965 1849 2147 1895 audite.
2218 1848 2314 1897 His
2369 1863 2494 1899 vero

1436 1921 1609 1970 verbis
1658 1922 1854 1970 Plinius
1914 1924 2211 1972 nominatim
2263 1924 2494 1975 homines

1436 1998 1760 2062 Latinijuris
1786 1998 2049 2047 adhortari
2073 1998 2300 2055 videtur,
2324 2008 2383 2050 nt
2404 2000 2496 2051 ho·

1437 2088 1587 2121 nores
1611 2080 1665 2122 et
1699 2075 2028 2136 magistratus
2059 2077 2111 2124 in
2146 2077 2359 2125 coloniis
2392 2078 2496 2126 suis

1433 2151 1733 2213 suscipiant,
1772 2166 1864 2214 per
1899 2165 2044 2214 quos,
2070 2151 2181 2214 jam
2207 2153 2348 2200 salva
2375 2167 2495 2216 cog·

1435 2226 1643 2274 natione
1684 2227 1928 2281 naturali,
1964 2225 2159 2275 aditum
2204 2228 2269 2276 ad
2317 2242 2497 2277 conse·

1433 2300 1688 2364 quendam
1746 2302 2010 2350 civitatem
2061 2303 2341 2351 Romanam
2399 2304 2498 2353 sibi

1437 2377 1748 2438 proemuuire
1786 2377 1999 2438 possint.
2068 2377 2208 2438 Ergo
2243 2378 2496 2441 Trajanns

1438 2459 1561 2500 tuuc
1585 2451 1809 2500 nondum
1835 2451 2121 2516 promiscue
2144 2455 2379 2502 omnibus
2401 2457 2499 2505 La'·

1437 2528 1557 2577 linis
1596 2530 1801 2592 integra
1831 2529 1956 2591 jura
1995 2528 2222 2577 civitatis
2255 2530 2498 2582 Romanae

1437 2604 1759 2668 permiserat.
1794 2603 2031 2654 Schmun-z.

1505 2681 1789 2744 Civitatem]
1827 2682 2085 2730 Nostram.
2119 2683 2252 2746 Lips.

1501 2759 1611 2807 Hoc
1625 2759 1984 2808 necessitudinis
1995 2758 2268 2825 abruptum]
2288 2760 2374 2810 Sic
2390 2761 2499 2812 dic·

1438 2842 1566 2897 tum,
1588 2845 1644 2885 ut
1681 2839 1694 2862 ⁸
1720 2836 1841 2884 laeta
1866 2844 1918 2884 et
1946 2850 2197 2899 prospera
2221 2838 2499 2901 stationis,’

1437 2918 1713 2974 ‘usurpata
1736 2911 1980 2967 collium:
1999 2916 2014 2940 ⁸
2030 2912 2186 2960 dubia
2211 2912 2501 2968 bellorum,’

1438 2995 1452 3016 ‘
1467 2988 1669 3037 incerta
1689 2988 1931 3043 fortune,
1948 2987 1964 3010 '
1986 2990 2001 3016 ⁸
2019 2988 2126 3037 lata
2149 3002 2468 3052 camporum,
2484 2989 2498 3027 ι’

1438 3066 1453 3092 ⁸
1480 3072 1849 3126 tempestatum
1888 3061 2121 3122 incerta‚'
2157 3066 2172 3090 ⁸
2199 3076 2388 3124 aspera
2426 3066 2499 3113 la·

1438 3140 1658 3201 borum,’
1680 3147 1733 3188 et
1757 3139 1961 3201 similia,
1997 3154 2113 3202 qnae
2141 3147 2246 3188 tum
2276 3138 2372 3187 hoc
2397 3139 2502 3189 Pa-

1436 3216 1705 3278 negyrico,
1723 3224 1830 3265 tum
1853 3216 1965 3265 aliis
1990 3215 2178 3278 passim
2203 3225 2500 3281 occurrent,

1440 3294 1610 3357 poe'tis
1636 3308 1786 3357 quam
1812 3295 2101 3342 oratoribus
2126 3294 2357 3357 propria.
2412 3294 2502 3343 Sic

1439 3371 1573 3419 euim
1604 3371 1811 3418 Lucret.
1847 3371 1862 3396 ⁸
1889 3378 2053 3419 atrata
2078 3371 2276 3419 viarum
2299 3370 2333 3419 ε’
2370 3371 2500 3418 Pro-

1441 3446 1607 3510 pert.⁸
1635 3446 1861 3494 levitatis
1886 3444 2015 3493 dura
2034 3445 2065 3490 ε’
2102 3446 2289 3495 Horat.
2324 3447 2340 3473 ⁸
2366 3460 2503 3496 ama-

1440 3538 1498 3571 ra
1522 3537 1763 3571 curarum
1796 3521 1829 3570 :'
1865 3522 1949 3571 alii
1971 3523 2090 3570 alia.
2124 3521 2285 3570 Licin.

1504 3599 1798 3663 Abruptum]
1836 3597 2098 3660 Abruptio
2129 3603 2183 3646 et
2205 3597 2505 3660 disjunctio.

1442 3675 1870 3724 Dissociabantur
1910 3673 2067 3734 enim,
2113 3673 2198 3735 qui
2236 3674 2502 3724 civitatem

1440 3750 1729 3799 mutabant.
1765 3750 1901 3812 Lips.

1506 3825 1618 3873 Hoc
1655 3823 2017 3874 necessitudinis
2051 3822 2324 3885 abruptum]
2368 3821 2414 3872 1.
2455 3836 2506 3871 e.

1438 3902 1572 3952 Haec
1614 3900 1947 3951 necessitudo
1995 3899 2236 3962 abrupta.
2306 3898 2503 3961 Hujus·

1440 3978 1580 4028 modi
1628 3979 1870 4044 loquendi
1913 3975 2181 4031 formulas,
2215 3976 2269 4024 in
2317 3975 2503 4038 quibus

1441 4055 1760 4119 adjectivum
1781 4054 2013 4104 neutrius
2030 4052 2232 4115 generis
2247 4052 2361 4099 loco
2383 4048 2506 4097 sub-

1443 4135 1655 4183 stantivi
1696 4135 1924 4197 ponitur,
1960 4144 2021 4179 ex
2057 4130 2173 4176 aliis
2204 4124 2503 4176 auctoribus

1439 4209 1504 4256 ad
1530 4209 1665 4257 hune
1688 4210 1855 4258 locum
1892 4210 2210 4256 annotarunt
2243 4200 2504 4251 Livineius

1443 4292 1501 4338 et
1518 4283 1850 4338 Arntzenius.
1915 4281 2002 4332 Sic
2027 4280 2142 4344 ipse
2166 4276 2369 4329 Plinius
2389 4291 2507 4329 nos·
