<?xml version="1.0" encoding="UTF-8"?>
<!DOCTYPE html PUBLIC "-//W3C//DTD XHTML 1.0 Transitional//EN"
    "http://www.w3.org/TR/xhtml1/DTD/xhtml1-transitional.dtd">
<html xmlns="http://www.w3.org/1999/xhtml" xml:lang="en" lang="en">
 <head>
  <title>
</title>
<meta http-equiv="Content-Type" content="text/html;charset=utf-8" />
  <meta name='ocr-system' content='tesseract 3.04.00' />
  <meta name='ocr-capabilities' content='ocr_page ocr_carea ocr_par ocr_line ocrx_word'/>
</head>
<body>
  <div class='ocr_page' id='page_1' title='image "./panegyriciveter02unkngoog_0613.png"; bbox 0 0 3060 4902; ppageno 0'>
   <div class='ocr_carea' id='block_1_1' title="bbox 810 344 1884 396">
    <p class='ocr_par' dir='ltr' id='par_1_1' title="bbox 810 344 1884 396">
     <span class='ocr_line' id='line_1_1' title="bbox 810 344 1884 396; baseline -0.001 -1"><span class='ocrx_word' id='word_1_1' title='bbox 810 349 871 395; x_wconf 89' lang='lat' dir='ltr'>C.</span> <span class='ocrx_word' id='word_1_2' title='bbox 925 346 1161 396; x_wconf 83' lang='lat' dir='ltr'>PLlNll</span> <span class='ocrx_word' id='word_1_3' title='bbox 1216 345 1553 395; x_wconf 66' lang='lat' dir='ltr'>8301]an</span> <span class='ocrx_word' id='word_1_4' title='bbox 1607 344 1884 394; x_wconf 78' lang='lat' dir='ltr'>PANEG.</span> 
     </span>
    </p>
   </div>
   <div class='ocr_carea' id='block_1_2' title="bbox 375 487 1451 553">
    <p class='ocr_par' dir='ltr' id='par_1_2' title="bbox 375 487 1451 553">
     <span class='ocr_line' id='line_1_2' title="bbox 375 487 1451 553; baseline -0.003 -13"><span class='ocrx_word' id='word_1_5' title='bbox 375 495 487 551; x_wconf 82' lang='lat' dir='ltr'>cet,</span> <span class='ocrx_word' id='word_1_6' title='bbox 520 487 777 551; x_wconf 79' lang='lat' dir='ltr'>delectat,</span> <span class='ocrx_word' id='word_1_7' title='bbox 816 487 1015 538; x_wconf 60' lang='lat' dir='ltr'>afficit?</span> <span class='ocrx_word' id='word_1_8' title='bbox 1082 490 1150 538; x_wconf 87' lang='lat' dir='ltr'>Et</span> <span class='ocrx_word' id='word_1_9' title='bbox 1177 489 1343 553; x_wconf 84' lang='lat' dir='ltr'>Epist.</span> <span class='ocrx_word' id='word_1_10' title='bbox 1367 502 1451 538; x_wconf 83' lang='grc' dir='ltr'><strong>ιιι.</strong></span> 
     </span>
    </p>
   </div>
   <div class='ocr_carea' id='block_1_3' title="bbox 371 564 1448 2693">
    <p class='ocr_par' dir='ltr' id='par_1_3' title="bbox 371 564 1448 996">
     <span class='ocr_line' id='line_1_3' title="bbox 376 564 1446 629; baseline 0 -16"><span class='ocrx_word' id='word_1_11' title='bbox 376 569 426 614; x_wconf 86' lang='lat'>1.</span> <span class='ocrx_word' id='word_1_12' title='bbox 463 565 479 592; x_wconf 89' lang='lat'>‘</span> <span class='ocrx_word' id='word_1_13' title='bbox 498 565 633 615; x_wconf 87' lang='lat' dir='ltr'>Sunt</span> <span class='ocrx_word' id='word_1_14' title='bbox 662 566 712 613; x_wconf 89' lang='lat' dir='ltr'>in</span> <span class='ocrx_word' id='word_1_15' title='bbox 749 580 842 614; x_wconf 88' lang='lat' dir='ltr'>usu</span> <span class='ocrx_word' id='word_1_16' title='bbox 873 573 928 613; x_wconf 89' lang='lat' dir='ltr'>et</span> <span class='ocrx_word' id='word_1_17' title='bbox 950 564 1242 625; x_wconf 80' lang='lat' dir='ltr'>Corinthia,</span> <span class='ocrx_word' id='word_1_18' title='bbox 1262 566 1446 629; x_wconf 86' lang='lat' dir='ltr'>quibus</span> 
     </span>
     <span class='ocr_line' id='line_1_4' title="bbox 371 640 1446 697; baseline -0.002 -5"><span class='ocrx_word' id='word_1_19' title='bbox 371 642 690 697; x_wconf 74' lang='lat' dir='ltr'>delectatur,</span> <span class='ocrx_word' id='word_1_20' title='bbox 727 654 825 690; x_wconf 88' lang='lat' dir='ltr'>nec</span> <span class='ocrx_word' id='word_1_21' title='bbox 859 640 1141 690; x_wconf 72' lang='lat' dir='ltr'>afficiturz’</span> <span class='ocrx_word' id='word_1_22' title='bbox 1178 640 1265 690; x_wconf 89' lang='lat' dir='ltr'>ubi</span> <span class='ocrx_word' id='word_1_23' title='bbox 1303 649 1446 690; x_wconf 89' lang='lat' dir='ltr'>recte</span> 
     </span>
     <span class='ocr_line' id='line_1_5' title="bbox 373 717 1447 781; baseline -0.002 -13"><span class='ocrx_word' id='word_1_24' title='bbox 373 718 581 768; x_wconf 66' lang='lat' dir='ltr'>notavit</span> <span class='ocrx_word' id='word_1_25' title='bbox 609 717 884 774; x_wconf 77' lang='lat' dir='ltr'>Cellarins,</span> <span class='ocrx_word' id='word_1_26' title='bbox 920 717 1170 767; x_wconf 74' lang='lat' dir='ltr'>modicum</span> <span class='ocrx_word' id='word_1_27' title='bbox 1209 719 1447 781; x_wconf 80' lang='lat' dir='ltr'>volupta-</span> 
     </span>
     <span class='ocr_line' id='line_1_6' title="bbox 376 792 1448 857; baseline -0.002 -11"><span class='ocrx_word' id='word_1_28' title='bbox 376 804 486 847; x_wconf 81' lang='lat' dir='ltr'>tem</span> <span class='ocrx_word' id='word_1_29' title='bbox 510 797 526 823; x_wconf 85' lang='lat'>‘</span> <span class='ocrx_word' id='word_1_30' title='bbox 542 793 843 844; x_wconf 77' lang='lat' dir='ltr'>delectandi</span> <span class='ocrx_word' id='word_1_31' title='bbox 860 792 875 816; x_wconf 83' lang='lat'><em>&#39;</em></span> <span class='ocrx_word' id='word_1_32' title='bbox 901 795 1082 853; x_wconf 80' lang='lat' dir='ltr'>verbo,</span> <span class='ocrx_word' id='word_1_33' title='bbox 1101 795 1368 857; x_wconf 76' lang='lat' dir='ltr'>majorem,</span> <span class='ocrx_word' id='word_1_34' title='bbox 1391 800 1448 844; x_wconf 89' lang='lat' dir='ltr'>et</span> 
     </span>
     <span class='ocr_line' id='line_1_7' title="bbox 376 867 1445 932; baseline -0.001 -11"><span class='ocrx_word' id='word_1_35' title='bbox 376 872 607 928; x_wconf 74' lang='lat' dir='ltr'>nimiam,</span> <span class='ocrx_word' id='word_1_36' title='bbox 624 871 784 920; x_wconf 84' lang='lat' dir='ltr'>verbo</span> <span class='ocrx_word' id='word_1_37' title='bbox 799 872 814 899; x_wconf 90' lang='lat'>‘</span> <span class='ocrx_word' id='word_1_38' title='bbox 834 867 1100 921; x_wconf 71' lang='lat' dir='ltr'>afficiendi</span> <span class='ocrx_word' id='word_1_39' title='bbox 1117 868 1130 890; x_wconf 88' lang='lat'>’</span> <span class='ocrx_word' id='word_1_40' title='bbox 1143 869 1445 932; x_wconf 74' lang='lat' dir='ltr'>significari.</span> 
     </span>
     <span class='ocr_line' id='line_1_8' title="bbox 377 946 534 996; baseline -0.006 -1"><span class='ocrx_word' id='word_1_41' title='bbox 377 946 534 996; x_wconf 82' lang='lat' dir='ltr'>Idem.</span> 
     </span>
    </p>

    <p class='ocr_par' dir='ltr' id='par_1_4' title="bbox 372 1021 1444 2217">
     <span class='ocr_line' id='line_1_9' title="bbox 443 1021 1444 1087; baseline -0.001 -16"><span class='ocrx_word' id='word_1_42' title='bbox 443 1023 527 1071; x_wconf 78' lang='lat' dir='ltr'>Ex</span> <span class='ocrx_word' id='word_1_43' title='bbox 548 1021 894 1087; x_wconf 75' lang='lat' dir='ltr'>communibus]</span> <span class='ocrx_word' id='word_1_44' title='bbox 930 1022 974 1070; x_wconf 94' lang='lat'>1.</span> <span class='ocrx_word' id='word_1_45' title='bbox 994 1036 1042 1069; x_wconf 92' lang='lat' dir='ltr'>e.</span> <span class='ocrx_word' id='word_1_46' title='bbox 1067 1028 1283 1085; x_wconf 90' lang='lat' dir='ltr'>propter</span> <span class='ocrx_word' id='word_1_47' title='bbox 1306 1036 1444 1071; x_wconf 90' lang='lat' dir='ltr'>com-</span> 
     </span>
     <span class='ocr_line' id='line_1_10' title="bbox 373 1098 1442 1163; baseline -0.001 -14"><span class='ocrx_word' id='word_1_48' title='bbox 373 1113 555 1149; x_wconf 81' lang='lat' dir='ltr'>munes</span> <span class='ocrx_word' id='word_1_49' title='bbox 582 1099 812 1163; x_wconf 76' lang='lat' dir='ltr'>injurias.</span> <span class='ocrx_word' id='word_1_50' title='bbox 877 1099 1080 1148; x_wconf 83' lang='lat' dir='ltr'>Tritum</span> <span class='ocrx_word' id='word_1_51' title='bbox 1111 1098 1246 1147; x_wconf 89' lang='lat' dir='ltr'>enim</span> <span class='ocrx_word' id='word_1_52' title='bbox 1281 1106 1380 1162; x_wconf 83' lang='lat' dir='ltr'>est,</span> <span class='ocrx_word' id='word_1_53' title='bbox 1400 1115 1442 1154; x_wconf 82' lang='lat' dir='ltr'>e,</span> 
     </span>
     <span class='ocr_line' id='line_1_11' title="bbox 375 1175 1443 1237; baseline -0.001 -12"><span class='ocrx_word' id='word_1_54' title='bbox 375 1177 462 1225; x_wconf 76' lang='lat' dir='ltr'>vel</span> <span class='ocrx_word' id='word_1_55' title='bbox 503 1189 585 1235; x_wconf 70' lang='lat' dir='ltr'>ex,</span> <span class='ocrx_word' id='word_1_56' title='bbox 625 1189 763 1237; x_wconf 81' lang='lat' dir='ltr'>saepe</span> <span class='ocrx_word' id='word_1_57' title='bbox 810 1175 1082 1223; x_wconf 73' lang='lat' dir='ltr'>declarare</span> <span class='ocrx_word' id='word_1_58' title='bbox 1118 1190 1375 1233; x_wconf 80' lang='lat' dir='ltr'>caussam,</span> <span class='ocrx_word' id='word_1_59' title='bbox 1412 1189 1443 1224; x_wconf 69' lang='lat' dir='ltr'><strong>a</strong></span> 
     </span>
     <span class='ocr_line' id='line_1_12' title="bbox 376 1252 1444 1316; baseline 0.003 -18"><span class='ocrx_word' id='word_1_60' title='bbox 376 1266 499 1314; x_wconf 80' lang='lat' dir='ltr'>qua,</span> <span class='ocrx_word' id='word_1_61' title='bbox 518 1253 596 1300; x_wconf 84' lang='lat' dir='ltr'>vel</span> <span class='ocrx_word' id='word_1_62' title='bbox 625 1259 844 1315; x_wconf 88' lang='lat' dir='ltr'>propter</span> <span class='ocrx_word' id='word_1_63' title='bbox 865 1266 1036 1316; x_wconf 82' lang='lat' dir='ltr'>quam,</span> <span class='ocrx_word' id='word_1_64' title='bbox 1063 1266 1145 1300; x_wconf 87' lang='lat' dir='ltr'>res</span> <span class='ocrx_word' id='word_1_65' title='bbox 1170 1261 1268 1299; x_wconf 87' lang='lat' dir='ltr'>est.</span> <span class='ocrx_word' id='word_1_66' title='bbox 1336 1252 1444 1302; x_wconf 88' lang='lat' dir='ltr'>Cic.</span> 
     </span>
     <span class='ocr_line' id='line_1_13' title="bbox 376 1327 1440 1392; baseline 0 -15"><span class='ocrx_word' id='word_1_67' title='bbox 376 1329 547 1392; x_wconf 80' lang='lat' dir='ltr'>Epist.</span> <span class='ocrx_word' id='word_1_68' title='bbox 582 1342 695 1378; x_wconf 78' lang='lat' dir='ltr'>xvt.</span> <span class='ocrx_word' id='word_1_69' title='bbox 733 1334 817 1377; x_wconf 81' lang='lat'>21.</span> <span class='ocrx_word' id='word_1_70' title='bbox 853 1331 868 1357; x_wconf 92' lang='lat'>‘</span> <span class='ocrx_word' id='word_1_71' title='bbox 891 1327 1115 1380; x_wconf 82' lang='lat' dir='ltr'><strong>Quando</strong></span> <span class='ocrx_word' id='word_1_72' title='bbox 1148 1329 1307 1388; x_wconf 85' lang='lat' dir='ltr'>igitur</span> <span class='ocrx_word' id='word_1_73' title='bbox 1334 1336 1440 1377; x_wconf 89' lang='lat' dir='ltr'>tum</span> 
     </span>
     <span class='ocr_line' id='line_1_14' title="bbox 375 1406 1443 1469; baseline -0.002 -12"><span class='ocrx_word' id='word_1_74' title='bbox 375 1422 445 1457; x_wconf 85' lang='lat' dir='ltr'>ex</span> <span class='ocrx_word' id='word_1_75' title='bbox 481 1423 564 1457; x_wconf 87' lang='lat' dir='ltr'>me</span> <span class='ocrx_word' id='word_1_76' title='bbox 598 1406 839 1469; x_wconf 84' lang='lat' dir='ltr'>doluisti;</span> <span class='ocrx_word' id='word_1_77' title='bbox 874 1421 1029 1467; x_wconf 88' lang='lat' dir='ltr'>nunc,</span> <span class='ocrx_word' id='word_1_78' title='bbox 1062 1413 1120 1455; x_wconf 87' lang='lat' dir='ltr'>ut</span> <span class='ocrx_word' id='word_1_79' title='bbox 1162 1407 1443 1468; x_wconf 85' lang='lat' dir='ltr'>dupliciter</span> 
     </span>
     <span class='ocr_line' id='line_1_15' title="bbox 375 1482 1444 1545; baseline -0.003 -12"><span class='ocrx_word' id='word_1_80' title='bbox 375 1492 524 1533; x_wconf 84' lang='lat' dir='ltr'>tuum</span> <span class='ocrx_word' id='word_1_81' title='bbox 581 1497 645 1532; x_wconf 80' lang='lat' dir='ltr'>ex</span> <span class='ocrx_word' id='word_1_82' title='bbox 705 1499 785 1532; x_wconf 88' lang='lat' dir='ltr'>me</span> <span class='ocrx_word' id='word_1_83' title='bbox 832 1483 1093 1544; x_wconf 74' lang='lat' dir='ltr'>goudium,</span> <span class='ocrx_word' id='word_1_84' title='bbox 1147 1482 1444 1545; x_wconf 58' lang='lat' dir='ltr'>praestabo)</span> 
     </span>
     <span class='ocr_line' id='line_1_16' title="bbox 377 1558 1442 1622; baseline -0.004 -13"><span class='ocrx_word' id='word_1_85' title='bbox 377 1560 531 1610; x_wconf 84' lang='lat' dir='ltr'>Idem</span> <span class='ocrx_word' id='word_1_86' title='bbox 560 1561 789 1622; x_wconf 82' lang='lat' dir='ltr'>Philipp.</span> <span class='ocrx_word' id='word_1_87' title='bbox 818 1573 853 1608; x_wconf 83' lang='lat'>1.</span> <span class='ocrx_word' id='word_1_88' title='bbox 879 1564 927 1608; x_wconf 80' lang='lat'>6.</span> <span class='ocrx_word' id='word_1_89' title='bbox 966 1568 979 1588; x_wconf 86' lang='grc'>·</span> <span class='ocrx_word' id='word_1_90' title='bbox 1008 1559 1137 1607; x_wconf 90' lang='lat' dir='ltr'>Cum</span> <span class='ocrx_word' id='word_1_91' title='bbox 1162 1571 1192 1606; x_wconf 85' lang='lat' dir='ltr'>e</span> <span class='ocrx_word' id='word_1_92' title='bbox 1216 1558 1299 1606; x_wconf 85' lang='lat' dir='ltr'>via</span> <span class='ocrx_word' id='word_1_93' title='bbox 1335 1558 1442 1605; x_wconf 79' lang='lat' dir='ltr'>lan-</span> 
     </span>
     <span class='ocr_line' id='line_1_17' title="bbox 375 1635 1442 1701; baseline -0.002 -16"><span class='ocrx_word' id='word_1_94' title='bbox 375 1640 623 1701; x_wconf 58' lang='lat' dir='ltr'>guerem)</span> <span class='ocrx_word' id='word_1_95' title='bbox 694 1637 841 1686; x_wconf 90' lang='lat' dir='ltr'>Idem</span> <span class='ocrx_word' id='word_1_96' title='bbox 863 1650 956 1697; x_wconf 89' lang='lat' dir='ltr'>pro</span> <span class='ocrx_word' id='word_1_97' title='bbox 973 1635 1128 1685; x_wconf 88' lang='lat' dir='ltr'>Font.</span> <span class='ocrx_word' id='word_1_98' title='bbox 1149 1650 1196 1683; x_wconf 86' lang='lat' dir='ltr'>c.</span> <span class='ocrx_word' id='word_1_99' title='bbox 1219 1639 1266 1682; x_wconf 83' lang='lat'>8.</span> <span class='ocrx_word' id='word_1_100' title='bbox 1301 1636 1315 1662; x_wconf 80' lang='lat'><strong>⁴</strong></span> <span class='ocrx_word' id='word_1_101' title='bbox 1337 1635 1442 1683; x_wconf 87' lang='lat' dir='ltr'>Ini-</span> 
     </span>
     <span class='ocr_line' id='line_1_18' title="bbox 375 1712 1441 1763; baseline -0.003 -1"><span class='ocrx_word' id='word_1_102' title='bbox 375 1715 561 1763; x_wconf 87' lang='lat' dir='ltr'>micior</span> <span class='ocrx_word' id='word_1_103' title='bbox 586 1715 835 1763; x_wconf 76' lang='lat' dir='ltr'>Marcello</span> <span class='ocrx_word' id='word_1_104' title='bbox 860 1714 1078 1762; x_wconf 83' lang='lat' dir='ltr'>Crassus</span> <span class='ocrx_word' id='word_1_105' title='bbox 1114 1727 1177 1761; x_wconf 86' lang='lat' dir='ltr'>ex</span> <span class='ocrx_word' id='word_1_106' title='bbox 1202 1712 1441 1760; x_wconf 88' lang='lat' dir='ltr'>civilibus</span> 
     </span>
     <span class='ocr_line' id='line_1_19' title="bbox 374 1788 1440 1852; baseline 0 -16"><span class='ocrx_word' id='word_1_107' title='bbox 374 1788 565 1838; x_wconf 85' lang='lat' dir='ltr'>studiis</span> <span class='ocrx_word' id='word_1_108' title='bbox 589 1797 743 1852; x_wconf 80' lang='lat' dir='ltr'>atque</span> <span class='ocrx_word' id='word_1_109' title='bbox 779 1789 1165 1837; x_wconf 76' lang='lat' dir='ltr'>obtrectatione</span> <span class='ocrx_word' id='word_1_110' title='bbox 1197 1788 1440 1836; x_wconf 79' lang='lat' dir='ltr'>domesti-</span> 
     </span>
     <span class='ocr_line' id='line_1_20' title="bbox 374 1863 1442 1928; baseline -0.001 -15"><span class='ocrx_word' id='word_1_111' title='bbox 374 1863 478 1914; x_wconf 61' lang='lat' dir='ltr'>cu!</span> <span class='ocrx_word' id='word_1_112' title='bbox 542 1865 603 1913; x_wconf 90' lang='lat' dir='ltr'>In</span> <span class='ocrx_word' id='word_1_113' title='bbox 627 1865 869 1928; x_wconf 74' lang='lat' dir='ltr'><strong>proximis</strong></span> <span class='ocrx_word' id='word_1_114' title='bbox 896 1864 1085 1924; x_wconf 82' lang='lat' dir='ltr'>verbis,</span> <span class='ocrx_word' id='word_1_115' title='bbox 1111 1865 1177 1912; x_wconf 79' lang='lat' dir='ltr'>Ue</span> <span class='ocrx_word' id='word_1_116' title='bbox 1197 1865 1321 1912; x_wconf 83' lang='lat' dir='ltr'>enim</span> <span class='ocrx_word' id='word_1_117' title='bbox 1343 1880 1442 1912; x_wconf 82' lang='lat' dir='ltr'>ma·</span> 
     </span>
     <span class='ocr_line' id='line_1_21' title="bbox 376 1940 1439 2004; baseline -0.001 -15"><span class='ocrx_word' id='word_1_118' title='bbox 376 1941 450 1989; x_wconf 75' lang='lat' dir='ltr'>tos</span> <span class='ocrx_word' id='word_1_119' title='bbox 468 1941 726 2004; x_wconf 73' lang='lat' dir='ltr'>principes,</span> <span class='ocrx_word' id='word_1_120' title='bbox 742 1941 965 1989; x_wconf 81' lang='lat' dir='ltr'>Puteani</span> <span class='ocrx_word' id='word_1_121' title='bbox 985 1948 1036 1988; x_wconf 88' lang='lat' dir='ltr'>et</span> <span class='ocrx_word' id='word_1_122' title='bbox 1056 1941 1238 1988; x_wconf 79' lang='lat' dir='ltr'>Baunii</span> <span class='ocrx_word' id='word_1_123' title='bbox 1259 1940 1439 1988; x_wconf 85' lang='lat' dir='ltr'>editio·</span> 
     </span>
     <span class='ocr_line' id='line_1_22' title="bbox 372 2015 1444 2082; baseline 0.001 -17"><span class='ocrx_word' id='word_1_124' title='bbox 372 2031 487 2073; x_wconf 82' lang='lat' dir='ltr'>nes,</span> <span class='ocrx_word' id='word_1_125' title='bbox 535 2017 766 2082; x_wconf 76' lang='lat' dir='ltr'>itemque</span> <span class='ocrx_word' id='word_1_126' title='bbox 822 2016 991 2066; x_wconf 84' lang='lat' dir='ltr'>codex</span> <span class='ocrx_word' id='word_1_127' title='bbox 1038 2015 1343 2076; x_wconf 74' lang='lat' dir='ltr'>Patavium,</span> <span class='ocrx_word' id='word_1_128' title='bbox 1389 2023 1444 2066; x_wconf 91' lang='lat' dir='ltr'>et</span> 
     </span>
     <span class='ocr_line' id='line_1_23' title="bbox 373 2092 1443 2155; baseline 0.001 -12"><span class='ocrx_word' id='word_1_129' title='bbox 373 2092 509 2143; x_wconf 87' lang='lat' dir='ltr'>liber</span> <span class='ocrx_word' id='word_1_130' title='bbox 538 2094 836 2150; x_wconf 66' lang='lat' dir='ltr'>Vossianus,</span> <span class='ocrx_word' id='word_1_131' title='bbox 859 2106 1134 2155; x_wconf 81' lang='lat' dir='ltr'>perperam</span> <span class='ocrx_word' id='word_1_132' title='bbox 1156 2093 1443 2144; x_wconf 86' lang='lat' dir='ltr'>omiserunt</span> 
     </span>
     <span class='ocr_line' id='line_1_24' title="bbox 373 2167 977 2217; baseline 0.002 -1"><span class='ocrx_word' id='word_1_133' title='bbox 373 2167 592 2217; x_wconf 65' lang='grc' dir='ltr'>ἐπίθετον</span> <span class='ocrx_word' id='word_1_134' title='bbox 612 2170 774 2217; x_wconf 73' lang='lat' dir='ltr'>malos.</span> <span class='ocrx_word' id='word_1_135' title='bbox 807 2167 977 2217; x_wconf 84' lang='lat' dir='ltr'>Idem.</span> 
     </span>
    </p>

    <p class='ocr_par' dir='ltr' id='par_1_5' title="bbox 371 2243 1445 2615">
     <span class='ocr_line' id='line_1_25' title="bbox 442 2243 1442 2306; baseline -0.003 -11"><span class='ocrx_word' id='word_1_136' title='bbox 442 2246 529 2295; x_wconf 74' lang='lat' dir='ltr'>Ex</span> <span class='ocrx_word' id='word_1_137' title='bbox 549 2243 891 2306; x_wconf 71' lang='lat' dir='ltr'>communibus]</span> <span class='ocrx_word' id='word_1_138' title='bbox 915 2244 1050 2292; x_wconf 83' lang='lat' dir='ltr'>Boni</span> <span class='ocrx_word' id='word_1_139' title='bbox 1074 2243 1204 2292; x_wconf 83' lang='lat' dir='ltr'>civis</span> <span class='ocrx_word' id='word_1_140' title='bbox 1221 2250 1442 2299; x_wconf 55' lang='lat' dir='ltr'>esurus·</span> 
     </span>
     <span class='ocr_line' id='line_1_26' title="bbox 373 2320 1445 2383; baseline -0.002 -13"><span class='ocrx_word' id='word_1_141' title='bbox 373 2322 479 2370; x_wconf 85' lang='lat' dir='ltr'>lum</span> <span class='ocrx_word' id='word_1_142' title='bbox 504 2322 793 2383; x_wconf 74' lang='lat' dir='ltr'><strong>principem</strong></span> <span class='ocrx_word' id='word_1_143' title='bbox 828 2320 1000 2369; x_wconf 82' lang='lat' dir='ltr'>odisse</span> <span class='ocrx_word' id='word_1_144' title='bbox 1032 2320 1189 2380; x_wconf 70' lang='lat' dir='ltr'>magis</span> <span class='ocrx_word' id='word_1_145' title='bbox 1229 2327 1445 2383; x_wconf 87' lang='lat' dir='ltr'>propter</span> 
     </span>
     <span class='ocr_line' id='line_1_27' title="bbox 375 2395 1443 2462; baseline -0.002 -17"><span class='ocrx_word' id='word_1_146' title='bbox 375 2397 609 2462; x_wconf 81' lang='lat' dir='ltr'>injurias,</span> <span class='ocrx_word' id='word_1_147' title='bbox 649 2412 777 2462; x_wconf 76' lang='lat' dir='ltr'>quus</span> <span class='ocrx_word' id='word_1_148' title='bbox 810 2396 895 2445; x_wconf 86' lang='lat' dir='ltr'>bie</span> <span class='ocrx_word' id='word_1_149' title='bbox 916 2396 1018 2444; x_wconf 89' lang='lat' dir='ltr'>suis</span> <span class='ocrx_word' id='word_1_150' title='bbox 1044 2395 1344 2445; x_wconf 76' lang='lat' dir='ltr'><strong>concivibus</strong></span> <span class='ocrx_word' id='word_1_151' title='bbox 1368 2396 1443 2444; x_wconf 90' lang='lat' dir='ltr'>in·</span> 
     </span>
     <span class='ocr_line' id='line_1_28' title="bbox 371 2473 1444 2540; baseline -0.002 -15"><span class='ocrx_word' id='word_1_152' title='bbox 371 2475 497 2539; x_wconf 73' lang='lat' dir='ltr'>fert,</span> <span class='ocrx_word' id='word_1_153' title='bbox 518 2491 671 2540; x_wconf 77' lang='lat' dir='ltr'>quam</span> <span class='ocrx_word' id='word_1_154' title='bbox 698 2481 916 2539; x_wconf 87' lang='lat' dir='ltr'>propter</span> <span class='ocrx_word' id='word_1_155' title='bbox 937 2474 1067 2530; x_wconf 76' lang='lat' dir='ltr'>illus,</span> <span class='ocrx_word' id='word_1_156' title='bbox 1088 2490 1215 2539; x_wconf 74' lang='lat' dir='ltr'>quus</span> <span class='ocrx_word' id='word_1_157' title='bbox 1238 2473 1353 2536; x_wconf 82' lang='lat' dir='ltr'>ipse</span> <span class='ocrx_word' id='word_1_158' title='bbox 1377 2473 1444 2523; x_wconf 77' lang='lat' dir='ltr'>ab</span> 
     </span>
     <span class='ocr_line' id='line_1_29' title="bbox 375 2552 1064 2615; baseline -0.006 -12"><span class='ocrx_word' id='word_1_159' title='bbox 375 2553 561 2603; x_wconf 80' lang='lat' dir='ltr'>eodem</span> <span class='ocrx_word' id='word_1_160' title='bbox 585 2554 799 2615; x_wconf 75' lang='lat' dir='ltr'>petitur.</span> <span class='ocrx_word' id='word_1_161' title='bbox 838 2552 1064 2601; x_wconf 75' lang='lat' dir='ltr'>Palm-ol.</span> 
     </span>
    </p>

    <p class='ocr_par' dir='ltr' id='par_1_6' title="bbox 440 2626 1444 2693">
     <span class='ocr_line' id='line_1_30' title="bbox 440 2626 1444 2693; baseline -0.006 -13"><span class='ocrx_word' id='word_1_162' title='bbox 440 2630 712 2693; x_wconf 71' lang='lat' dir='ltr'>speciosius</span> <span class='ocrx_word' id='word_1_163' title='bbox 731 2626 979 2690; x_wconf 75' lang='lat' dir='ltr'>amantur]</span> <span class='ocrx_word' id='word_1_164' title='bbox 1017 2627 1065 2675; x_wconf 92' lang='lat'>1.</span> <span class='ocrx_word' id='word_1_165' title='bbox 1088 2641 1137 2677; x_wconf 86' lang='lat' dir='ltr'>e.</span> <span class='ocrx_word' id='word_1_166' title='bbox 1161 2626 1444 2689; x_wconf 85' lang='lat' dir='ltr'>pulchrius,</span> 
     </span>
    </p>
   </div>
   <div class='ocr_carea' id='block_1_4' title="bbox 373 2701 1449 2761">
    <p class='ocr_par' dir='ltr' id='par_1_7' title="bbox 373 2701 1449 2761">
     <span class='ocr_line' id='line_1_31' title="bbox 373 2701 1449 2761; baseline -0.008 -5"><span class='ocrx_word' id='word_1_167' title='bbox 373 2706 647 2761; x_wconf 68' lang='lat' dir='ltr'>illustrius,</span> <span class='ocrx_word' id='word_1_168' title='bbox 669 2704 953 2753; x_wconf 79' lang='lat' dir='ltr'>honestius.</span> <span class='ocrx_word' id='word_1_169' title='bbox 989 2701 1129 2751; x_wconf 83' lang='lat' dir='ltr'>Vide</span> <span class='ocrx_word' id='word_1_170' title='bbox 1145 2702 1326 2751; x_wconf 76' lang='lat' dir='ltr'>not-ud</span> <span class='ocrx_word' id='word_1_171' title='bbox 1344 2715 1391 2750; x_wconf 90' lang='lat' dir='ltr'>c.</span> <span class='ocrx_word' id='word_1_172' title='bbox 1407 2715 1449 2751; x_wconf 88' lang='lat'>1.</span> 
     </span>
    </p>
   </div>
   <div class='ocr_carea' id='block_1_5' title="bbox 370 2779 1445 4305">
    <p class='ocr_par' dir='ltr' id='par_1_8' title="bbox 373 2779 1445 3151">
     <span class='ocr_line' id='line_1_32' title="bbox 375 2779 1444 2845; baseline -0.007 -11"><span class='ocrx_word' id='word_1_173' title='bbox 375 2782 391 2809; x_wconf 82' lang='lat'>⁸</span> <span class='ocrx_word' id='word_1_174' title='bbox 409 2784 542 2835; x_wconf 63' lang='lat' dir='ltr'>Qum</span> <span class='ocrx_word' id='word_1_175' title='bbox 566 2782 745 2845; x_wconf 81' lang='lat' dir='ltr'>generi</span> <span class='ocrx_word' id='word_1_176' title='bbox 772 2781 1011 2840; x_wconf 76' lang='lat' dir='ltr'>humano,</span> <span class='ocrx_word' id='word_1_177' title='bbox 1034 2792 1184 2842; x_wconf 75' lang='lat' dir='ltr'>quum</span> <span class='ocrx_word' id='word_1_178' title='bbox 1217 2793 1336 2843; x_wconf 70' lang='lat' dir='ltr'>quae</span> <span class='ocrx_word' id='word_1_179' title='bbox 1357 2779 1444 2827; x_wconf 89' lang='lat' dir='ltr'>bo·</span> 
     </span>
     <span class='ocr_line' id='line_1_33' title="bbox 376 2858 1442 2921; baseline -0.007 -9"><span class='ocrx_word' id='word_1_180' title='bbox 376 2860 638 2920; x_wconf 84' lang='lat' dir='ltr'>minibus‚&#39;</span> <span class='ocrx_word' id='word_1_181' title='bbox 652 2863 751 2909; x_wconf 85' lang='lat' dir='ltr'>&amp;c.</span> <span class='ocrx_word' id='word_1_182' title='bbox 772 2859 805 2908; x_wconf 91' lang='lat' dir='ltr'>i.</span> <span class='ocrx_word' id='word_1_183' title='bbox 823 2873 871 2908; x_wconf 88' lang='lat' dir='ltr'>e.</span> <span class='ocrx_word' id='word_1_184' title='bbox 894 2859 1183 2921; x_wconf 78' lang='lat' dir='ltr'>interprete</span> <span class='ocrx_word' id='word_1_185' title='bbox 1203 2858 1442 2915; x_wconf 78' lang='lat' dir='ltr'>cellario,</span> 
     </span>
     <span class='ocr_line' id='line_1_34' title="bbox 373 2934 1445 3003; baseline -0.006 -16"><span class='ocrx_word' id='word_1_186' title='bbox 373 2951 492 3003; x_wconf 78' lang='lat' dir='ltr'>qnoe</span> <span class='ocrx_word' id='word_1_187' title='bbox 559 2937 658 2987; x_wconf 89' lang='lat' dir='ltr'>toti</span> <span class='ocrx_word' id='word_1_188' title='bbox 715 2935 954 2984; x_wconf 74' lang='lat' dir='ltr'>societnti</span> <span class='ocrx_word' id='word_1_189' title='bbox 1006 2941 1059 2984; x_wconf 88' lang='lat' dir='ltr'>et</span> <span class='ocrx_word' id='word_1_190' title='bbox 1117 2934 1445 2997; x_wconf 81' lang='lat' dir='ltr'>reipublicae,</span> 
     </span>
     <span class='ocr_line' id='line_1_35' title="bbox 377 3010 1445 3080; baseline -0.003 -16"><span class='ocrx_word' id='word_1_191' title='bbox 377 3029 531 3080; x_wconf 73' lang='lat' dir='ltr'>quum</span> <span class='ocrx_word' id='word_1_192' title='bbox 578 3028 691 3076; x_wconf 81' lang='lat' dir='ltr'>quae</span> <span class='ocrx_word' id='word_1_193' title='bbox 733 3013 950 3075; x_wconf 78' lang='lat' dir='ltr'>privatis</span> <span class='ocrx_word' id='word_1_194' title='bbox 996 3020 1049 3061; x_wconf 85' lang='lat' dir='ltr'>et</span> <span class='ocrx_word' id='word_1_195' title='bbox 1095 3010 1445 3074; x_wconf 70' lang='lat' dir='ltr'>singularibus</span> 
     </span>
     <span class='ocr_line' id='line_1_36' title="bbox 377 3087 1260 3151; baseline -0.009 -10"><span class='ocrx_word' id='word_1_196' title='bbox 377 3089 688 3151; x_wconf 82' lang='lat' dir='ltr'>hominibus,</span> <span class='ocrx_word' id='word_1_197' title='bbox 712 3096 984 3151; x_wconf 71' lang='lat' dir='ltr'>praestant.</span> <span class='ocrx_word' id='word_1_198' title='bbox 1016 3087 1260 3137; x_wconf 71' lang='lat' dir='ltr'>seha-m.</span> 
     </span>
    </p>

    <p class='ocr_par' dir='ltr' id='par_1_9' title="bbox 370 3163 1443 4305">
     <span class='ocr_line' id='line_1_37' title="bbox 441 3163 1442 3227; baseline -0.003 -11"><span class='ocrx_word' id='word_1_199' title='bbox 441 3167 505 3216; x_wconf 73' lang='lat' dir='ltr'>In</span> <span class='ocrx_word' id='word_1_200' title='bbox 542 3166 921 3214; x_wconf 72' lang='lat' dir='ltr'>consuetudinem</span> <span class='ocrx_word' id='word_1_201' title='bbox 953 3164 1125 3227; x_wconf 77' lang='lat' dir='ltr'>vertit]</span> <span class='ocrx_word' id='word_1_202' title='bbox 1162 3164 1224 3213; x_wconf 90' lang='lat' dir='ltr'>ln</span> <span class='ocrx_word' id='word_1_203' title='bbox 1257 3163 1442 3213; x_wconf 87' lang='lat' dir='ltr'>codice</span> 
     </span>
     <span class='ocr_line' id='line_1_38' title="bbox 374 3240 1442 3304; baseline -0.006 -11"><span class='ocrx_word' id='word_1_204' title='bbox 374 3242 651 3304; x_wconf 73' lang='lat' dir='ltr'>Pstsviuo,</span> <span class='ocrx_word' id='word_1_205' title='bbox 674 3248 728 3291; x_wconf 87' lang='lat' dir='ltr'>et</span> <span class='ocrx_word' id='word_1_206' title='bbox 767 3241 897 3291; x_wconf 88' lang='lat' dir='ltr'>libro</span> <span class='ocrx_word' id='word_1_207' title='bbox 932 3241 1209 3300; x_wconf 78' lang='lat' dir='ltr'>vossiano,</span> <span class='ocrx_word' id='word_1_208' title='bbox 1241 3241 1363 3288; x_wconf 88' lang='lat' dir='ltr'>item</span> <span class='ocrx_word' id='word_1_209' title='bbox 1389 3240 1442 3288; x_wconf 88' lang='lat' dir='ltr'>iu</span> 
     </span>
     <span class='ocr_line' id='line_1_39' title="bbox 373 3318 1443 3381; baseline -0.004 -10"><span class='ocrx_word' id='word_1_210' title='bbox 373 3320 673 3379; x_wconf 80' lang='lat' dir='ltr'>Puteolani,</span> <span class='ocrx_word' id='word_1_211' title='bbox 730 3318 984 3372; x_wconf 66' lang='lat' dir='ltr'>Catanaeb</span> <span class='ocrx_word' id='word_1_212' title='bbox 1039 3318 1443 3381; x_wconf 81' lang='lat' dir='ltr'>Stephanorum,</span> 
     </span>
     <span class='ocr_line' id='line_1_40' title="bbox 376 3393 1440 3458; baseline -0.004 -10"><span class='ocrx_word' id='word_1_213' title='bbox 376 3399 636 3458; x_wconf 79' lang='lat' dir='ltr'>sichardi,</span> <span class='ocrx_word' id='word_1_214' title='bbox 677 3396 907 3456; x_wconf 67' lang='lat' dir='ltr'>cellarii,</span> <span class='ocrx_word' id='word_1_215' title='bbox 941 3395 1183 3457; x_wconf 85' lang='lat' dir='ltr'>Gesneri,</span> <span class='ocrx_word' id='word_1_216' title='bbox 1217 3404 1271 3443; x_wconf 89' lang='lat' dir='ltr'>et</span> <span class='ocrx_word' id='word_1_217' title='bbox 1300 3393 1440 3444; x_wconf 82' lang='lat' dir='ltr'>forte</span> 
     </span>
     <span class='ocr_line' id='line_1_41' title="bbox 378 3473 1442 3536; baseline -0.005 -10"><span class='ocrx_word' id='word_1_218' title='bbox 378 3477 594 3526; x_wconf 66' lang='lat' dir='ltr'>aliorum</span> <span class='ocrx_word' id='word_1_219' title='bbox 642 3474 786 3523; x_wconf 86' lang='lat' dir='ltr'>libris</span> <span class='ocrx_word' id='word_1_220' title='bbox 831 3474 1056 3536; x_wconf 76' lang='lat' dir='ltr'>excusis,</span> <span class='ocrx_word' id='word_1_221' title='bbox 1097 3473 1334 3536; x_wconf 83' lang='lat' dir='ltr'>legimus,</span> <span class='ocrx_word' id='word_1_222' title='bbox 1388 3474 1442 3522; x_wconf 75' lang='lat' dir='ltr'>ivs</span> 
     </span>
     <span class='ocr_line' id='line_1_42' title="bbox 376 3548 1441 3601; baseline -0.006 1"><span class='ocrx_word' id='word_1_223' title='bbox 376 3550 758 3601; x_wconf 76' lang='lat' dir='ltr'>consuetudinem</span> <span class='ocrx_word' id='word_1_224' title='bbox 785 3549 935 3597; x_wconf 74' lang='lat' dir='ltr'>venit.</span> <span class='ocrx_word' id='word_1_225' title='bbox 1007 3548 1077 3597; x_wconf 79' lang='lat' dir='ltr'>At</span> <span class='ocrx_word' id='word_1_226' title='bbox 1098 3550 1146 3596; x_wconf 92' lang='lat' dir='ltr'>in</span> <span class='ocrx_word' id='word_1_227' title='bbox 1173 3548 1441 3597; x_wconf 72' lang='lat' dir='ltr'>codicibus</span> 
     </span>
     <span class='ocr_line' id='line_1_43' title="bbox 374 3626 1440 3689; baseline -0.005 -10"><span class='ocrx_word' id='word_1_228' title='bbox 374 3630 506 3680; x_wconf 85' lang='lat' dir='ltr'>Mss.</span> <span class='ocrx_word' id='word_1_229' title='bbox 535 3628 823 3688; x_wconf 71' lang='lat' dir='ltr'>Vaticanis,</span> <span class='ocrx_word' id='word_1_230' title='bbox 866 3626 1169 3687; x_wconf 73' lang='lat' dir='ltr'>parisiensi,</span> <span class='ocrx_word' id='word_1_231' title='bbox 1218 3635 1440 3689; x_wconf 87' lang='lat' dir='ltr'>utroque</span> 
     </span>
     <span class='ocr_line' id='line_1_44' title="bbox 375 3701 1442 3765; baseline -0.007 -10"><span class='ocrx_word' id='word_1_232' title='bbox 375 3706 605 3760; x_wconf 86' lang='lat' dir='ltr'>Veneto,</span> <span class='ocrx_word' id='word_1_233' title='bbox 651 3701 1136 3765; x_wconf 75' lang='lat' dir='ltr'>Guelpherbytsno,</span> <span class='ocrx_word' id='word_1_234' title='bbox 1185 3702 1442 3750; x_wconf 84' lang='lat' dir='ltr'>Salisbur-</span> 
     </span>
     <span class='ocr_line' id='line_1_45' title="bbox 375 3777 1440 3844; baseline -0.005 -14"><span class='ocrx_word' id='word_1_235' title='bbox 375 3782 537 3844; x_wconf 79' lang='lat' dir='ltr'>gensi,</span> <span class='ocrx_word' id='word_1_236' title='bbox 562 3788 617 3828; x_wconf 87' lang='lat' dir='ltr'>et</span> <span class='ocrx_word' id='word_1_237' title='bbox 638 3793 768 3833; x_wconf 88' lang='lat' dir='ltr'>meo,</span> <span class='ocrx_word' id='word_1_238' title='bbox 795 3790 889 3840; x_wconf 90' lang='lat' dir='ltr'>pro</span> <span class='ocrx_word' id='word_1_239' title='bbox 914 3777 1076 3825; x_wconf 82' lang='lat' dir='ltr'>verbo</span> <span class='ocrx_word' id='word_1_240' title='bbox 1106 3778 1256 3839; x_wconf 77' lang='lat' dir='ltr'>venie,</span> <span class='ocrx_word' id='word_1_241' title='bbox 1293 3784 1440 3826; x_wconf 79' lang='lat' dir='ltr'>extat</span> 
     </span>
     <span class='ocr_line' id='line_1_46' title="bbox 370 3852 1438 3910; baseline -0.001 -6"><span class='ocrx_word' id='word_1_242' title='bbox 370 3856 534 3905; x_wconf 71' lang='lat' dir='ltr'>vertit.</span> <span class='ocrx_word' id='word_1_243' title='bbox 598 3855 750 3907; x_wconf 81' lang='lat' dir='ltr'>Quod</span> <span class='ocrx_word' id='word_1_244' title='bbox 800 3852 1012 3902; x_wconf 80' lang='lat' dir='ltr'>verbum</span> <span class='ocrx_word' id='word_1_245' title='bbox 1063 3854 1228 3910; x_wconf 74' lang='lat' dir='ltr'>vertit,</span> <span class='ocrx_word' id='word_1_246' title='bbox 1281 3855 1438 3903; x_wconf 76' lang='lat' dir='ltr'>etiam</span> 
     </span>
     <span class='ocr_line' id='line_1_47' title="bbox 374 3930 1439 3992; baseline -0.003 -10"><span class='ocrx_word' id='word_1_247' title='bbox 374 3931 682 3986; x_wconf 74' lang='lat' dir='ltr'>Beroaldus,</span> <span class='ocrx_word' id='word_1_248' title='bbox 724 3930 939 3992; x_wconf 86' lang='lat' dir='ltr'>Lipsius,</span> <span class='ocrx_word' id='word_1_249' title='bbox 980 3930 1266 3987; x_wconf 78' lang='lat' dir='ltr'>Puteanus,</span> <span class='ocrx_word' id='word_1_250' title='bbox 1304 3931 1439 3980; x_wconf 86' lang='lat' dir='ltr'>Gru-</span> 
     </span>
     <span class='ocr_line' id='line_1_48' title="bbox 374 4005 1441 4070; baseline -0.004 -11"><span class='ocrx_word' id='word_1_251' title='bbox 374 4017 538 4070; x_wconf 67' lang='lat' dir='ltr'>teruS,</span> <span class='ocrx_word' id='word_1_252' title='bbox 579 4006 832 4061; x_wconf 78' lang='lat' dir='ltr'>Baunius,</span> <span class='ocrx_word' id='word_1_253' title='bbox 874 4005 1207 4066; x_wconf 84' lang='lat' dir='ltr'>Arntzenius,</span> <span class='ocrx_word' id='word_1_254' title='bbox 1246 4014 1301 4055; x_wconf 90' lang='lat' dir='ltr'>et</span> <span class='ocrx_word' id='word_1_255' title='bbox 1334 4007 1441 4064; x_wconf 76' lang='lat' dir='ltr'>alii,</span> 
     </span>
     <span class='ocr_line' id='line_1_49' title="bbox 373 4081 1433 4149; baseline -0.002 -15"><span class='ocrx_word' id='word_1_256' title='bbox 373 4084 737 4149; x_wconf 81' lang='lat' dir='ltr'>prodiderunt.</span> <span class='ocrx_word' id='word_1_257' title='bbox 791 4082 852 4130; x_wconf 88' lang='lat' dir='ltr'>Id</span> <span class='ocrx_word' id='word_1_258' title='bbox 877 4081 1008 4144; x_wconf 89' lang='lat' dir='ltr'>quod</span> <span class='ocrx_word' id='word_1_259' title='bbox 1034 4082 1297 4131; x_wconf 83' lang='lat' dir='ltr'>Livineius</span> <span class='ocrx_word' id='word_1_260' title='bbox 1316 4098 1433 4148; x_wconf 83' lang='lat' dir='ltr'>quo·</span> 
     </span>
     <span class='ocr_line' id='line_1_50' title="bbox 375 4158 1439 4225; baseline -0.003 -13"><span class='ocrx_word' id='word_1_261' title='bbox 375 4162 554 4225; x_wconf 86' lang='lat' dir='ltr'>quein</span> <span class='ocrx_word' id='word_1_262' title='bbox 585 4165 765 4209; x_wconf 86' lang='lat' dir='ltr'>vetere</span> <span class='ocrx_word' id='word_1_263' title='bbox 801 4158 983 4207; x_wconf 86' lang='lat' dir='ltr'>codice</span> <span class='ocrx_word' id='word_1_264' title='bbox 1008 4159 1301 4209; x_wconf 84' lang='lat' dir='ltr'>invenerat.</span> <span class='ocrx_word' id='word_1_265' title='bbox 1366 4160 1439 4209; x_wconf 91' lang='lat' dir='ltr'>U·</span> 
     </span>
     <span class='ocr_line' id='line_1_51' title="bbox 376 4234 1439 4305; baseline -0.002 -16"><span class='ocrx_word' id='word_1_266' title='bbox 376 4244 615 4305; x_wconf 78' lang='lat' dir='ltr'>trumque</span> <span class='ocrx_word' id='word_1_267' title='bbox 639 4235 823 4287; x_wconf 78' lang='lat' dir='ltr'>Latine</span> <span class='ocrx_word' id='word_1_268' title='bbox 846 4234 1059 4287; x_wconf 84' lang='lat' dir='ltr'>dicitur.</span> <span class='ocrx_word' id='word_1_269' title='bbox 1128 4235 1330 4294; x_wconf 82' lang='lat' dir='ltr'>Cicero,</span> <span class='ocrx_word' id='word_1_270' title='bbox 1347 4250 1439 4303; x_wconf 91' lang='lat' dir='ltr'>pro</span> 
     </span>
    </p>
   </div>
   <div class='ocr_carea' id='block_1_6' title="bbox 1963 331 2584 397">
    <p class='ocr_par' dir='ltr' id='par_1_10' title="bbox 1963 331 2584 397">
     <span class='ocr_line' id='line_1_52' title="bbox 1963 331 2584 397; baseline 0.01 -5"><span class='ocrx_word' id='word_1_271' title='bbox 1963 347 2011 393; x_wconf 87' lang='grc' dir='ltr'><strong>ι.</strong></span> <span class='ocrx_word' id='word_1_272' title='bbox 2043 332 2150 396; x_wconf 87' lang='grc'><strong>90.</strong></span> <span class='ocrx_word' id='word_1_273' title='bbox 2412 331 2584 397; x_wconf 84' lang='grc'><strong>1067</strong></span> 
     </span>
    </p>
   </div>
   <div class='ocr_carea' id='block_1_7' title="bbox 1514 486 2590 4298">
    <p class='ocr_par' dir='ltr' id='par_1_11' title="bbox 1514 486 2590 3143">
     <span class='ocr_line' id='line_1_53' title="bbox 1525 486 2585 553; baseline 0.001 -15"><span class='ocrx_word' id='word_1_274' title='bbox 1525 489 1757 551; x_wconf 79' lang='lat' dir='ltr'>Caecins,</span> <span class='ocrx_word' id='word_1_275' title='bbox 1782 503 1901 553; x_wconf 83' lang='lat' dir='ltr'>cap.</span> <span class='ocrx_word' id='word_1_276' title='bbox 1920 492 1971 538; x_wconf 77' lang='lat'>2.</span> <span class='ocrx_word' id='word_1_277' title='bbox 2005 495 2020 518; x_wconf 82' lang='lat'>⁸</span> <span class='ocrx_word' id='word_1_278' title='bbox 2037 486 2189 540; x_wconf 81' lang='lat' dir='ltr'>Quod</span> <span class='ocrx_word' id='word_1_279' title='bbox 2216 489 2453 550; x_wconf 75' lang='lat' dir='ltr'>quoniam</span> <span class='ocrx_word' id='word_1_280' title='bbox 2474 491 2585 553; x_wconf 79' lang='lat' dir='ltr'>jam</span> 
     </span>
     <span class='ocr_line' id='line_1_54' title="bbox 1523 562 2586 616; baseline 0.004 -5"><span class='ocrx_word' id='word_1_281' title='bbox 1523 562 1576 611; x_wconf 89' lang='lat' dir='ltr'>in</span> <span class='ocrx_word' id='word_1_282' title='bbox 1621 563 2049 614; x_wconf 86' lang='lat' dir='ltr'>consuetudinem</span> <span class='ocrx_word' id='word_1_283' title='bbox 2092 563 2268 613; x_wconf 83' lang='lat' dir='ltr'>venit.’</span> <span class='ocrx_word' id='word_1_284' title='bbox 2336 565 2484 616; x_wconf 86' lang='lat' dir='ltr'>Idem</span> <span class='ocrx_word' id='word_1_285' title='bbox 2518 568 2586 615; x_wconf 89' lang='lat' dir='ltr'>de</span> 
     </span>
     <span class='ocr_line' id='line_1_55' title="bbox 1525 638 2588 692; baseline 0.001 -3"><span class='ocrx_word' id='word_1_286' title='bbox 1525 638 1680 690; x_wconf 86' lang='lat' dir='ltr'>offic.</span> <span class='ocrx_word' id='word_1_287' title='bbox 1708 654 1767 690; x_wconf 82' lang='grc' dir='ltr'><strong>ιι.</strong></span> <span class='ocrx_word' id='word_1_288' title='bbox 1792 645 1871 689; x_wconf 89' lang='lat'>15.</span> <span class='ocrx_word' id='word_1_289' title='bbox 1907 649 1921 670; x_wconf 81' lang='lat'>¹</span> <span class='ocrx_word' id='word_1_290' title='bbox 1938 641 2090 691; x_wconf 82' lang='lat' dir='ltr'>Quod</span> <span class='ocrx_word' id='word_1_291' title='bbox 2114 655 2143 689; x_wconf 77' lang='lat' dir='ltr'>s</span> <span class='ocrx_word' id='word_1_292' title='bbox 2168 642 2352 691; x_wconf 87' lang='lat' dir='ltr'>nostris</span> <span class='ocrx_word' id='word_1_293' title='bbox 2375 641 2588 692; x_wconf 86' lang='lat' dir='ltr'>homini·</span> 
     </span>
     <span class='ocr_line' id='line_1_56' title="bbox 1522 717 2587 783; baseline 0.003 -16"><span class='ocrx_word' id='word_1_294' title='bbox 1522 717 1619 767; x_wconf 88' lang='lat' dir='ltr'>bus</span> <span class='ocrx_word' id='word_1_295' title='bbox 1636 719 1921 782; x_wconf 63' lang='lat' dir='ltr'>sar-pissime</span> <span class='ocrx_word' id='word_1_296' title='bbox 1943 726 2260 781; x_wconf 68' lang='lat' dir='ltr'>usurpetum,</span> <span class='ocrx_word' id='word_1_297' title='bbox 2277 728 2382 768; x_wconf 76' lang='lat' dir='ltr'>tum</span> <span class='ocrx_word' id='word_1_298' title='bbox 2400 720 2451 778; x_wconf 87' lang='lat' dir='ltr'>in</span> <span class='ocrx_word' id='word_1_299' title='bbox 2471 735 2587 783; x_wconf 85' lang='lat' dir='ltr'>pro·</span> 
     </span>
     <span class='ocr_line' id='line_1_57' title="bbox 1524 794 2588 849; baseline 0.005 -8"><span class='ocrx_word' id='word_1_300' title='bbox 1524 794 1688 843; x_wconf 79' lang='lat' dir='ltr'>verbii</span> <span class='ocrx_word' id='word_1_301' title='bbox 1712 796 2139 844; x_wconf 80' lang='lat' dir='ltr'>consuetudinem</span> <span class='ocrx_word' id='word_1_302' title='bbox 2164 795 2344 846; x_wconf 82' lang='lat' dir='ltr'>venit.’</span> <span class='ocrx_word' id='word_1_303' title='bbox 2393 798 2588 849; x_wconf 81' lang='lat' dir='ltr'>Quinc-</span> 
     </span>
     <span class='ocr_line' id='line_1_58' title="bbox 1523 871 2588 932; baseline 0.004 -13"><span class='ocrx_word' id='word_1_304' title='bbox 1523 871 1752 932; x_wconf 81' lang='lat' dir='ltr'>tilianus,</span> <span class='ocrx_word' id='word_1_305' title='bbox 1786 873 1897 920; x_wconf 81' lang='lat' dir='ltr'>sive</span> <span class='ocrx_word' id='word_1_306' title='bbox 1920 873 2094 921; x_wconf 82' lang='lat' dir='ltr'>Tacit.</span> <span class='ocrx_word' id='word_1_307' title='bbox 2127 871 2193 919; x_wconf 90' lang='lat' dir='ltr'>de</span> <span class='ocrx_word' id='word_1_308' title='bbox 2230 872 2437 920; x_wconf 85' lang='lat' dir='ltr'>Caussis</span> <span class='ocrx_word' id='word_1_309' title='bbox 2461 874 2588 923; x_wconf 92' lang='lat' dir='ltr'>Cor·</span> 
     </span>
     <span class='ocr_line' id='line_1_59' title="bbox 1520 947 2586 1011; baseline 0.006 -17"><span class='ocrx_word' id='word_1_310' title='bbox 1520 955 1660 1010; x_wconf 79' lang='lat' dir='ltr'>rupt-</span> <span class='ocrx_word' id='word_1_311' title='bbox 1688 948 1836 1011; x_wconf 89' lang='lat' dir='ltr'>Eloq.</span> <span class='ocrx_word' id='word_1_312' title='bbox 1862 961 1979 1009; x_wconf 80' lang='lat' dir='ltr'>cap.</span> <span class='ocrx_word' id='word_1_313' title='bbox 2001 952 2050 997; x_wconf 74' lang='grc'><strong>4.</strong></span> <span class='ocrx_word' id='word_1_314' title='bbox 2085 955 2098 975; x_wconf 84' lang='grc'>·</span> <span class='ocrx_word' id='word_1_315' title='bbox 2122 947 2467 997; x_wconf 78' lang='lat' dir='ltr'>Perturbarer</span> <span class='ocrx_word' id='word_1_316' title='bbox 2492 949 2586 1000; x_wconf 81' lang='lat' dir='ltr'>liae</span> 
     </span>
     <span class='ocr_line' id='line_1_60' title="bbox 1521 1023 2585 1088; baseline 0.002 -15"><span class='ocrx_word' id='word_1_317' title='bbox 1521 1031 1612 1073; x_wconf 80' lang='lat' dir='ltr'>tna</span> <span class='ocrx_word' id='word_1_318' title='bbox 1653 1027 1954 1087; x_wconf 78' lang='lat' dir='ltr'>severitate,</span> <span class='ocrx_word' id='word_1_319' title='bbox 1987 1025 2080 1074; x_wconf 91' lang='lat' dir='ltr'>nisi</span> <span class='ocrx_word' id='word_1_320' title='bbox 2122 1023 2370 1088; x_wconf 81' lang='lat' dir='ltr'>frequens</span> <span class='ocrx_word' id='word_1_321' title='bbox 2406 1033 2462 1074; x_wconf 91' lang='lat' dir='ltr'>et</span> <span class='ocrx_word' id='word_1_322' title='bbox 2506 1041 2585 1075; x_wconf 71' lang='lat' dir='ltr'>ns-</span> 
     </span>
     <span class='ocr_line' id='line_1_61' title="bbox 1515 1101 2586 1150; baseline 0.002 -2"><span class='ocrx_word' id='word_1_323' title='bbox 1515 1101 1665 1150; x_wconf 77' lang='lat' dir='ltr'>sidua</span> <span class='ocrx_word' id='word_1_324' title='bbox 1687 1102 1836 1150; x_wconf 88' lang='lat' dir='ltr'>nobis</span> <span class='ocrx_word' id='word_1_325' title='bbox 1862 1101 2129 1150; x_wconf 84' lang='lat' dir='ltr'>contentio</span> <span class='ocrx_word' id='word_1_326' title='bbox 2166 1102 2216 1149; x_wconf 92' lang='lat' dir='ltr'>in</span> <span class='ocrx_word' id='word_1_327' title='bbox 2253 1102 2586 1150; x_wconf 89' lang='lat' dir='ltr'>consuetudi-</span> 
     </span>
     <span class='ocr_line' id='line_1_62' title="bbox 1518 1177 2587 1228; baseline 0.002 -3"><span class='ocrx_word' id='word_1_328' title='bbox 1518 1192 1637 1226; x_wconf 87' lang='lat' dir='ltr'>nem</span> <span class='ocrx_word' id='word_1_329' title='bbox 1682 1178 1959 1228; x_wconf 60' lang='lat' dir='ltr'>vertisset?</span> <span class='ocrx_word' id='word_1_330' title='bbox 1998 1178 2172 1226; x_wconf 81' lang='lat' dir='ltr'>Tacit.</span> <span class='ocrx_word' id='word_1_331' title='bbox 2217 1177 2357 1226; x_wconf 75' lang='lat' dir='ltr'>Hist.</span> <span class='ocrx_word' id='word_1_332' title='bbox 2404 1183 2587 1227; x_wconf 79' lang='lat' dir='ltr'>1v.27.</span> 
     </span>
     <span class='ocr_line' id='line_1_63' title="bbox 1516 1253 2588 1304; baseline -0.001 0"><span class='ocrx_word' id='word_1_333' title='bbox 1516 1259 1532 1281; x_wconf 85' lang='lat'>‘</span> <span class='ocrx_word' id='word_1_334' title='bbox 1551 1253 1702 1304; x_wconf 84' lang='lat' dir='ltr'>Quod</span> <span class='ocrx_word' id='word_1_335' title='bbox 1734 1263 1836 1302; x_wconf 90' lang='lat' dir='ltr'>tum</span> <span class='ocrx_word' id='word_1_336' title='bbox 1860 1255 1911 1303; x_wconf 92' lang='lat' dir='ltr'>in</span> <span class='ocrx_word' id='word_1_337' title='bbox 1938 1268 2131 1303; x_wconf 89' lang='lat' dir='ltr'>morem</span> <span class='ocrx_word' id='word_1_338' title='bbox 2155 1253 2423 1303; x_wconf 60' lang='lat' dir='ltr'>verterat)</span> <span class='ocrx_word' id='word_1_339' title='bbox 2455 1256 2588 1303; x_wconf 88' lang='lat' dir='ltr'>Ver-</span> 
     </span>
     <span class='ocr_line' id='line_1_64' title="bbox 1519 1327 2588 1392; baseline 0.004 -17"><span class='ocrx_word' id='word_1_340' title='bbox 1519 1327 1636 1375; x_wconf 89' lang='lat' dir='ltr'>bum</span> <span class='ocrx_word' id='word_1_341' title='bbox 1662 1330 1824 1390; x_wconf 76' lang='lat' dir='ltr'>rertie,</span> <span class='ocrx_word' id='word_1_342' title='bbox 1849 1331 1898 1377; x_wconf 90' lang='lat' dir='ltr'>in</span> <span class='ocrx_word' id='word_1_343' title='bbox 1925 1329 2216 1392; x_wconf 77' lang='lat' dir='ltr'>hujusmodi</span> <span class='ocrx_word' id='word_1_344' title='bbox 2244 1329 2478 1378; x_wconf 84' lang='lat' dir='ltr'>formulis</span> <span class='ocrx_word' id='word_1_345' title='bbox 2500 1349 2588 1379; x_wconf 67' lang='grc' dir='ltr'>τι·</span> 
     </span>
     <span class='ocr_line' id='line_1_65' title="bbox 1516 1408 2584 1470; baseline 0.001 -15"><span class='ocrx_word' id='word_1_346' title='bbox 1516 1410 1727 1464; x_wconf 78' lang='grc' dir='ltr'><strong>θητικῶς,</strong></span> <span class='ocrx_word' id='word_1_347' title='bbox 1757 1416 1845 1456; x_wconf 77' lang='lat' dir='ltr'>aut</span> <span class='ocrx_word' id='word_1_348' title='bbox 1883 1409 2167 1470; x_wconf 80' lang='lat' dir='ltr'>reciproce,</span> <span class='ocrx_word' id='word_1_349' title='bbox 2196 1422 2288 1470; x_wconf 89' lang='lat' dir='ltr'>per</span> <span class='ocrx_word' id='word_1_350' title='bbox 2318 1408 2584 1470; x_wconf 76' lang='lat' dir='ltr'>enallagen</span> 
     </span>
     <span class='ocr_line' id='line_1_66' title="bbox 1519 1482 2585 1545; baseline 0.002 -15"><span class='ocrx_word' id='word_1_351' title='bbox 1519 1484 1725 1543; x_wconf 84' lang='lat' dir='ltr'>generis</span> <span class='ocrx_word' id='word_1_352' title='bbox 1750 1482 1989 1545; x_wconf 83' lang='lat' dir='ltr'>sumitur,</span> <span class='ocrx_word' id='word_1_353' title='bbox 2012 1484 2045 1530; x_wconf 90' lang='lat' dir='ltr'>i.</span> <span class='ocrx_word' id='word_1_354' title='bbox 2070 1498 2116 1531; x_wconf 90' lang='lat' dir='ltr'>e.</span> <span class='ocrx_word' id='word_1_355' title='bbox 2157 1491 2169 1511; x_wconf 81' lang='lat'><em>⁴</em></span> <span class='ocrx_word' id='word_1_356' title='bbox 2193 1484 2452 1545; x_wconf 83' lang='lat' dir='ltr'>vertitur‚’</span> <span class='ocrx_word' id='word_1_357' title='bbox 2476 1485 2585 1533; x_wconf 83' lang='lat' dir='ltr'>sive</span> 
     </span>
     <span class='ocr_line' id='line_1_67' title="bbox 1518 1557 2587 1620; baseline 0.003 -16"><span class='ocrx_word' id='word_1_358' title='bbox 1518 1566 1610 1607; x_wconf 78' lang='lat' dir='ltr'>‘se</span> <span class='ocrx_word' id='word_1_359' title='bbox 1653 1557 1862 1619; x_wconf 76' lang='lat' dir='ltr'>vertit3’</span> <span class='ocrx_word' id='word_1_360' title='bbox 1895 1561 1971 1607; x_wconf 90' lang='lat' dir='ltr'>uti</span> <span class='ocrx_word' id='word_1_361' title='bbox 2007 1558 2144 1620; x_wconf 79' lang='lat' dir='ltr'>apud</span> <span class='ocrx_word' id='word_1_362' title='bbox 2193 1560 2307 1607; x_wconf 83' lang='lat' dir='ltr'>Liv.</span> <span class='ocrx_word' id='word_1_363' title='bbox 2348 1573 2509 1609; x_wconf 74' lang='lat' dir='ltr'>xxvi.</span> <span class='ocrx_word' id='word_1_364' title='bbox 2539 1566 2587 1608; x_wconf 84' lang='lat'>6.</span> 
     </span>
     <span class='ocr_line' id='line_1_68' title="bbox 1514 1634 2584 1698; baseline 0.003 -15"><span class='ocrx_word' id='word_1_365' title='bbox 1514 1642 1530 1664; x_wconf 75' lang='lat'><strong>⁸</strong></span> <span class='ocrx_word' id='word_1_366' title='bbox 1557 1636 1630 1683; x_wconf 79' lang='lat' dir='ltr'>Ea</span> <span class='ocrx_word' id='word_1_367' title='bbox 1656 1634 1944 1683; x_wconf 76' lang='lat' dir='ltr'>ludificatio</span> <span class='ocrx_word' id='word_1_368' title='bbox 1969 1643 2021 1684; x_wconf 85' lang='lat' dir='ltr'>et</span> <span class='ocrx_word' id='word_1_369' title='bbox 2046 1636 2158 1698; x_wconf 84' lang='lat' dir='ltr'>ipsa</span> <span class='ocrx_word' id='word_1_370' title='bbox 2194 1635 2245 1683; x_wconf 88' lang='lat' dir='ltr'>in</span> <span class='ocrx_word' id='word_1_371' title='bbox 2272 1650 2447 1683; x_wconf 81' lang='lat' dir='ltr'>verum</span> <span class='ocrx_word' id='word_1_372' title='bbox 2473 1652 2584 1686; x_wconf 85' lang='lat' dir='ltr'>ver·</span> 
     </span>
     <span class='ocr_line' id='line_1_69' title="bbox 1520 1711 2585 1774; baseline 0.003 -14"><span class='ocrx_word' id='word_1_373' title='bbox 1520 1711 1585 1760; x_wconf 88' lang='lat' dir='ltr'>tit</span> <span class='ocrx_word' id='word_1_374' title='bbox 1606 1711 1637 1769; x_wconf 83' lang='lat'>3&#39;</span> <span class='ocrx_word' id='word_1_375' title='bbox 1659 1713 1694 1760; x_wconf 88' lang='lat' dir='ltr'>i.</span> <span class='ocrx_word' id='word_1_376' title='bbox 1714 1727 1761 1760; x_wconf 89' lang='lat' dir='ltr'>e.</span> <span class='ocrx_word' id='word_1_377' title='bbox 1788 1726 1937 1760; x_wconf 80' lang='lat' dir='ltr'>versa</span> <span class='ocrx_word' id='word_1_378' title='bbox 1961 1720 2062 1774; x_wconf 86' lang='lat' dir='ltr'>est,</span> <span class='ocrx_word' id='word_1_379' title='bbox 2085 1719 2137 1760; x_wconf 89' lang='lat' dir='ltr'>et</span> <span class='ocrx_word' id='word_1_380' title='bbox 2162 1725 2280 1774; x_wconf 80' lang='lat' dir='ltr'>cap.</span> <span class='ocrx_word' id='word_1_381' title='bbox 2301 1716 2384 1761; x_wconf 71' lang='lat'>40.</span> <span class='ocrx_word' id='word_1_382' title='bbox 2418 1716 2433 1741; x_wconf 90' lang='lat'>‘</span> <span class='ocrx_word' id='word_1_383' title='bbox 2455 1714 2585 1764; x_wconf 72' lang='lat' dir='ltr'>Haee</span> 
     </span>
     <span class='ocr_line' id='line_1_70' title="bbox 1519 1789 2583 1852; baseline 0.002 -16"><span class='ocrx_word' id='word_1_384' title='bbox 1519 1789 1629 1852; x_wconf 81' lang='lat' dir='ltr'>ejus</span> <span class='ocrx_word' id='word_1_385' title='bbox 1665 1790 1829 1848; x_wconf 75' lang='lat' dir='ltr'>gloria</span> <span class='ocrx_word' id='word_1_386' title='bbox 1964 1799 2225 1850; x_wconf 84' lang='lat' dir='ltr'>postremo</span> <span class='ocrx_word' id='word_1_387' title='bbox 2261 1789 2312 1837; x_wconf 88' lang='lat' dir='ltr'>in</span> <span class='ocrx_word' id='word_1_388' title='bbox 2341 1789 2583 1838; x_wconf 79' lang='lat' dir='ltr'>invidiam</span> 
     </span>
     <span class='ocr_line' id='line_1_71' title="bbox 1521 1863 2587 1928; baseline 0.001 -16"><span class='ocrx_word' id='word_1_389' title='bbox 1521 1867 1678 1914; x_wconf 80' lang='lat' dir='ltr'>vertit</span> <span class='ocrx_word' id='word_1_390' title='bbox 1703 1865 1736 1912; x_wconf 73' lang='grc' dir='ltr'>ι’</span> <span class='ocrx_word' id='word_1_391' title='bbox 1773 1865 1908 1928; x_wconf 85' lang='lat' dir='ltr'>apud</span> <span class='ocrx_word' id='word_1_392' title='bbox 1954 1865 2120 1913; x_wconf 81' lang='lat' dir='ltr'>Tacit.</span> <span class='ocrx_word' id='word_1_393' title='bbox 2159 1863 2349 1913; x_wconf 77' lang='lat' dir='ltr'>Anuai.</span> <span class='ocrx_word' id='word_1_394' title='bbox 2388 1879 2465 1914; x_wconf 78' lang='lat' dir='ltr'>vt.</span> <span class='ocrx_word' id='word_1_395' title='bbox 2502 1870 2587 1914; x_wconf 77' lang='grc'><strong>46.</strong></span> 
     </span>
     <span class='ocr_line' id='line_1_72' title="bbox 1518 1941 2584 2002; baseline 0.002 -13"><span class='ocrx_word' id='word_1_396' title='bbox 1518 1949 1533 1970; x_wconf 76' lang='lat'>⁸</span> <span class='ocrx_word' id='word_1_397' title='bbox 1554 1942 1638 1989; x_wconf 81' lang='lat' dir='ltr'>Ne</span> <span class='ocrx_word' id='word_1_398' title='bbox 1659 1942 1903 1989; x_wconf 83' lang='lat' dir='ltr'>memoria</span> <span class='ocrx_word' id='word_1_399' title='bbox 1923 1941 2163 2002; x_wconf 82' lang='lat' dir='ltr'>Augusti,</span> <span class='ocrx_word' id='word_1_400' title='bbox 2182 1956 2246 1989; x_wconf 92' lang='lat' dir='ltr'>ne</span> <span class='ocrx_word' id='word_1_401' title='bbox 2267 1955 2452 1990; x_wconf 87' lang='lat' dir='ltr'>nomen</span> <span class='ocrx_word' id='word_1_402' title='bbox 2474 1942 2584 1991; x_wconf 84' lang='lat' dir='ltr'>Cae·</span> 
     </span>
     <span class='ocr_line' id='line_1_73' title="bbox 1517 2017 2583 2075; baseline 0.002 -11"><span class='ocrx_word' id='word_1_403' title='bbox 1517 2031 1709 2075; x_wconf 79' lang='lat' dir='ltr'>sarum,</span> <span class='ocrx_word' id='word_1_404' title='bbox 1745 2017 1794 2065; x_wconf 90' lang='lat' dir='ltr'>in</span> <span class='ocrx_word' id='word_1_405' title='bbox 1835 2018 2114 2067; x_wconf 75' lang='lat' dir='ltr'>ludibrium</span> <span class='ocrx_word' id='word_1_406' title='bbox 2140 2026 2194 2065; x_wconf 94' lang='lat' dir='ltr'>et</span> <span class='ocrx_word' id='word_1_407' title='bbox 2221 2017 2583 2066; x_wconf 78' lang='lat' dir='ltr'>contumeliam</span> 
     </span>
     <span class='ocr_line' id='line_1_74' title="bbox 1519 2092 2585 2156; baseline 0.004 -18"><span class='ocrx_word' id='word_1_408' title='bbox 1519 2100 1771 2146; x_wconf 78' lang='lat' dir='ltr'>verteret,</span> <span class='ocrx_word' id='word_1_409' title='bbox 1797 2092 2094 2141; x_wconf 61' lang='lat' dir='ltr'>metuebat!</span> <span class='ocrx_word' id='word_1_410' title='bbox 2162 2092 2246 2141; x_wconf 92' lang='lat' dir='ltr'>De</span> <span class='ocrx_word' id='word_1_411' title='bbox 2272 2109 2374 2156; x_wconf 80' lang='lat' dir='ltr'>qua</span> <span class='ocrx_word' id='word_1_412' title='bbox 2398 2093 2585 2143; x_wconf 84' lang='lat' dir='ltr'>dictio-</span> 
     </span>
     <span class='ocr_line' id='line_1_75' title="bbox 1521 2168 2587 2231; baseline 0.005 -16"><span class='ocrx_word' id='word_1_413' title='bbox 1521 2182 1584 2215; x_wconf 90' lang='lat' dir='ltr'>ne</span> <span class='ocrx_word' id='word_1_414' title='bbox 1609 2169 1716 2231; x_wconf 78' lang='lat' dir='ltr'>agit</span> <span class='ocrx_word' id='word_1_415' title='bbox 1740 2169 2044 2218; x_wconf 87' lang='lat' dir='ltr'>Veclmerus</span> <span class='ocrx_word' id='word_1_416' title='bbox 2079 2168 2408 2218; x_wconf 80' lang='lat' dir='ltr'>Hellenolex.</span> <span class='ocrx_word' id='word_1_417' title='bbox 2424 2183 2486 2218; x_wconf 84' lang='lat' dir='ltr'>u.</span> <span class='ocrx_word' id='word_1_418' title='bbox 2508 2174 2587 2220; x_wconf 79' lang='grc'><strong>12.</strong></span> 
     </span>
     <span class='ocr_line' id='line_1_76' title="bbox 1519 2244 2590 2308; baseline 0.001 -15"><span class='ocrx_word' id='word_1_419' title='bbox 1519 2251 1576 2293; x_wconf 89' lang='lat' dir='ltr'>et</span> <span class='ocrx_word' id='word_1_420' title='bbox 1599 2245 1829 2307; x_wconf 76' lang='lat' dir='ltr'>Bsngius</span> <span class='ocrx_word' id='word_1_421' title='bbox 1863 2244 2147 2294; x_wconf 76' lang='lat' dir='ltr'>Observat.</span> <span class='ocrx_word' id='word_1_422' title='bbox 2173 2244 2435 2308; x_wconf 74' lang='lat' dir='ltr'>Pliilolog.</span> <span class='ocrx_word' id='word_1_423' title='bbox 2465 2246 2498 2296; x_wconf 89' lang='lat' dir='ltr'>l.</span> <span class='ocrx_word' id='word_1_424' title='bbox 2525 2260 2590 2296; x_wconf 93' lang='grc' dir='ltr'><strong>ιι.</strong></span> 
     </span>
     <span class='ocr_line' id='line_1_77' title="bbox 1521 2319 2583 2384; baseline 0.002 -14"><span class='ocrx_word' id='word_1_425' title='bbox 1521 2335 1573 2383; x_wconf 89' lang='lat' dir='ltr'>p.</span> <span class='ocrx_word' id='word_1_426' title='bbox 1599 2324 1748 2370; x_wconf 75' lang='lat'>1³20.</span> <span class='ocrx_word' id='word_1_427' title='bbox 1816 2319 2026 2384; x_wconf 82' lang='lat' dir='ltr'>Anceps</span> <span class='ocrx_word' id='word_1_428' title='bbox 2058 2321 2218 2383; x_wconf 83' lang='lat' dir='ltr'>igitur</span> <span class='ocrx_word' id='word_1_429' title='bbox 2247 2322 2388 2377; x_wconf 78' lang='lat' dir='ltr'>haesi,</span> <span class='ocrx_word' id='word_1_430' title='bbox 2411 2330 2583 2372; x_wconf 90' lang='lat' dir='ltr'>utrum</span> 
     </span>
     <span class='ocr_line' id='line_1_78' title="bbox 1521 2397 2585 2461; baseline 0.005 -17"><span class='ocrx_word' id='word_1_431' title='bbox 1521 2397 1735 2447; x_wconf 84' lang='lat' dir='ltr'>verbum</span> <span class='ocrx_word' id='word_1_432' title='bbox 1782 2399 1911 2446; x_wconf 72' lang='lat' dir='ltr'>venit</span> <span class='ocrx_word' id='word_1_433' title='bbox 1955 2397 2280 2461; x_wconf 71' lang='lat' dir='ltr'>adoptarem,</span> <span class='ocrx_word' id='word_1_434' title='bbox 2315 2412 2381 2446; x_wconf 77' lang='lat' dir='ltr'>au</span> <span class='ocrx_word' id='word_1_435' title='bbox 2418 2400 2585 2449; x_wconf 75' lang='lat' dir='ltr'>vertit.</span> 
     </span>
     <span class='ocr_line' id='line_1_79' title="bbox 1519 2473 2585 2538; baseline 0.001 -14"><span class='ocrx_word' id='word_1_436' title='bbox 1519 2473 1805 2537; x_wconf 82' lang='lat' dir='ltr'>Amplexus</span> <span class='ocrx_word' id='word_1_437' title='bbox 1858 2473 2062 2523; x_wconf 87' lang='lat' dir='ltr'>demum</span> <span class='ocrx_word' id='word_1_438' title='bbox 2121 2488 2230 2523; x_wconf 89' lang='lat' dir='ltr'>sum</span> <span class='ocrx_word' id='word_1_439' title='bbox 2287 2475 2585 2538; x_wconf 77' lang='lat' dir='ltr'>posterius3</span> 
     </span>
     <span class='ocr_line' id='line_1_80' title="bbox 1520 2551 2585 2615; baseline 0.003 -16"><span class='ocrx_word' id='word_1_440' title='bbox 1520 2551 1659 2615; x_wconf 81' lang='lat' dir='ltr'>quod</span> <span class='ocrx_word' id='word_1_441' title='bbox 1705 2558 1784 2600; x_wconf 90' lang='lat' dir='ltr'>tot</span> <span class='ocrx_word' id='word_1_442' title='bbox 1819 2551 2053 2600; x_wconf 82' lang='lat' dir='ltr'>codicum</span> <span class='ocrx_word' id='word_1_443' title='bbox 2088 2552 2218 2600; x_wconf 87' lang='lat' dir='ltr'>Mss.</span> <span class='ocrx_word' id='word_1_444' title='bbox 2258 2567 2354 2602; x_wconf 88' lang='lat' dir='ltr'>nec</span> <span class='ocrx_word' id='word_1_445' title='bbox 2395 2567 2585 2615; x_wconf 82' lang='lat' dir='ltr'>pauco·</span> 
     </span>
     <span class='ocr_line' id='line_1_81' title="bbox 1520 2627 2585 2692; baseline 0.005 -17"><span class='ocrx_word' id='word_1_446' title='bbox 1520 2643 1632 2676; x_wconf 89' lang='lat' dir='ltr'>rum</span> <span class='ocrx_word' id='word_1_447' title='bbox 1676 2628 2041 2690; x_wconf 85' lang='lat' dir='ltr'>impressorum</span> <span class='ocrx_word' id='word_1_448' title='bbox 2078 2627 2323 2692; x_wconf 71' lang='lat' dir='ltr'>suffragio</span> <span class='ocrx_word' id='word_1_449' title='bbox 2362 2631 2585 2680; x_wconf 83' lang='lat' dir='ltr'>sustine-</span> 
     </span>
     <span class='ocr_line' id='line_1_82' title="bbox 1517 2703 2583 2770; baseline 0.003 -18"><span class='ocrx_word' id='word_1_450' title='bbox 1517 2712 1620 2752; x_wconf 84' lang='lat' dir='ltr'>tur.</span> <span class='ocrx_word' id='word_1_451' title='bbox 1690 2704 1807 2753; x_wconf 84' lang='lat' dir='ltr'>Huc</span> <span class='ocrx_word' id='word_1_452' title='bbox 1833 2703 2057 2769; x_wconf 77' lang='lat' dir='ltr'>accedit,</span> <span class='ocrx_word' id='word_1_453' title='bbox 2096 2706 2232 2770; x_wconf 85' lang='lat' dir='ltr'>quod</span> <span class='ocrx_word' id='word_1_454' title='bbox 2259 2706 2583 2755; x_wconf 77' lang='lat' dir='ltr'>verisimilius</span> 
     </span>
     <span class='ocr_line' id='line_1_83' title="bbox 1517 2779 2583 2846; baseline 0.003 -18"><span class='ocrx_word' id='word_1_455' title='bbox 1517 2779 1632 2829; x_wconf 82' lang='lat' dir='ltr'>fieri</span> <span class='ocrx_word' id='word_1_456' title='bbox 1658 2782 1906 2844; x_wconf 88' lang='lat' dir='ltr'>potuerit,</span> <span class='ocrx_word' id='word_1_457' title='bbox 1928 2788 1987 2830; x_wconf 91' lang='lat' dir='ltr'>ut</span> <span class='ocrx_word' id='word_1_458' title='bbox 2013 2781 2225 2831; x_wconf 84' lang='lat' dir='ltr'>verbum</span> <span class='ocrx_word' id='word_1_459' title='bbox 2257 2783 2421 2842; x_wconf 75' lang='lat' dir='ltr'>uertit,</span> <span class='ocrx_word' id='word_1_460' title='bbox 2447 2783 2583 2846; x_wconf 85' lang='lat' dir='ltr'>quod</span> 
     </span>
     <span class='ocr_line' id='line_1_84' title="bbox 1519 2856 2586 2923; baseline 0.002 -17"><span class='ocrx_word' id='word_1_461' title='bbox 1519 2858 1573 2906; x_wconf 84' lang='lat' dir='ltr'>in</span> <span class='ocrx_word' id='word_1_462' title='bbox 1599 2858 1694 2908; x_wconf 76' lang='lat' dir='ltr'>linc</span> <span class='ocrx_word' id='word_1_463' title='bbox 1718 2858 1960 2923; x_wconf 84' lang='lat' dir='ltr'>loquendi</span> <span class='ocrx_word' id='word_1_464' title='bbox 1985 2856 2205 2908; x_wconf 79' lang='lat' dir='ltr'>formula</span> <span class='ocrx_word' id='word_1_465' title='bbox 2226 2874 2327 2908; x_wconf 90' lang='lat' dir='ltr'>non</span> <span class='ocrx_word' id='word_1_466' title='bbox 2355 2867 2458 2908; x_wconf 82' lang='lat' dir='ltr'>tam</span> <span class='ocrx_word' id='word_1_467' title='bbox 2482 2858 2586 2908; x_wconf 80' lang='lat' dir='ltr'>fre·</span> 
     </span>
     <span class='ocr_line' id='line_1_85' title="bbox 1521 2934 2588 2997; baseline 0.001 -15"><span class='ocrx_word' id='word_1_468' title='bbox 1521 2942 1747 2997; x_wconf 91' lang='lat' dir='ltr'>quenter</span> <span class='ocrx_word' id='word_1_469' title='bbox 1782 2934 2024 2990; x_wconf 86' lang='lat' dir='ltr'>occurrit,</span> <span class='ocrx_word' id='word_1_470' title='bbox 2064 2935 2116 2983; x_wconf 89' lang='lat' dir='ltr'>in</span> <span class='ocrx_word' id='word_1_471' title='bbox 2151 2936 2365 2983; x_wconf 81' lang='lat' dir='ltr'>verbum</span> <span class='ocrx_word' id='word_1_472' title='bbox 2393 2936 2588 2997; x_wconf 86' lang='lat' dir='ltr'>notius,</span> 
     </span>
     <span class='ocr_line' id='line_1_86' title="bbox 1519 3012 2583 3075; baseline 0 -16"><span class='ocrx_word' id='word_1_473' title='bbox 1519 3012 1684 3069; x_wconf 51' lang='grc' dir='ltr'>νηπίη·</span> <span class='ocrx_word' id='word_1_474' title='bbox 1719 3026 1871 3075; x_wconf 77' lang='lat' dir='ltr'>quam</span> <span class='ocrx_word' id='word_1_475' title='bbox 1910 3024 2057 3060; x_wconf 78' lang='lat' dir='ltr'>versu</span> <span class='ocrx_word' id='word_1_476' title='bbox 2091 3012 2222 3073; x_wconf 83' lang='lat' dir='ltr'>vice,</span> <span class='ocrx_word' id='word_1_477' title='bbox 2255 3012 2456 3060; x_wconf 76' lang='lat' dir='ltr'>venitin</span> <span class='ocrx_word' id='word_1_478' title='bbox 2479 3026 2583 3060; x_wconf 75' lang='lat' dir='ltr'>oer-</span> 
     </span>
     <span class='ocr_line' id='line_1_87' title="bbox 1520 3087 2419 3143; baseline -0.003 -6"><span class='ocrx_word' id='word_1_479' title='bbox 1520 3087 1603 3143; x_wconf 74' lang='lat' dir='ltr'>tie,</span> <span class='ocrx_word' id='word_1_480' title='bbox 1631 3103 1660 3136; x_wconf 78' lang='lat' dir='ltr'><strong>a</strong></span> <span class='ocrx_word' id='word_1_481' title='bbox 1683 3088 1903 3135; x_wconf 78' lang='lat' dir='ltr'>librariis</span> <span class='ocrx_word' id='word_1_482' title='bbox 1927 3096 2231 3136; x_wconf 78' lang='lat' dir='ltr'>mutaretur.</span> <span class='ocrx_word' id='word_1_483' title='bbox 2267 3088 2419 3137; x_wconf 78' lang='lat' dir='ltr'>Idem.</span> 
     </span>
    </p>

    <p class='ocr_par' dir='ltr' id='par_1_12' title="bbox 1520 3163 2586 3443">
     <span class='ocr_line' id='line_1_88' title="bbox 1588 3163 2586 3225; baseline 0 -11"><span class='ocrx_word' id='word_1_484' title='bbox 1588 3166 1650 3214; x_wconf 75' lang='lat' dir='ltr'>In</span> <span class='ocrx_word' id='word_1_485' title='bbox 1686 3166 2069 3213; x_wconf 70' lang='lat' dir='ltr'>consuetudinem</span> <span class='ocrx_word' id='word_1_486' title='bbox 2104 3163 2277 3225; x_wconf 77' lang='lat' dir='ltr'>vertit]</span> <span class='ocrx_word' id='word_1_487' title='bbox 2314 3163 2375 3211; x_wconf 77' lang='lat' dir='ltr'>In</span> <span class='ocrx_word' id='word_1_488' title='bbox 2396 3177 2586 3215; x_wconf 70' lang='lat' dir='ltr'>consue·</span> 
     </span>
     <span class='ocr_line' id='line_1_89' title="bbox 1520 3240 2582 3301; baseline -0.001 -10"><span class='ocrx_word' id='word_1_489' title='bbox 1520 3242 1730 3291; x_wconf 77' lang='lat' dir='ltr'>tudinem</span> <span class='ocrx_word' id='word_1_490' title='bbox 1762 3241 1891 3290; x_wconf 77' lang='lat' dir='ltr'>venit</span> <span class='ocrx_word' id='word_1_491' title='bbox 1925 3241 2092 3289; x_wconf 80' lang='lat' dir='ltr'>Livio.</span> <span class='ocrx_word' id='word_1_492' title='bbox 2117 3241 2168 3288; x_wconf 89' lang='lat' dir='ltr'>in</span> <span class='ocrx_word' id='word_1_493' title='bbox 2196 3246 2376 3301; x_wconf 78' lang='lat' dir='ltr'>textu;</span> <span class='ocrx_word' id='word_1_494' title='bbox 2413 3240 2503 3289; x_wconf 85' lang='lat' dir='ltr'>sed</span> <span class='ocrx_word' id='word_1_495' title='bbox 2533 3242 2582 3290; x_wconf 89' lang='lat' dir='ltr'>in</span> 
     </span>
     <span class='ocr_line' id='line_1_90' title="bbox 1520 3317 2586 3380; baseline -0.001 -13"><span class='ocrx_word' id='word_1_496' title='bbox 1520 3322 1772 3380; x_wconf 84' lang='lat' dir='ltr'>margine,</span> <span class='ocrx_word' id='word_1_497' title='bbox 1814 3319 1865 3365; x_wconf 76' lang='lat' dir='ltr'>in</span> <span class='ocrx_word' id='word_1_498' title='bbox 1905 3317 2288 3368; x_wconf 76' lang='lat' dir='ltr'>consuetudinem</span> <span class='ocrx_word' id='word_1_499' title='bbox 2325 3318 2470 3368; x_wconf 75' lang='lat' dir='ltr'>vertit</span> <span class='ocrx_word' id='word_1_500' title='bbox 2513 3319 2586 3372; x_wconf 86' lang='lat' dir='ltr'>V.</span> 
     </span>
     <span class='ocr_line' id='line_1_91' title="bbox 1521 3395 1965 3443; baseline -0.007 0"><span class='ocrx_word' id='word_1_501' title='bbox 1521 3403 1687 3443; x_wconf 88' lang='lat' dir='ltr'>recte.</span> <span class='ocrx_word' id='word_1_502' title='bbox 1726 3395 1965 3443; x_wconf 79' lang='lat' dir='ltr'>Rittersh.</span> 
     </span>
    </p>

    <p class='ocr_par' dir='ltr' id='par_1_13' title="bbox 1515 3469 2587 4298">
     <span class='ocr_line' id='line_1_92' title="bbox 1589 3469 2586 3533; baseline 0.001 -14"><span class='ocrx_word' id='word_1_503' title='bbox 1589 3472 1873 3520; x_wconf 77' lang='lat' dir='ltr'>Gratiarum</span> <span class='ocrx_word' id='word_1_504' title='bbox 1905 3471 2090 3520; x_wconf 78' lang='lat' dir='ltr'>actione</span> <span class='ocrx_word' id='word_1_505' title='bbox 2120 3469 2325 3533; x_wconf 79' lang='lat' dir='ltr'>perlata]</span> <span class='ocrx_word' id='word_1_506' title='bbox 2358 3471 2475 3522; x_wconf 76' lang='lat' dir='ltr'>Jnm</span> <span class='ocrx_word' id='word_1_507' title='bbox 2500 3486 2586 3520; x_wconf 91' lang='lat' dir='ltr'>su-</span> 
     </span>
     <span class='ocr_line' id='line_1_93' title="bbox 1520 3548 2583 3611; baseline -0.001 -14"><span class='ocrx_word' id='word_1_508' title='bbox 1520 3563 1631 3611; x_wconf 77' lang='lat' dir='ltr'>pra,</span> <span class='ocrx_word' id='word_1_509' title='bbox 1669 3563 1746 3597; x_wconf 82' lang='lat' dir='ltr'>tv.</span> <span class='ocrx_word' id='word_1_510' title='bbox 1783 3553 1829 3598; x_wconf 84' lang='lat' dir='ltr'>t.</span> <span class='ocrx_word' id='word_1_511' title='bbox 1869 3549 2005 3597; x_wconf 82' lang='lat' dir='ltr'>dixit</span> <span class='ocrx_word' id='word_1_512' title='bbox 2039 3548 2277 3597; x_wconf 83' lang='lat' dir='ltr'>Plinius:</span> <span class='ocrx_word' id='word_1_513' title='bbox 2318 3549 2453 3597; x_wconf 88' lang='lat' dir='ltr'>‘Sed</span> <span class='ocrx_word' id='word_1_514' title='bbox 2495 3562 2583 3611; x_wconf 73' lang='lat' dir='ltr'>ps-</span> 
     </span>
     <span class='ocr_line' id='line_1_94' title="bbox 1517 3624 2581 3687; baseline -0.001 -14"><span class='ocrx_word' id='word_1_515' title='bbox 1517 3624 1735 3675; x_wconf 89' lang='lat' dir='ltr'>rendum</span> <span class='ocrx_word' id='word_1_516' title='bbox 1774 3632 1857 3673; x_wconf 89' lang='lat' dir='ltr'>est</span> <span class='ocrx_word' id='word_1_517' title='bbox 1899 3634 2109 3674; x_wconf 79' lang='lat' dir='ltr'>senatus</span> <span class='ocrx_word' id='word_1_518' title='bbox 2152 3626 2408 3686; x_wconf 79' lang='lat' dir='ltr'>consulto,</span> <span class='ocrx_word' id='word_1_519' title='bbox 2445 3624 2581 3687; x_wconf 84' lang='lat' dir='ltr'>quod</span> 
     </span>
     <span class='ocr_line' id='line_1_95' title="bbox 1518 3701 2584 3763; baseline -0.003 -14"><span class='ocrx_word' id='word_1_520' title='bbox 1518 3714 1586 3749; x_wconf 85' lang='lat' dir='ltr'>ex</span> <span class='ocrx_word' id='word_1_521' title='bbox 1618 3701 1848 3749; x_wconf 69' lang='lat' dir='ltr'>utilitate</span> <span class='ocrx_word' id='word_1_522' title='bbox 1888 3701 2096 3763; x_wconf 81' lang='lat' dir='ltr'>publica</span> <span class='ocrx_word' id='word_1_523' title='bbox 2133 3701 2347 3763; x_wconf 78' lang='lat' dir='ltr'>placuit,</span> <span class='ocrx_word' id='word_1_524' title='bbox 2373 3708 2430 3749; x_wconf 89' lang='lat' dir='ltr'>ut</span> <span class='ocrx_word' id='word_1_525' title='bbox 2464 3713 2584 3747; x_wconf 91' lang='lat' dir='ltr'>con-</span> 
     </span>
     <span class='ocr_line' id='line_1_96' title="bbox 1517 3777 2584 3840; baseline -0.005 -13"><span class='ocrx_word' id='word_1_526' title='bbox 1517 3778 1641 3827; x_wconf 88' lang='lat' dir='ltr'>sulis</span> <span class='ocrx_word' id='word_1_527' title='bbox 1663 3792 1807 3837; x_wconf 80' lang='lat' dir='ltr'>voce,</span> <span class='ocrx_word' id='word_1_528' title='bbox 1828 3777 1924 3827; x_wconf 89' lang='lat' dir='ltr'>sub</span> <span class='ocrx_word' id='word_1_529' title='bbox 1946 3780 2095 3827; x_wconf 89' lang='lat' dir='ltr'>titulo</span> <span class='ocrx_word' id='word_1_530' title='bbox 2119 3779 2404 3840; x_wconf 74' lang='lat' dir='ltr'>gratiarum</span> <span class='ocrx_word' id='word_1_531' title='bbox 2426 3789 2584 3836; x_wconf 80' lang='lat' dir='ltr'>agen·</span> 
     </span>
     <span class='ocr_line' id='line_1_97' title="bbox 1517 3851 2587 3917; baseline -0.002 -15"><span class='ocrx_word' id='word_1_532' title='bbox 1517 3854 1720 3909; x_wconf 85' lang='lat' dir='ltr'>darum,</span> <span class='ocrx_word' id='word_1_533' title='bbox 1745 3853 1863 3903; x_wconf 91' lang='lat' dir='ltr'>boni</span> <span class='ocrx_word' id='word_1_534' title='bbox 1890 3854 2171 3916; x_wconf 88' lang='lat' dir='ltr'>principes,</span> <span class='ocrx_word' id='word_1_535' title='bbox 2195 3867 2308 3917; x_wconf 78' lang='lat' dir='ltr'>quae</span> <span class='ocrx_word' id='word_1_536' title='bbox 2329 3851 2587 3914; x_wconf 77' lang='lat' dir='ltr'>facerent,</span> 
     </span>
     <span class='ocr_line' id='line_1_98' title="bbox 1518 3926 2581 3993; baseline -0.001 -14"><span class='ocrx_word' id='word_1_537' title='bbox 1518 3937 1976 3993; x_wconf 79' lang='lat' dir='ltr'>recognoscerent3</span> <span class='ocrx_word' id='word_1_538' title='bbox 2008 3928 2145 3987; x_wconf 73' lang='lat' dir='ltr'>mali,</span> <span class='ocrx_word' id='word_1_539' title='bbox 2160 3943 2274 3992; x_wconf 80' lang='lat' dir='ltr'>quae</span> <span class='ocrx_word' id='word_1_540' title='bbox 2296 3926 2472 3976; x_wconf 75' lang='lat' dir='ltr'>facere</span> <span class='ocrx_word' id='word_1_541' title='bbox 2491 3928 2581 3978; x_wconf 90' lang='lat' dir='ltr'>de·</span> 
     </span>
     <span class='ocr_line' id='line_1_99' title="bbox 1517 4002 2581 4066; baseline -0.002 -11"><span class='ocrx_word' id='word_1_542' title='bbox 1517 4006 1749 4056; x_wconf 84' lang='lat' dir='ltr'>berent.’</span> <span class='ocrx_word' id='word_1_543' title='bbox 1831 4004 1899 4051; x_wconf 90' lang='lat' dir='ltr'>Et</span> <span class='ocrx_word' id='word_1_544' title='bbox 1947 4002 2115 4051; x_wconf 88' lang='lat' dir='ltr'>eidem</span> <span class='ocrx_word' id='word_1_545' title='bbox 2162 4004 2330 4066; x_wconf 83' lang='lat' dir='ltr'>Epist.</span> <span class='ocrx_word' id='word_1_546' title='bbox 2372 4016 2460 4051; x_wconf 85' lang='lat' dir='ltr'>ut.</span> <span class='ocrx_word' id='word_1_547' title='bbox 2503 4006 2581 4053; x_wconf 83' lang='lat'>18.</span> 
     </span>
     <span class='ocr_line' id='line_1_100' title="bbox 1515 4079 2581 4144; baseline -0.006 -11"><span class='ocrx_word' id='word_1_548' title='bbox 1515 4080 1796 4134; x_wconf 84' lang='lat' dir='ltr'>‘Officium</span> <span class='ocrx_word' id='word_1_549' title='bbox 1838 4080 2135 4129; x_wconf 77' lang='lat' dir='ltr'>consulatus</span> <span class='ocrx_word' id='word_1_550' title='bbox 2173 4079 2399 4144; x_wconf 82' lang='lat' dir='ltr'>injunxit</span> <span class='ocrx_word' id='word_1_551' title='bbox 2438 4081 2581 4143; x_wconf 83' lang='lat' dir='ltr'>mihi,</span> 
     </span>
     <span class='ocr_line' id='line_1_101' title="bbox 1515 4155 2581 4221; baseline -0.002 -13"><span class='ocrx_word' id='word_1_552' title='bbox 1515 4168 1576 4208; x_wconf 89' lang='lat' dir='ltr'>ut</span> <span class='ocrx_word' id='word_1_553' title='bbox 1611 4156 1914 4221; x_wconf 64' lang='lat' dir='ltr'>reipublice</span> <span class='ocrx_word' id='word_1_554' title='bbox 1953 4155 2164 4205; x_wconf 83' lang='lat' dir='ltr'>nomine</span> <span class='ocrx_word' id='word_1_555' title='bbox 2200 4156 2420 4220; x_wconf 86' lang='lat' dir='ltr'>principi</span> <span class='ocrx_word' id='word_1_556' title='bbox 2465 4170 2581 4220; x_wconf 77' lang='lat' dir='ltr'>gra·</span> 
     </span>
     <span class='ocr_line' id='line_1_102' title="bbox 1516 4228 2583 4298; baseline -0.002 -12"><span class='ocrx_word' id='word_1_557' title='bbox 1516 4237 1619 4287; x_wconf 76' lang='lat' dir='ltr'>tius</span> <span class='ocrx_word' id='word_1_558' title='bbox 1643 4232 1886 4298; x_wconf 80' lang='lat' dir='ltr'>sgerem.&#39;</span> <span class='ocrx_word' id='word_1_559' title='bbox 1950 4228 2172 4284; x_wconf 74' lang='lat' dir='ltr'>Quando</span> <span class='ocrx_word' id='word_1_560' title='bbox 2202 4232 2326 4283; x_wconf 85' lang='lat' dir='ltr'>illud</span> <span class='ocrx_word' id='word_1_561' title='bbox 2349 4242 2583 4286; x_wconf 76' lang='lat' dir='ltr'>senatus-</span> 
     </span>
    </p>
   </div>
  </div>
 </body>
</html>
