3060 4902
772 359 837 406 0.
883 358 1126 407 emm!
1176 360 1509 411 ssscuunt
1561 361 1838 427 PANEG.

399 502 500 553 Sub
520 502 734 563 exempto
755 501 853 565 tui]
891 501 994 552 Sub
1026 504 1235 566 exempto
1267 505 1397 568 pati-

330 581 476 631 entia
509 585 605 627 tare
630 578 691 626 C.
717 577 787 628 G.
824 578 988 627 Lirin.
1017 581 1233 642 optime.
1283 581 1395 630 Rit-

332 656 481 705 εει-σή.

395 730 561 794 Sedit]
585 729 920 780 Tralatitium
938 735 1039 791 est,
1052 728 1187 792 apud
1207 730 1395 780 Roma·

329 822 424 857 nos
466 815 629 856 totum
666 812 919 863 senatum,
955 806 1043 855 ubi
1079 814 1394 856 convocatus

331 892 466 947 erat,
480 884 799 934 consedisse.
841 885 987 933 Tunc
1001 884 1272 947 Traianus,
1286 892 1396 933 tan-

331 976 489 1026 quam
520 960 721 1015 consul,
742 959 944 1009 senatui
979 960 1030 1007 in
1065 960 1194 1009 sella
1230 959 1398 1009 curuli

331 1037 603 1101 praesedit.
673 1036 742 1085 Et
778 1036 955 1091 credo,
989 1049 1090 1084 non
1123 1036 1288 1085 solnm
1322 1037 1395 1085 al-

332 1121 501 1163 terum
541 1114 826 1175 consulem,
854 1112 946 1162 sed
980 1113 1138 1162 etiam
1174 1110 1397 1162 fortasse

330 1190 568 1240 consules
602 1190 916 1253 designatos,
953 1196 1010 1238 et
1045 1188 1172 1238 alios
1211 1189 1398 1253 magis-

331 1273 499 1315 tratus
521 1266 761 1329 majores,
783 1267 834 1315 iu
867 1266 1006 1315 sellis
1033 1262 1295 1315 curulibus
1318 1280 1398 1314 se-

331 1343 469 1393 disse
487 1360 504 1405 ς
527 1341 737 1393 ceteros
754 1352 1022 1393 senatores
1047 1343 1097 1392 in
1118 1343 1398 1407 subselliis,

330 1420 429 1469 boc
453 1427 557 1480 est,
576 1420 787 1468 sedibus
820 1419 1138 1482 aliquantum
1162 1417 1397 1468 humilio-

331 1497 494 1545 ribus.
562 1497 672 1545 Cic.
691 1496 850 1547 Catil.
874 1509 913 1545 ι.
935 1500 983 1545 7.
1008 1503 1024 1525 ·
1045 1495 1183 1545 Quid
1203 1494 1222 1542 ?
1258 1495 1395 1559 quod

329 1575 561 1623 adventu
592 1581 680 1623 tuo
714 1574 816 1623 ista
836 1571 1085 1621 subsellia
1110 1585 1268 1621 vacua
1293 1569 1399 1621 fac-

332 1658 387 1701 ta
421 1658 578 1709 sunt3
616 1649 753 1715 quod
789 1664 967 1698 omnes
992 1648 1305 1704 consulares,
1330 1649 1397 1697 si·

331 1728 439 1776 mul
486 1734 643 1795 atque
691 1724 956 1779 adsedisti,
998 1731 1199 1787 partem
1244 1723 1395 1772 istam

333 1803 694 1852 subselliorum
750 1800 939 1850 nudam
984 1806 1141 1863 atque
1194 1799 1396 1848 inanem

333 1880 655 1944 reliquerunt
679 1876 716 1925 Ρ
761 1877 912 1926 Unde
936 1883 1172 1925 senatum
1197 1891 1226 1925 a
1243 1876 1396 1925 Pom·

334 1956 456 2019 peio
476 1962 488 1984 ⁸
507 1956 715 2018 longum
739 1950 1072 2007 subsellium‚'
1105 1953 1228 2017 qnia
1261 1951 1398 2002 forte

333 2032 384 2081 in
407 2030 629 2080 scamnis
655 2030 820 2092 longis
844 2029 1081 2092 sedebat,
1097 2028 1292 2078 dictum
1319 2042 1400 2077 es-

334 2120 412 2169 se,
454 2106 622 2155 innuit
659 2105 772 2154 Cic.
815 2105 956 2154 Fam.
999 2118 1087 2153 ιιι.
1124 2109 1174 2153 9.
1244 2104 1400 2153 Cete-

334 2182 556 2242 rum,de
591 2181 829 2244 formuls,
863 2186 876 2207 ‘
902 2195 1060 2245 agere
1094 2179 1402 2243 consulem,’

333 2259 453 2310 vide
475 2273 651 2322 supra.
671 2257 736 2307 ad
761 2273 808 2308 c.
830 2270 929 2307 xv,
964 2257 1206 2306 Schmun-z.

400 2338 546 2388 Nihil
578 2341 754 2401 preter
784 2336 1020 2384 emisalem
1054 2332 1243 2396 ageres]
1276 2333 1327 2381 N
1333 2346 1398 2382 on

328 2415 582 2481 principis
611 2414 777 2464 libera
806 2412 1139 2468 auctoritate,
1162 2408 1253 2459 sed
1279 2423 1401 2459 con·

332 2494 494 2542 sulari
537 2490 912 2549 moderatione,
947 2494 1241 2536 senatorum
1285 2500 1401 2536 sen·

332 2570 526 2619 tentias
549 2566 894 2631 expectando.
934 2565 1149 2613 Pater-ol.

399 2645 729 2706 Interrogavit
750 2640 965 2706 quisque]
999 2638 1222 2693 Quidam
1257 2637 1399 2688 codi-

334 2736 440 2778 ces,
464 2737 532 2771 ex
555 2721 706 2770 solita
728 2718 1056 2773 confusione,
1071 2731 1167 2780 pro
1187 2715 1400 2778 quisque,

333 2799 528 2849 babent
548 2796 776 2862 quinquis.
825 2795 931 2846 Sed
947 2794 1069 2860 quid
1091 2792 1282 2841 sudio?
1312 2790 1397 2840 An

333 2876 388 2925 in
413 2883 620 2930 senno.
645 2872 962 2937 presidente
985 2868 1193 2933 quidem
1215 2868 1398 2931 Traja-

335 2967 403 3002 no
428 2951 664 3011 consule,
682 2950 867 3012 cuique
892 2947 1037 2995 licuit
1063 2946 1402 3007 interrogare,

336 3027 476 3093 quod
513 3026 747 3091 placuit?
813 3024 947 3072 Tale
969 3020 1091 3086 quid
1126 3034 1226 3069 non
1259 3021 1400 3070 iuve-

336 3103 421 3152 uio
467 3103 534 3152 ab
576 3102 692 3152 aliis
737 3099 1036 3150 auctoribus
1077 3103 1400 3160 annotatum,

335 3192 504 3244 neque
527 3180 592 3227 ab
616 3179 728 3241 ipso
751 3182 1206 3227 commemoratum
1228 3173 1401 3222 Plinio

338 3257 509 3320 Epist.
550 3269 612 3305 ιι.
654 3259 733 3304 11.
778 3261 834 3303 et
880 3256 958 3301 12.
1003 3250 1089 3300 ubi
1132 3249 1401 3313 sigillatim

334 3332 474 3381 bunc
510 3342 808 3380 consessum
852 3332 1061 3376 senatus
1105 3323 1400 3387 descripsit.

334 3410 509 3460 Solius
552 3408 704 3464 illius,
749 3405 835 3470 qui
883 3402 1133 3468 presedit
1175 3404 1402 3465 senatui,

337 3483 458 3542 fuit.
482 3487 829 3547 interrogare.
875 3481 1015 3531 Gell.
1037 3493 1117 3530 tv.
1138 3484 1217 3528 10.
1237 3481 1252 3509 ⁸
1269 3481 1401 3529 Erat

328 3563 418 3625 jus
440 3559 708 3623 senatori,’
732 3559 915 3625 inquit,
947 3559 963 3587 ⁸
986 3564 1065 3617 ut,
1087 3557 1401 3606 sententiam

338 3643 568 3701 rogatus,
603 3637 807 3687 diceret
841 3643 985 3698 ante,
1007 3633 1259 3698 quidquid
1297 3635 1402 3682 vel·

337 3713 415 3763 let
437 3713 565 3762 alius
589 3712 681 3774 rei,
704 3719 759 3761 et
780 3711 948 3776 quoad
974 3709 1169 3759 vellet.'
1230 3710 1403 3759 Tacit.

340 3788 530 3839 Annal-
572 3801 702 3838 xttt.
740 3791 823 3837 49.
867 3794 883 3817 ⁴
910 3786 1093 3835 Licere
1148 3785 1402 3857 patribus,

336 3865 543 3931 quoties
568 3864 655 3929 jus
677 3861 909 3914 dicenda
945 3862 1221 3910 sententiae
1253 3876 1403 3911 acce-

337 3945 554 4008 pissent,
587 3956 706 4007 quoe
741 3942 936 3991 vellent
970 3952 1298 4000 expromere,
1323 3952 1404 3988 re-

334 4022 688 4086 lationemque
721 4020 774 4069 in
810 4034 872 4070 ea
896 4015 1194 4082 postulare.’
1261 4017 1402 4078 Ergo

334 4098 529 4150 licebat
579 4096 789 4163 quidem
842 4096 956 4145 aliis
1009 4093 1404 4159 quibuscunque

338 4174 682 4237 senatoribus,
716 4175 760 4223 si
806 4170 1116 4235 interrogati
1157 4179 1333 4220 essent
1371 4184 1402 4218 a

338 4253 554 4305 consule
598 4248 932 4315 praesidente,
961 4247 1208 4314 quidquid
1255 4261 1285 4295 e
1321 4259 1401 4296 re-

1918 367 1968 413 ι.
1998 352 2106 417 76.
2413 356 2546 420 955

1474 504 1685 568 publica
1718 505 1829 556 fore
1867 508 2165 571 crederent,
2195 509 2311 559 loco
2339 519 2548 562 senten-

1475 583 1561 630 tiae
1585 597 1844 646 promere,
1866 592 1919 634 et
1953 587 2236 649 postulare,
2262 592 2322 637 ut
2345 602 2428 637 res
2451 591 2542 639 ali·

1473 673 1574 720 qua
1615 675 1646 707 a
1687 661 1897 710 consule
1932 661 2249 723 referretur3
2301 665 2541 715 sednon

1471 734 1666 784 licebat
1704 737 1830 800 ipsis
1865 737 2085 802 referre,
2107 748 2161 788 et
2196 740 2545 804 interrogare.

1473 811 1764 883 Relatiunis
1787 813 1918 863 adeo
1941 822 1994 863 et
2018 814 2437 879 interrogationis
2453 818 2544 881 jus

1471 886 1730 937 ordinarie
1766 890 1864 938 soli
1898 892 2170 953 competiit
2214 893 2540 954 magistratui

1474 963 1813 1026 praesidenti3
1846 965 1945 1013 uisi
1979 965 2117 1029 qnod
2158 965 2406 1032 deinceps
2447 970 2542 1019 eti-

1473 1052 1555 1087 am
1591 1040 1992 1103 imperatoribus
2018 1042 2107 1105 jus
2140 1043 2403 1106 secundm,
2436 1053 2542 1093 ter·

1475 1116 1584 1178 tim,
1617 1127 1835 1182 quartu,
1867 1120 2092 1183 quinctae
2128 1120 2416 1184 relationis,
2452 1121 2543 1170 da·

1475 1200 1637 1255 retur,
1654 1201 1723 1243 'nt
1743 1197 1795 1244 in
1819 1197 2000 1258 quovis
2032 1203 2214 1245 senatu
2240 1205 2452 1260 possent
2472 1199 2542 1247 de

1473 1268 1694 1325 duabus.
1727 1270 1911 1333 tribus,
1933 1279 2174 1336 quatuor,
2195 1274 2423 1338 quinque
2459 1290 2540 1324 re-

1475 1344 1590 1406 bus,
1612 1346 2001 1412 quibuscunque
2030 1348 2240 1411 vellent,
2259 1350 2413 1399 etiam
2439 1364 2540 1400 non

1474 1422 1730 1485 consules,
1764 1422 1941 1472 faeere
1980 1424 2301 1487 relationem,
2337 1433 2393 1474 et
2424 1440 2541 1475 sen-

1476 1498 1667 1546 tentias
1692 1512 1912 1562 rogare3
1948 1514 2050 1563 quo
2077 1507 2246 1549 tamen
2270 1503 2392 1566 jure
2415 1504 2541 1551 Tra-

1465 1572 1625 1635 janus
1648 1573 1723 1622 nti
1759 1575 1940 1636 noluit,
1966 1576 2063 1625 nisi
2097 1576 2209 1640 ipse
2244 1586 2383 1628 esset
2416 1593 2544 1627 con·

1473 1649 1569 1696 sul.
1634 1648 1766 1699 Qnae
1791 1664 1906 1698 cum
1934 1650 2008 1700 ita
2031 1651 2153 1706 sint.
2178 1667 2278 1702 non
2302 1652 2542 1716 dispicio.

1474 1725 1731 1786 quomodo
1758 1726 1963 1788 vulgata
2001 1727 2177 1789 lectio,
2201 1744 2303 1794 qua
2325 1731 2541 1795 quisque

1476 1799 1670 1850 dicitur
1732 1803 2076 1866 interrogasse
2131 1805 2268 1871 quod
2327 1807 2542 1870 placuit,

1473 1879 1754 1928 conveniat
1776 1893 1894 1928 cum
1931 1881 2156 1931 moribus
2186 1884 2456 1933 senatoriis
2480 1885 2542 1933 il-

1475 1954 1573 2002 lius
1619 1954 1906 2018 temporis?
1972 1957 2075 2005 Sed
2123 1958 2241 2006 vide
2282 1956 2347 2007 ad
2389 1973 2540 2023 quam

1474 2031 1827 2093 conjecturam
1881 2046 1963 2081 me
2007 2032 2271 2084 deducant
2318 2037 2542 2097 vestigia

1475 2108 1750 2167 scripturae
1788 2109 2107 2170 quorundam
2149 2109 2405 2159 codicum.
2429 2148 2443 2166 .
2474 2111 2540 2159 In

1476 2181 1659 2231 codice
1696 2183 2073 2245 salisburgensi
2111 2191 2164 2232 et
2192 2198 2325 2245 meo,
2352 2200 2442 2246 pro
2467 2186 2540 2233 is·

1476 2258 1759 2319 terrogavit,
1786 2258 2137 2320 deprehendo,
2171 2260 2422 2322 scripturn
2462 2274 2541 2309 es·

1475 2347 1532 2381 se
1560 2333 1917 2395 interregni-eu
1951 2332 2160 2395 deinde,
2182 2335 2319 2398 quod
2358 2341 2544 2397 postea

1475 2409 1772 2459 distinctius
1809 2409 2088 2472 annotabo,
2113 2410 2164 2458 in
2193 2410 2429 2460 omnibus
2455 2425 2543 2461 co·

1476 2486 1681 2536 dicibus
1706 2487 1835 2535 Mss.
1862 2495 1917 2535 et
1948 2489 1998 2535 in
2035 2487 2288 2536 nonnullis
2313 2487 2542 2553 antiquis

1473 2564 1761 2627 impressis,
1786 2563 2029 2614 desidero
2066 2564 2273 2613 ultimas
2300 2564 2429 2614 duas
2456 2579 2542 2614 vo·

1473 2653 1562 2689 ees
1597 2638 1747 2703 hujus
1780 2639 2001 2702 periodi,
2033 2645 2188 2689 tatum
2210 2640 2338 2700 suit.
2401 2640 2544 2690 Hinc

1474 2731 1660 2778 magna
1695 2717 1817 2767 mibi
1854 2717 2115 2767 suboritur
2143 2717 2386 2781 suspicio,
2407 2717 2543 2766 bunc

1476 2802 1642 2844 totum
1678 2793 1847 2843 locum
1885 2793 1936 2842 in
1959 2792 2090 2843 vitio
2112 2792 2323 2844 cubare.
2387 2793 2547 2844 Quod

1473 2870 1518 2918 si
1545 2885 1667 2919 vero
1694 2871 1850 2919 liceat
1878 2870 2137 2933 tantisper
2170 2870 2442 2932 indulgere
2466 2870 2545 2919 in·

1474 2947 1645 3009 genio,
1668 2961 1734 2995 ex
1761 2946 1840 2994 bis
1863 2945 1991 3009 ipsis
2017 2945 2249 3008 vestigiis
2274 2953 2543 3009 corrupta

1473 3023 1751 3085 scriptum
1774 3022 1907 3071 bunc
1943 3022 2109 3084 ipsum
2136 3021 2304 3070 locum
2330 3021 2381 3069 in
2406 3021 2544 3069 ordi·

1473 3115 1592 3151 nem
1637 3100 1873 3163 redigere
1914 3100 2087 3160 velim,
2123 3107 2179 3148 nt
2220 3113 2336 3148 cnm
2381 3099 2541 3149 Plinii

1474 3178 1754 3238 sententia,
1776 3183 1832 3226 et
1850 3189 1968 3225 cum
2001 3176 2136 3224 illius
2162 3176 2408 3237 temporis
2431 3176 2544 3225 riti·

1477 3252 1593 3313 bus,
1616 3253 1798 3300 melius
1824 3259 2097 3314 congruat.
2164 3250 2250 3300 Sic
2271 3258 2445 3300 autem
2471 3252 2544 3300 le-

1476 3343 1600 3391 gere
1645 3328 1844 3391 gestio:
1906 3328 2117 3376 triduum
2158 3333 2312 3377 totum
2353 3334 2546 3379 nautas

1475 3404 1563 3453 sab
1588 3406 1797 3467 exemplo
1820 3403 1893 3451 tui
1923 3403 2048 3451 sedit
2065 3417 2084 3460 ,-
2117 3417 2222 3452 eum
2254 3403 2435 3455 interea
2468 3405 2545 3454 ni·

1476 3482 1550 3531 Iu'l
1579 3486 1757 3545 proeter
1790 3480 2026 3529 cometem
2059 3494 2240 3541 ageres,
2273 3481 2324 3530 id
2353 3487 2443 3540 est,
2468 3485 2545 3530 in-

1477 3565 1765 3620 terrogares.
1826 3556 2056 3618 Quisque,
2078 3558 2199 3619 quod
2218 3558 2417 3619 placuit,
2437 3573 2547 3608 sen..

1476 3636 1591 3691 tire,
1610 3633 1877 3687 dissentire,
1899 3632 2152 3694 discedere,
2186 3636 2233 3681 et
2259 3635 2437 3696 copiam
2458 3634 2548 3694 ja-

1477 3711 1594 3760 dicii
1617 3710 1693 3759 sui
1713 3708 2175 3772 reipublicoesacere.
2242 3709 2328 3759 Sic
2352 3709 2547 3759 ultimis

1479 3788 1712 3841 vocibus.
1735 3790 1892 3833 tutum
1914 3782 2042 3843 suit,
2065 3797 2183 3847 quoe
2219 3784 2271 3832 in
2307 3784 2546 3832 omnibus

1478 3863 1744 3913 codicibus
1763 3862 1888 3910 Mss.
1903 3859 2283 3917 desiderantur,
2299 3873 2398 3906 non
2413 3873 2547 3921 opus

1479 3948 1637 3996 esset,
1679 3953 1793 3989 cum
1833 3937 1920 3986 isti
1965 3934 2208 3984 infinitivi
2252 3935 2543 3996 verborum,

1480 4030 1576 4079 per
1610 4013 1993 4063 usitatissimam
2028 4010 2299 4072 enallagen
2338 4010 2544 4059 histori-

1479 4107 1616 4151 cam,
1656 4092 1768 4139 ioco
1810 4086 2203 4137 indicativorum
2247 4084 2545 4149 imperfecti

1479 4166 1728 4230 temporis
1775 4170 2115 4228 ponerentur,
2156 4163 2302 4226 quasi
2347 4163 2546 4213 Plinius

1478 4244 1787 4309 scripsisset,
1814 4242 2042 4303 Quisque,
2061 4239 2181 4301 quod
2206 4238 2407 4305 placuit,
2437 4255 2547 4289 sen.
