3060 4902
745 392 811 440 c.
859 390 1098 441 vnum
1149 391 1483 442 saeuum
1539 366 1810 444 Panna.
1890 396 1938 444 1.

294 535 433 594 buta,
479 541 537 584 et
585 534 833 599 injuncta
880 536 1086 600 imperii
1136 549 1370 593 munera.

292 615 510 678 impigre
555 613 787 676 obeunt,
826 616 867 663 si
912 615 1113 678 injurie
1161 613 1370 674 absint3

291 693 379 741 bas
420 706 562 755 oegre
611 690 899 742 tolerant.’
970 693 1037 741 Et
1077 692 1262 741 Cicero
1304 692 1367 740 ad

293 767 356 820 Q.
391 768 480 817 Fr.
519 781 559 818 1.
604 773 651 818 1.
724 767 868 818 ‘Illa
908 781 1089 817 caussa
1133 767 1369 830 publica·

293 852 773 911 norum,qnnntam
809 845 1148 895 acerbitatem
1183 843 1369 895 efferat

293 923 461 984 sociis,
507 924 875 973 intelleximus
918 937 984 972 ex
1027 921 1240 976 civibus,
1281 923 1368 986 qui

292 1014 470 1063 nuper,
508 1000 562 1049 in
606 999 863 1063 portoriis
900 998 1070 1047 Italiae
1109 999 1369 1062 tollendis,

284 1090 390 1124 non
424 1083 532 1126 tam
567 1073 638 1124 de
677 1075 931 1138 portorio,
954 1089 1105 1139 quam
1141 1073 1207 1123 de
1243 1089 1365 1124 non-

294 1152 444 1202 nullis
477 1151 687 1216 injuriis
724 1153 1056 1215 portitorum,
1080 1150 1368 1215 quereban-

296 1230 409 1281 tur.’
475 1230 766 1281 Catnnaeus
802 1228 960 1277 Plinii
995 1228 1157 1278 verba
1186 1229 1262 1278 ita
1292 1228 1367 1277 in·

298 1315 623 1371 terpretatus
678 1316 785 1369 est,
834 1313 894 1355 ut
944 1307 1368 1370 praepositionem

292 1401 391 1450 pro.
427 1385 572 1449 quasi
611 1382 711 1433 ὀπὶ
744 1383 835 1432 τοῦ
869 1383 1039 1447 κοινοῦ,
1075 1398 1141 1432 ex
1180 1383 1368 1440 verbis,

290 1477 375 1524 pro
405 1463 624 1512 utilitate
660 1461 913 1519 communi,
935 1459 1174 1509 retulerit
1210 1460 1368 1509 etiam

298 1540 361 1588 ad
391 1553 617 1604 sequens
652 1535 832 1598 κόμμα,
854 1538 926 1586 ito
951 1552 1040 1600 pro
1073 1536 1371 1598 singulorum

296 1617 501 1679 injuriis.
585 1617 808 1670 Verum,
844 1615 932 1663 illa
976 1614 1277 1676 praepositio
1318 1614 1368 1662 iu

297 1694 390 1745 boc
417 1696 588 1745 altero
622 1693 904 1743 sententiae
936 1691 1166 1739 membro
1203 1693 1370 1741 locum

298 1786 396 1822 non
418 1771 608 1833 babet3
644 1771 844 1836 quippe
869 1768 954 1817 ubi
981 1769 1148 1830 potius
1168 1768 1372 1817 deside-

298 1863 460 1897 rarem
504 1847 941 1912 praepositionem
981 1860 1105 1906 cum,
1144 1844 1280 1892 hunc
1319 1847 1370 1894 in

299 1926 495 1975 modum
533 1922 925 1973 collocandam:
962 1922 1034 1970 ita
1070 1937 1175 1969 cum
1205 1921 1371 1982 singu-

299 2004 441 2051 lorum
474 2001 694 2063 injuriis,
718 1999 754 2049 i.
777 2014 827 2048 e.
851 1998 1178 2048 detrimentis
1214 2006 1267 2046 et
1297 1998 1372 2045 in·

300 2084 601 2132 commodis.
670 2081 758 2130 Sic
795 2080 1006 2127 Terent.
1047 2076 1209 2126 Andr.
1255 2090 1292 2124 ι.
1327 2081 1371 2124 l.

302 2165 407 2210 104.
452 2168 466 2190 ·
492 2160 576 2210 Ad
617 2158 877 2209 flammam
920 2156 1144 2206 accessit
1182 2157 1372 2220 impru-

301 2236 518 2299 dentius,
563 2237 700 2285 eatis
747 2249 861 2284 cum
911 2233 1179 2296 periculo!
1260 2233 1373 2282 Cic.

299 2312 446 2362 Verr.
467 2327 557 2363 ιιι.
582 2316 668 2362 24.
703 2315 717 2339 ‘
735 2310 849 2360 Iter
872 2311 969 2359 boc
994 2309 1090 2357 sibi
1116 2311 1371 2373 deposcit,

300 2398 356 2439 ut
386 2392 601 2439 veniret
638 2390 996 2451 Lampsacum,
1035 2402 1151 2435 cum
1187 2402 1374 2449 magna

301 2469 608 2517 calamitate
639 2478 691 2515 et
726 2479 890 2530 prope
928 2465 1158 2527 pernicie
1191 2465 1371 2513 civita-

300 2544 399 2595 tis.'
462 2545 623 2595 Idem
658 2544 810 2592 Vei-r.
844 2557 893 2590 v.
923 2547 973 2591 8.
1006 2547 1021 2570 ⁴
1047 2543 1141 2596 Tu,
1177 2543 1370 2605 injussu

300 2622 472 2685 populi
511 2635 585 2671 ne
620 2627 850 2678 senatus,
873 2634 989 2668 curn
1025 2620 1249 2668 maximo
1283 2621 1370 2669 de-

301 2698 567 2760 trimento,
595 2703 752 2759 atque
781 2696 912 2744 adeo
950 2696 1112 2744 exitio
1144 2697 1368 2752 vectiga-

299 2774 438 2828 linm.
471 2780 645 2823 totam
689 2771 1021 2821 Hieronicam
1059 2770 1227 2834 legem
1264 2786 1370 2821 sus-

303 2849 496 2899 tulisti!
569 2848 737 2897 Sicuti
776 2861 898 2896 vero
929 2847 1111 2895 lubens
1149 2850 1371 2910 amplec-

302 2933 437 2976 terer
468 2927 615 2975 hanc
638 2924 945 2988 particulam
976 2939 1100 2987 cum,
1126 2925 1166 2972 si
1193 2941 1293 2989 quo
1320 2927 1369 2975 iu

300 3002 429 3052 libro
460 3001 692 3064 vestigia
725 3000 839 3062 ejus
864 3000 1336 3049 animadvertissem
1360 3018 1374 3063 ;

302 3078 375 3128 ita
396 3092 647 3144 agnosco,
670 3090 783 3125 eam
810 3075 1019 3140 quidem
1052 3077 1371 3126 commodam

301 3155 427 3218 sore,
472 3170 584 3205 non
631 3162 801 3203 tamen
849 3167 961 3202 esse
1006 3155 1374 3217 necessariam,

303 3247 412 3281 cum
447 3246 607 3282 nemo
652 3229 870 3288 nesciet,
909 3229 1033 3279 talia
1068 3231 1222 3279 etiam
1263 3232 1374 3279 sine

304 3310 678 3374 praepositione
723 3323 848 3369 cum,
889 3306 1027 3367 dici;
1081 3321 1128 3355 v.
1169 3322 1221 3368 g.
1264 3308 1375 3357 Cic.

303 3386 537 3450 Philipp.
572 3398 613 3434 1.
642 3389 693 3434 4.
726 3386 742 3412 ‘
766 3384 990 3432 Brutum
1025 3383 1149 3444 vidi,
1181 3392 1374 3446 quanto

307 3478 413 3511 meo
431 3463 752 3520 dolore,non
774 3458 929 3508 dico!
980 3459 1050 3507 Et
1068 3464 1179 3508 αὖ.
1214 3459 1376 3510 ‘Quis

307 3553 529 3604 unquam
545 3545 693 3587 tanto
708 3536 893 3585 damno
908 3544 1143 3585 senatum
1160 3534 1330 3599 coegit
1343 3533 1378 3582 Ρ

309 3616 456 3666 Idem.

368 3692 686 3754 Singulorum
708 3688 924 3751 injuriis]
957 3687 1020 3736 Id
1045 3693 1147 3749 est,
1165 3687 1214 3735 in
1239 3701 1377 3736 com-

304 3782 456 3818 mune
485 3769 699 3820 bonum,
723 3764 814 3814 sed
840 3778 955 3813 cum
981 3777 1112 3812 noxa
1138 3770 1192 3811 et
1217 3762 1378 3811 detri-

307 3855 481 3896 mento
521 3844 866 3909 privatorum.
948 3840 1203 3890 Aufertur
1242 3839 1378 3888 enim

306 3923 366 3972 iis
403 3920 601 3985 aliquid
637 3927 692 3968 et
724 3916 1011 3971 abraditur,
1043 3931 1158 3981 quae
1194 3915 1379 3977 injuria

308 4007 392 4048 eut
415 4000 527 4062 ejus
553 3996 778 4060 species,
804 3995 1033 4042 utilitate
1059 3992 1378 4056 rependitur.

308 4079 325 4105 ⁸
351 4077 629 4127 Dissolntio
690 4073 830 4121 enim
888 4070 1089 4135 imperii
1142 4070 1382 4133 sequitur

309 4153 489 4215 (verba
539 4151 713 4202 Taciti
767 4147 959 4197 Annei.
1006 4159 1134 4194 xur.
1178 4145 1291 4207 50.)
1335 4145 1379 4193 si

308 4229 520 4289 fructus,
567 4229 766 4297 quibus
821 4223 1110 4288 respublica
1158 4223 1378 4273 sustine·

1983 379 2094 445 37.
2377 380 2511 447 653

1443 542 1549 597 tur,
1573 536 1922 588 diminuantur
1937 537 1970 587 :'
2004 536 2128 602 qnid
2160 537 2203 587 si
2230 537 2513 592 tollantur?

1442 612 1576 676 Lips.

1507 689 1733 752 Injuriis]
1768 690 2010 740 Damnis:
2058 692 2336 757 vectigalia
2369 694 2507 745 enim

1442 765 1493 814 in
1529 781 1800 815 commune
1834 768 2042 831 quidem
2078 778 2314 832 prosunt,
2339 772 2506 834 priva·

1446 843 1510 891 tis
1550 850 1742 898 antem,
1772 858 1800 891 a
1839 845 2022 908 quibus
2055 846 2407 906 exsolvuntur,
2434 851 2510 898 in·

1441 917 1715 968 commodo
1750 929 1885 977 sunt,
1924 934 1985 970 ac
2018 922 2348 974 detrimento.
2406 925 2509 975 Pa·

1438 999 1583 1045 torol.

1512 1072 1808 1137 Co’e'gerunt]
1845 1074 2039 1124 Mirum
2059 1081 2159 1137 est,
2182 1084 2374 1141 quanta
2395 1079 2510 1128 obs·

1444 1151 1696 1202 tinatione
1725 1151 1927 1203 rudium
1956 1153 2302 1216 librariorum,
2329 1171 2422 1219 pro
2437 1171 2512 1204 co-

1439 1229 1659 1290 egerunt,
1684 1230 1734 1278 in
1761 1230 2015 1290 omnibus,
2038 1245 2164 1294 quos
2187 1230 2407 1294 inspexi,
2426 1246 2511 1280 co·

1441 1305 1643 1353 dicibus
1678 1306 1806 1354 Mes.
1840 1306 2121 1369 repositum
2149 1307 2217 1355 sit
2248 1314 2513 1371 cogeretur,

1443 1382 1588 1446 quasi
1610 1382 1693 1430 hic
1728 1382 1907 1431 modus
1931 1384 2291 1447 subjunctivus
2314 1384 2510 1448 depen-

1444 1457 1596 1507 deret
1619 1474 1652 1508 a
1675 1460 1927 1522 particula
1950 1466 2037 1518 ut‚·
2077 1476 2191 1525 qum
2218 1470 2390 1511 tamen
2412 1463 2512 1511 hoc

1443 1536 1559 1586 loco
1591 1551 1693 1586 non
1730 1545 1811 1586 est
1847 1537 2107 1594 caiissalis,
2130 1538 2220 1587 sed
2245 1553 2512 1602 compara-

1445 1614 1570 1662 tiva.
1636 1613 1799 1677 Cujus
1825 1614 2025 1678 generis
2050 1615 2226 1664 vitium
2260 1630 2325 1664 ex
2360 1616 2513 1665 simili

1443 1687 1769 1738 librariorum
1796 1689 2088 1754 ignorantia
2112 1691 2400 1755 inquinavit
2417 1693 2516 1742 eti·

1445 1781 1525 1814 am
1550 1781 1595 1815 c.
1622 1781 1660 1814 1.
1682 1772 1725 1816 l.
1750 1768 1895 1832 hujus
1922 1768 2254 1833 Panegyrici,
2279 1784 2393 1818 cum
2420 1771 2512 1832 ibi,

1445 1858 1510 1891 ex
1537 1844 1716 1892 eadem
1742 1859 1939 1901 caussa,
1957 1847 2077 1895 olim
2102 1848 2151 1894 iu
2177 1849 2351 1896 multis
2370 1848 2514 1898 libris

1444 1920 1709 1983 legeretur
1730 1927 1992 1986 caperetur,
2017 1938 2110 1986 pro
2131 1939 2313 1987 capere.
2371 1925 2514 1974 Reti·

1446 2006 1669 2047 nucrunt
1696 2005 1869 2048 tamen
1892 2000 1988 2049 boc
2011 2002 2251 2050 mendum
2276 2002 2433 2052 etiam
2461 2004 2512 2051 in

1447 2074 1589 2123 libris
1626 2077 1908 2138 impressis,
1929 2078 2268 2135 Puteolanus,
2299 2080 2515 2128 Beroal-

1448 2151 1559 2208 dus,
1584 2159 1635 2199 et
1670 2153 2032 2215 Cuspinianus.
2097 2156 2303 2204 Primus
2339 2170 2511 2203 veram

1447 2228 1723 2276 lectionem
1749 2229 1900 2292 liujus
1923 2230 2021 2278 loci
2046 2231 2332 2292 publicavit
2359 2232 2515 2279 Cata-

1448 2318 1591 2351 naeus
1627 2319 1710 2351 an.
1734 2306 1877 2352 1506.
1910 2305 1959 2352 in
1996 2305 2227 2354 editione
2263 2304 2516 2354 Mediola-

1450 2381 1627 2441 nensi;
1665 2396 1814 2444 quem
1848 2381 2097 2444 deinceps
2130 2381 2312 2438 Aldus,
2335 2380 2515 2438 Junta,

1448 2467 1502 2508 et
1538 2461 1723 2523 ceteri,
1750 2468 1894 2510 recte
1924 2470 2041 2510 sunt
2071 2460 2258 2511 secuti.
2295 2461 2517 2510 Schwar-

1447 2538 1567 2585 zius.

1515 2613 1615 2660 His
1634 2613 1878 2677 vicesima]
1915 2612 2030 2669 His,
2048 2614 2247 2663 scilicet
2274 2613 2517 2663 oneribus

1448 2690 1787 2755 sustinendis,
1812 2701 2021 2756 reperta
2050 2701 2131 2742 est
2164 2693 2405 2741 vicesima
2430 2694 2518 2741 lie-

1448 2768 1762 2831 reditatum3
1798 2771 1860 2820 de
1880 2785 1979 2834 quo
2002 2785 2191 2833 genere
2213 2770 2393 2819 tributi
2414 2783 2516 2818 non

1448 2845 1572 2892 nihil
1599 2848 1810 2908 exposui
1837 2847 1888 2894 in
1916 2848 2133 2895 Excurs.
2159 2859 2272 2895 xm.
2310 2847 2464 2895 Idem.

1516 2922 1618 2970 His
1659 2923 1906 2985 vicesima]
1963 2923 2183 2986 Augusti
2230 2925 2518 2972 inventum.

1453 2996 1555 3045 Adi
1615 2998 1835 3047 Dionem
1890 2998 1980 3048 lib.
2028 3012 2113 3046 ιν.
2157 3006 2211 3046 ει
2265 2999 2521 3061 proximo.

1451 3075 1613 3122 Licin.

1524 3151 1779 3216 Vicesimo]
1824 3150 1994 3212 Vulgo
2047 3157 2103 3200 et
2153 3152 2307 3214 plene
2361 3149 2521 3212 dicta,

1456 3238 1469 3258 ‘
1499 3229 1765 3290 vigesima
1809 3226 2229 3286 hereditatiitn13’
2285 3227 2364 3276 cni
2415 3226 2520 3276 Au·

1453 3312 1629 3367 gustus
1654 3305 1890 3352 inventor
1916 3304 1979 3351 ad
2007 3306 2244 3353 aerarium
2280 3304 2523 3353 militare.

1456 3383 1537 3429 De
1584 3394 1685 3442 qua
1730 3394 1824 3440 ego
1869 3381 1919 3426 in
1964 3378 2297 3427 Adnuit-andis
2337 3395 2521 3443 nuper,

1456 3460 1628 3505 xma.
1665 3464 1718 3505 et
1753 3456 1874 3504 olim
1912 3454 1975 3503 ad
2007 3455 2177 3504 Taciti
2213 3454 2400 3506 Annal.
2426 3471 2520 3506 xv.

1452 3535 1586 3598 Lips.

1528 3611 1790 3673 Vicesimu]
1835 3610 1947 3660 Cic.
1987 3610 2101 3659 Att.
2139 3621 2200 3658 ιι.
2240 3614 2320 3659 16.
2392 3611 2521 3660 Por·

1454 3692 1600 3739 toriis
1635 3690 1849 3739 sublatis
1886 3689 2150 3752 vigesima,
2183 3690 2401 3752 vectigal
2438 3704 2522 3738 su-

1454 3773 1664 3830 pererat
1701 3767 2057 3820 domesticum,
2093 3766 2206 3814 scil.
2247 3768 2520 3814 manumis-

1453 3859 1624 3893 sorum
1662 3844 1677 3871 ‘
1703 3844 1950 3906 vigesima
1985 3842 2200 3907 quinta‚’
2235 3846 2273 3891 si
2309 3843 2522 3892 Tacitus

1459 3918 1644 3969 Annal.
1670 3933 1771 3969 xit.
1794 3923 1874 3969 31.
1902 3928 2094 3978 certus,
2116 3925 2206 3966 ant
2238 3919 2277 3965 si
2315 3918 2417 3966 Dio
2440 3925 2524 3969 55.

1455 4001 1468 4023 ⁴
1496 3995 1918 4059 quinquagesima
1957 3994 2326 4057 mancipiorum
2372 4009 2523 4042 vens·

1455 4073 1600 4131 lium,
1637 4074 1709 4122 uti
1750 4073 1962 4120 aliarum
2002 4086 2171 4119 rerunt
2210 4070 2526 4119 centesima?

1456 4149 1725 4211 Vigesima
1750 4162 1892 4203 vero,
1914 4161 2013 4212 qua
2037 4146 2103 4194 de
2128 4146 2206 4194 hic
2226 4159 2412 4200 sermo,
2435 4146 2522 4192 he·

1456 4227 1736 4277 reditatum
1772 4233 1904 4287 erat,
1930 4237 2080 4287 quam
2117 4220 2400 4284 peregrini,
2429 4222 2523 4271 sed
