3060 4902
528 359 659 427 804

523 517 858 569 ostenderitis
896 518 1087 567 auxilia
1124 524 1317 573 vestra,
1348 533 1414 569 ne
1449 519 1589 568 bello

524 596 733 659 quidem
756 595 983 645 arbitror
1010 597 1152 645 vobis
1183 610 1313 657 opus
1338 595 1468 646 fore.
1494 633 1505 646 .
1536 629 1550 643 .
1577 631 1589 644 .

523 673 724 722 Umbra
765 674 922 721 vestri
968 673 1169 729 auxilii,
1208 673 1443 730 Romani,
1481 674 1588 736 tegi

522 748 844 811 possumus.’
911 750 1084 812 Supra
1122 749 1324 798 Plinius
1363 750 1426 798 de
1466 750 1591 798 Tra·

514 826 662 888 jano,
707 839 855 876 xvtt.
895 830 943 875 3.
986 834 1000 855 ⁴
1024 826 1139 873 Nec
1179 826 1333 875 modo
1374 825 1592 874 telorum

522 908 751 961 tuorum,
796 901 886 950 sed
931 902 1190 951 oculorum
1231 902 1387 950 etiam
1433 903 1591 950 mina·

523 992 738 1040 rumque
773 979 1091 1040 conjectum,
1126 983 1235 1026 toto
1270 991 1473 1039 campo,
1513 984 1592 1025 to·

509 1047 681 1114 ¹toque
706 1054 939 1103 exercitu
962 1051 1222 1116 opposito,
1244 1066 1342 1100 non
1381 1052 1592 1114 perbor-

525 1129 732 1178 rescat.'
797 1131 904 1178 Pro
931 1128 1088 1177 verbo
1121 1142 1424 1192 compescere,
1453 1128 1591 1176 solus

526 1204 695 1255 codex
737 1205 1141 1267 salisburgensis
1192 1204 1350 1254 habet
1394 1205 1593 1267 compri-

526 1297 689 1340 »ιιι-ες
738 1296 1048 1345 quamquam
1107 1282 1158 1329 in
1216 1282 1449 1344 margine
1506 1281 1595 1330 ad·

524 1361 777 1420 scriptum
804 1359 890 1412 sit.
913 1365 926 1385 ·
950 1358 1017 1407 al.
1041 1357 1359 1420 compescere!
1428 1357 1495 1405 Et
1519 1357 1595 1406 sic

523 1435 755 1498 loquitur
793 1435 903 1483 Cic.
940 1434 1005 1485 Q.
1039 1434 1125 1483 Fr.
1167 1447 1205 1482 1.
1246 1438 1292 1482 l.
1331 1438 1378 1482 2.
1417 1433 1434 1459 ‘
1459 1433 1595 1489 Erit,

525 1512 706 1570 credo,
739 1512 1041 1575 periculum,
1078 1525 1143 1559 ne
1181 1511 1470 1573 improbum
1506 1525 1596 1559 ne-

528 1591 865 1650 gotiatorem,
902 1589 1072 1651 paullo
1106 1587 1425 1649 cupidiorem
1468 1587 1595 1648 pub·

528 1665 773 1720 licanum,
819 1665 1160 1725 comprimere
1218 1676 1317 1709 non
1377 1661 1591 1723 possis.'

525 1741 630 1789 Sed
668 1742 806 1790 salva
855 1755 948 1801 per
991 1754 1085 1787 nos
1134 1744 1343 1786 maneat
1384 1740 1595 1800 vulgata

525 1817 701 1865 lectio.
768 1815 965 1863 Noster
1001 1813 1136 1861 iufra
1172 1826 1346 1863 Lxxx.
1372 1817 1420 1861 3.
1453 1821 1468 1844 ‘
1490 1815 1594 1863 Τιι-

526 1899 830 1952 mentesque
858 1889 1092 1953 populos,
1114 1903 1212 1937 uon
1239 1889 1455 1951 imperio
1487 1903 1594 1938 ma·

528 1966 626 2029 gis,
649 1981 799 2029 quam
828 1967 1046 2027 ratione,
1070 1964 1439 2028 compescere.'
1483 1966 1560 2014 Id.

595 2040 855 2103 Togamm]
892 2041 1034 2091 Quas
1059 2039 1485 2101 injurisdictione
1510 2055 1593 2088 su·

527 2115 761 2179 mebant,
789 2116 972 2163 saltem
1009 2113 1267 2169 advocati,
1303 2115 1593 2171 caussidici.

530 2199 585 2241 et
628 2192 676 2241 id
716 2206 894 2254 genus.
962 2191 1145 2239 Florus
1182 2191 1247 2239 de
1294 2191 1596 2255 Germanis,

529 2269 713 2333 quibus
752 2267 1066 2319 Quinctilius
1096 2268 1262 2316 Varus
1290 2268 1380 2329 jus
1421 2267 1595 2317 dicere

530 2346 805 2395 tentabat:
841 2346 855 2372 ‘
878 2345 951 2394 At
974 2344 1068 2407 illi,
1092 2350 1149 2392 ut
1185 2342 1403 2404 primum
1432 2349 1598 2406 togas,

532 2433 584 2471 et
609 2424 824 2473 saeviora
846 2422 1001 2473 armis
1018 2422 1144 2487 jura
1165 2420 1441 2471 viderunt)
1480 2422 1600 2485 Lip-

530 2515 648 2548 stus.

597 2574 865 2638 Imagines]
920 2574 1048 2623 Nam
1093 2573 1383 2637 principum
1422 2571 1601 2636 imagi·

532 2650 679 2714 gines
719 2651 771 2698 in
808 2651 988 2713 signis,
1026 2656 1078 2699 et
1113 2648 1310 2712 effigies
1351 2648 1509 2697 etiam
1550 2649 1601 2697 in

532 2727 736 2775 eastris.
803 2726 980 2790 Atque
1021 2726 1085 2774 ad
1123 2741 1211 2775 eas
1245 2726 1412 2774 exteri
1445 2725 1601 2774 duce-

528 2802 743 2864 bantur,
774 2811 828 2851 et
869 2802 1100 2865 obsequii
1146 2801 1349 2864 signum
1390 2816 1602 2850 venera·

531 2878 725 2926 bantur
760 2880 839 2927 vel
878 2876 1186 2926 adorabant.
1252 2877 1462 2926 Tacitus
1495 2877 1598 2926 Au·

531 2954 637 3003 nal.
663 2966 757 3003 xv.
780 2955 992 3003 ‘Medio
1029 2953 1272 3009 tribunal,
1296 2964 1350 3003 et
1376 2954 1602 3003 tribunal

535 3029 760 3093 effigiem
780 3032 1004 3080 Neronis
1022 3031 1344 3091 sustinebat3
1371 3030 1433 3078 ad
1450 3045 1601 3094 quam

534 3122 843 3172 progressus
864 3107 1154 3162 Teridates‚
1179 3109 1329 3157 caesis
1359 3108 1422 3155 de
1458 3123 1602 3156 more

536 3185 780 3239 victimis,
825 3184 1081 3233 sublatum
1138 3184 1311 3246 capite
1363 3181 1604 3231 diadema

535 3262 746 3323 imagini
785 3259 1046 3323 subjecit.'
1110 3259 1301 3324 Itaque
1327 3269 1471 3324 nota,
1498 3260 1605 3308 vel·

536 3341 596 3384 ut
643 3345 951 3397 praesentem
1001 3338 1386 3400 imperatorem,
1421 3339 1469 3386 in
1512 3338 1603 3386 tri·

536 3411 712 3460 bunali
748 3413 946 3463 cultum
981 3428 1074 3478 per
1112 3415 1387 3479 imaginem
1429 3413 1604 3464 fuisse.

542 3486 695 3537 Idem.

602 3564 869 3629 Imagines]
907 3565 1287 3628 Imperatorum
1324 3567 1489 3630 imago
1514 3566 1601 3615 de·

538 3637 666 3687 ferri
705 3647 861 3702 atque
896 3642 1086 3703 exponi
1124 3657 1217 3704 per
1256 3650 1427 3691 castra
1471 3643 1604 3689 sole-

538 3714 649 3771 bat,
696 3715 821 3777 ipsis
868 3715 988 3764 inde
1045 3716 1366 3765 absentibus.
1430 3717 1604 3766 Tacit.

540 3791 731 3842 Annal.
756 3804 851 3840 xv.
874 3792 888 3817 ‘
907 3791 1152 3841 Tribunal
1189 3790 1410 3855 effigiem
1439 3794 1607 3842 Nero·

538 3869 621 3920 nis
646 3868 973 3930 sustinebat,'
996 3872 1096 3917 dte.
1128 3870 1344 3918 Patarol.

589 3943 982 3995 -Consolutabunt
1010 3944 1362 4008 imperatorem]
1401 3945 1462 3994 In
1489 3959 1606 3994 meo

542 4021 746 4077 codice.
770 4022 895 4070 item
929 4021 978 4069 in
1016 4021 1148 4070 libro
1176 4022 1447 4083 Vomano,
1470 4022 1606 4070 simi·

541 4099 766 4163 literque
813 4097 861 4147 in
908 4098 1205 4162 Puteolani,
1251 4098 1504 4157 Rhenani,
1551 4103 1606 4146 et

543 4175 778 4226 Plautini
800 4175 948 4227 editt.
973 4190 1066 4241 pro
1087 4175 1460 4232 consolidabant,
1478 4174 1607 4238 legi·

1225 375 1445 425 NOTAE
1495 374 1905 424 VARIORUM
1956 375 2036 424 tu

1668 524 1757 568 tur
1798 518 2144 568 consultabant.
2212 517 2317 569 Sed
2364 524 2585 582 praestat
2625 520 2740 569 vul·

1665 602 1785 657 gata
1811 595 1981 645 lectio.
2051 594 2218 644 Simili
2248 608 2444 650 errore,
2468 595 2625 644 etiam
2652 610 2741 645 sn·

1668 685 1785 736 pra,
1810 686 1861 720 v.
1880 676 1928 720 4.
1950 673 1999 720 in
2025 672 2283 720 vossiano
2318 670 2451 719 libro
2481 672 2737 735 scriptum

1669 755 1771 807 est,
1797 747 2014 797 ‘Omnis
2049 746 2221 806 turba,
2256 755 2314 796 ut
2351 754 2479 796 tunc
2515 746 2739 796 arbitra-

1669 822 1843 885 batur,
1886 823 2079 884 Deum;
2141 830 2397 882 ceterum,
2443 829 2501 870 nt
2557 822 2740 870 docuit

1668 906 1906 959 eventus,
1963 907 2016 947 te
2082 898 2393 947 consultavit
2458 897 2740 961 imperato·

1671 990 1777 1024 rem
1798 976 1833 1037 ς’
1868 976 1953 1026 ubi
1977 978 2140 1025 ceteri
2178 975 2296 1024 libri
2332 973 2520 1024 rectius
2544 973 2740 1023 habent

1669 1056 1717 1100 te
1757 1052 2072 1101 consalutauit
2116 1052 2463 1114 imperatorem.
2502 1049 2740 1114 ⁴Nomen

1668 1127 2073 1190 ‘imperatoris,’
2107 1129 2156 1176 in
2191 1125 2440 1191 presenti
2475 1125 2630 1174 Plinii
2668 1127 2740 1174 lo·

1669 1216 1750 1266 co,
1786 1211 1844 1252 ut
1889 1218 1955 1252 ex
1993 1201 2430 1267 subsequentibus
2467 1200 2642 1250 verbis
2682 1201 2742 1250 li-

1670 1287 1815 1344 quet,
1838 1280 2058 1329 sumitur
2094 1295 2185 1343 pro
2213 1278 2439 1327 ‘victore
2477 1276 2742 1334 hostium,’

1670 1356 1804 1420 quod
1829 1356 2084 1420 Trajsnus
2112 1370 2210 1404 non
2245 1360 2349 1403 tam
2385 1352 2597 1402 domitis
2618 1353 2741 1401 hos-

1671 1432 1829 1495 tibus,
1861 1447 2011 1496 quam
2048 1430 2344 1486 contemtis,
2378 1429 2624 1478 meruisse
2661 1427 2741 1478 di-

1672 1510 1845 1570 citur-3
1902 1524 2018 1558 nam
2064 1508 2315 1571 Trajanns
2362 1507 2473 1569 jam
2529 1513 2657 1554 ante
2709 1520 2741 1554 a

1673 1586 1865 1642 Nerva.
1908 1594 2152 1649 tanquam
2194 1585 2397 1646 collega
2435 1589 2491 1631 et
2525 1596 2741 1633 consors

1669 1661 1894 1723 imperii,
1935 1660 2232 1709 declaratus
2276 1664 2394 1708 erat
2438 1659 2742 1721 imperator.

1669 1736 1805 1785 Vide
1838 1751 1995 1799 supra
2019 1737 2082 1785 ad
2109 1749 2235 1785 vin.
2258 1740 2307 1784 6.
2375 1735 2578 1785 Nomen
2616 1748 2744 1784 vero

1673 1813 1981 1876 titulumque
2028 1810 2441 1875 ‘imperatoris‚'
2489 1818 2741 1875 tanquam

1667 1889 1683 1916 ‘
1707 1888 1917 1937 victoris
1953 1885 2216 1951 bostium,’
2238 1888 2349 1950 jam
2387 1886 2436 1936 in
2466 1886 2745 1950 republica

1670 1964 1854 2027 libera,
1886 1965 2048 2014 duces
2084 1964 2428 2020 exercituum,
2464 1964 2616 2012 victis
2651 1962 2746 2012 do·

1669 2042 1915 2105 mitisque
1940 2041 2190 2097 hostibus,
2215 2042 2567 2091 merebantur.
2635 2039 2746 2091 Qui

1671 2117 1835 2167 bonor
1859 2118 2121 2182 deinceps,
2144 2123 2234 2167 aut
2265 2118 2387 2167 solis
2421 2116 2744 2181 principibus

1672 2194 1983 2251 vindicatus,
2054 2193 2391 2256 pluribusque
2460 2193 2746 2256 reportatis

1673 2270 1921 2326 victoriis,
1946 2270 2136 2333 pluries
2172 2270 2448 2333 repetitus,
2472 2276 2525 2318 et
2554 2269 2608 2318 in
2634 2283 2743 2319 rno-

1674 2346 1914 2396 nimentis
1937 2360 2151 2396 numero
2175 2360 2268 2395 suo
2303 2346 2606 2410 designatus
2626 2337 2743 2405 est,

1676 2430 1765 2473 aut
1789 2423 1886 2473 sub
1908 2423 1986 2473 bis
2010 2436 2262 2488 perquam
2289 2436 2425 2487 raro,
2448 2436 2624 2488 neque
2651 2421 2746 2472 nisi

1676 2502 1856 2551 decem
1881 2501 2102 2550 millibus
2133 2501 2353 2550 hostium
2378 2502 2549 2560 caesis,
2572 2501 2747 2564 privo·

1678 2577 1745 2626 tis
1783 2577 2000 2626 ducibus
2039 2591 2317 2626 concessus
2355 2584 2454 2625 est.
2524 2577 2649 2629 Quo
2679 2576 2745 2625 de

1679 2652 1832 2702 titulo
1874 2653 2152 2716 Spanhem.
2192 2652 2256 2702 de
2295 2652 2407 2702 Usu
2452 2658 2508 2701 et
2553 2652 2747 2701 Praest.

1679 2728 1937 2778 Numism.
1962 2730 2180 2779 Dissert.
2212 2733 2293 2778 12.
2324 2730 2472 2794 plura
2507 2728 2747 2779 tradidit.

1677 2805 1824 2854 Tunc
1850 2819 1969 2853 vero
1989 2804 2215 2854 victores
2241 2805 2461 2853 bostium
2488 2806 2747 2855 acclama·

1679 2881 1820 2930 tione
1842 2881 2105 2930 exercitus
2139 2880 2517 2943 ‘imperatores
2549 2880 2747 2929 saluta-

1679 2957 1763 3020 ri,’
1812 2958 1921 3006 sive
1966 2964 1982 2987 ¹
2007 2956 2376 3017 consalutari,’
2417 2956 2749 3007 dicebantur.

1680 3033 1812 3084 Quae
1863 3033 2108 3081 salutatio
2153 3032 2380 3080 babebat
2426 3031 2624 3096 aliquid
2681 3034 2746 3082 si-

1680 3107 1798 3155 mile
1825 3106 2146 3155 venerationi
2164 3107 2277 3156 Diis
2297 3108 2537 3170 praestari
2557 3107 2748 3168 solita,

1681 3184 1838 3250 quod,
1882 3185 1958 3232 uti
1992 3184 2101 3246 jam
2145 3184 2353 3233 aliunde
2397 3191 2630 3241 constat,
2675 3186 2749 3235 ita

1680 3261 1944 3325 colligitur
1980 3276 2044 3309 ex
2084 3262 2246 3311 citato
2286 3275 2406 3324 cap.
2432 3274 2484 3310 v.
2508 3264 2561 3311 4.
2598 3262 2746 3326 hujus

1681 3337 2014 3401 Panegyrici.
2080 3336 2218 3386 Nam
2259 3343 2314 3387 et
2357 3337 2458 3391 Dii.
2494 3352 2626 3400 qnos
2662 3350 2748 3387 ve-

1679 3415 1995 3462 nerabantur
2028 3420 2081 3462 et
2125 3412 2431 3473 adorabant,
2464 3413 2716 3463 ‘salutari
2736 3412 2752 3436 ’

1681 3488 2007 3537 dicebantur.
2075 3486 2212 3536 Vide
2237 3487 2477 3537 Brouerii
2515 3488 2586 3538 de
2622 3490 2749 3539 Nie-

1680 3564 1830 3613 deck.
1854 3563 2066 3613 dissert.
2085 3563 2152 3613 de
2171 3562 2605 3628 Adorationibus,
2631 3579 2679 3616 c.
2697 3568 2747 3613 6.

1681 3642 1922 3692 Schtz-urz.

1747 3715 2045 3779 Nomenque]
2080 3715 2498 3780 Imperatorinm.
2530 3715 2669 3779 Lips.

1750 3792 2035 3855 Contemtis]
2070 3793 2296 3841 Vincere
2332 3792 2469 3841 enim
2518 3801 2751 3857 poteras,

1682 3869 1909 3917 noluisti.
1946 3869 2096 3917 Idem.

1748 3945 1884 3994 cn».
1906 3957 2037 3993 ινιι.
2072 3943 2214 4006 Acti]
2245 3944 2492 3994 Secundi.
2531 3945 2687 3995 Iden.

1747 4020 1932 4083 Diluti]
1965 4020 2150 4069 Tertii.
2183 4019 2336 4069 Idem.

1747 4096 1920 4157 Initio]
1958 4098 2094 4146 Nam
2126 4096 2238 4145 haec
2259 4094 2567 4160 designatio,
2592 4103 2647 4145 et
2673 4109 2754 4146 re·

1682 4172 1885 4225 cusatio
1910 4171 2051 4222 facta
2077 4185 2213 4221 anno
2237 4171 2526 4235 superiore.
2567 4172 2723 4222 Idem.
