3060 4902
783 392 849 439 C·
894 388 1142 437 PLlNll
1193 384 1526 435 SECUNDI
1579 382 1855 432 PANEG.

333 539 588 605 pellatur.
657 536 768 586 Pro
798 532 959 583 verbo
980 530 1331 592 circumdet-tur,
1361 529 1414 578 in

336 617 525 668 codice
563 612 826 663 Vaticano
859 613 1007 661 3461.
1042 609 1297 673 scriptum
1333 613 1415 657 est

334 693 602 752 consatur-
625 690 798 740 Idem.

409 769 620 833 Tabula]
647 767 899 816 Villarum
921 763 1302 828 fundorumque
1326 776 1412 811 ve·

337 848 562 901 nulium,
588 844 675 909 qni
702 841 956 907 principis
977 839 1220 890 fuissent.
1277 839 1413 888 Nam

344 924 530 973 Nerva
561 921 676 985 jam
700 926 824 969 aute
850 917 1162 966 vendiderat
1184 915 1265 978 (in
1290 914 1413 964 Dio-

343 1000 438 1066 ne)
459 1002 474 1028 ‘
497 1000 734 1063 pecunia
750 1013 932 1063 egens,
953 1005 1146 1051 vestes,
1168 1009 1302 1050 vasa,
1332 1008 1414 1042 su·

342 1078 690 1143 pellectilem‚
705 1085 761 1126 et
783 1072 1034 1141 quidquid
1057 1087 1156 1121 non
1176 1084 1416 1118 necessa·

344 1156 478 1205 rium
504 1156 555 1203 in
579 1156 698 1203 aula
721 1150 894 1201 esset.'
931 1151 1003 1199 At
1034 1147 1292 1211 Trajanus
1318 1146 1415 1208 igi-

345 1239 434 1282 tnr
455 1244 520 1279 ex
548 1233 662 1294 ipso
694 1227 1001 1293 patrimonio
1028 1224 1301 1290 principali
1324 1224 1415 1271 im·

343 1308 565 1358 minuit:
620 1305 760 1371 quod
806 1305 1109 1355 immensum
1160 1304 1417 1350 creverat.

348 1384 496 1447 Lips.

419 1458 624 1522 Tabula]
663 1458 681 1486 ⁴
709 1455 1005 1506 Antoninus
1049 1450 1414 1514 Philosophus,

347 1550 416 1585 ne
443 1536 495 1583 in
518 1534 653 1584 bello
672 1530 1115 1590 Marcomannico,
1140 1527 1277 1593 quod
1311 1541 1418 1575 orn-

349 1628 418 1663 ne
453 1611 690 1661 aerarium
728 1608 1070 1661 exhausisset,
1099 1611 1247 1654 extra
1282 1603 1418 1652 ordi·

348 1703 469 1739 nem
490 1685 888 1752 provincialibus
904 1682 1098 1747 aliquid
1116 1682 1418 1744 imperaret,

345 1766 404 1815 in
428 1765 542 1815 foro
564 1764 686 1812 Divi
709 1761 921 1823 Trajani
950 1759 1239 1808 auctionem
1267 1770 1418 1804 orna·

347 1848 645 1891 mentorum
682 1837 1029 1902 imperialium
1066 1833 1230 1883 fecit!
1264 1832 1418 1895 Capi—

345 1918 444 1967 tol.
465 1931 514 1966 c.
538 1920 617 1964 16.
682 1914 821 1966 Quid
843 1912 1043 1962 nostri?
1078 1917 1254 1960 nostra
1278 1907 1419 1970 ἄγειν

350 1992 435 2042 καὶ
455 1990 634 2056 φέρειν.
663 1990 818 2039 Rern.

420 2070 564 2124 Quod
582 2068 649 2118 sit
671 2064 974 2127 detestanda]
1019 2063 1178 2112 Forte
1205 2061 1311 2117 Quo
1332 2060 1416 2111 sit.

352 2146 529 2196 Lirin.

420 2223 563 2280 Quod
580 2220 672 2285 sit]
702 2219 806 2276 Quo
826 2218 908 2267 sit.
974 2215 1185 2267 Odoror
1221 2216 1414 2266 hiatum

345 2300 594 2364 aliquem,
620 2297 710 2346 sed
737 2298 922 2345 levem.
946 2295 1083 2357 Lips.

420 2378 562 2432 Quod
591 2375 682 2439 sit]
722 2374 887 2423 Valde
922 2372 1126 2434 dubito,
1167 2386 1232 2421 an
1267 2371 1416 2435 hujus

348 2454 454 2504 loci
498 2451 861 2515 integritatem
912 2458 1166 2513 praestare
1209 2449 1417 2512 possim.

352 2532 576 2596 Lipsius,
622 2530 638 2555 ‘
665 2525 912 2590 Odoror‚’
965 2527 1151 2590 inquit,
1188 2526 1416 2574 ‘hiatum

348 2610 602 2673 aliquem,
637 2604 728 2656 sed
765 2602 966 2654 levem!
1028 2603 1272 2663 Bebrius,
1312 2603 1418 2652 Ge·

347 2683 616 2744 danensis,
640 2681 777 2730 hune
802 2680 994 2728 hiatum
1016 2678 1318 2740 expleturus
1342 2691 1422 2725 re-

348 2759 686 2813 scribendum
714 2758 919 2822 putavit
955 2755 1114 2805 tabula
1147 2756 1317 2818 ingens
1349 2771 1423 2805 re·

347 2855 460 2889 rum
484 2837 719 2886 venalium
739 2851 758 2893 ,·
791 2850 897 2898 quoe
918 2835 1059 2884 testis
1080 2838 1170 2889 est,
1196 2849 1336 2896 quam
1358 2833 1425 2882 sit

350 2915 638 2966 detestanda
674 2911 902 2975 αυανίἰὶα,
939 2913 1022 2973 ⁸5⁶·
1102 2910 1207 2959 Sed
1250 2910 1422 2971 liujus·

352 2994 494 3044 modi
515 2989 959 3045 intercalationes,
976 2986 1304 3051 antiquitatis
1322 2993 1424 3034 tes-

355 3069 576 3121 timonio
600 3068 907 3126 destitutas,
935 3079 1036 3113 non
1061 3061 1216 3112 facile
1242 3062 1425 3111 admit·

345 3148 424 3201 tit
445 3146 636 3196 critica
658 3141 1012 3201 moderatior;
1047 3138 1279 3204 quamvis
1304 3138 1425 3187 alio-

352 3225 482 3289 quin
517 3235 694 3271 earnm
732 3218 993 3269 sententia
1029 3216 1154 3265 nihil
1186 3215 1428 3274 σόλοικον,

354 3301 480 3350 nihil
502 3297 801 3350 absurdum,
821 3294 1109 3343 contineat.
1180 3293 1428 3341 Animad-

356 3386 511 3427 verto
533 3383 705 3426 autem
732 3373 783 3422 in
810 3371 955 3420 libris
982 3378 1087 3420 tres
1120 3370 1287 3418 varias
1325 3370 1426 3419 lec·

355 3456 543 3504 tiones.
632 3450 975 3504 Boxhornius,
1018 3447 1427 3502 Kirchmaierus,

313 3536 320 3539 ’
355 3539 416 3581 et
440 3528 719 3588 cellarius,
739 3527 827 3593 qui
859 3541 983 3575 vero
1020 3526 1162 3573 nullo
1190 3527 1425 3574 codicum

347 3608 492 3658 «Μει.
515 3604 752 3656 subsidio
777 3604 851 3652 nsi
889 3610 1029 3655 sunt,
1052 3601 1265 3649 edidere
1292 3601 1429 3655 Quod

347 3685 439 3751 fit.
496 3683 598 3733 Ubi
625 3680 827 3743 opinor,
852 3683 1131 3741 sequentes
1158 3691 1325 3730 voces,
1348 3676 1426 3724 de·

355 3759 580 3810 amanda
593 3754 958 3815 auaritia,casu
979 3759 1130 3799 sexto
1152 3751 1317 3812 accipi
1338 3750 1427 3798 de·

351 3836 522 3898 bere3
559 3840 714 3897 prout
756 3830 965 3885 dicitur,
987 3828 1060 3893 fit
1083 3827 1217 3888 sata,
1237 3827 1309 3892 fit
1346 3834 1430 3876 tua

353 3915 512 3977 culpa.
545 3914 627 3974 ξε.
649 3908 792 3972 qnasi
829 3907 1007 3956 dicere
1034 3905 1256 3953 voluerit
1291 3905 1429 3953 Plin-

363 3989 505 4046 Quod
542 3985 781 4050 (nempe,
820 3989 878 4030 ut
917 3979 1317 4029 circumferatur
1355 3989 1428 4029 ta·

358 4068 487 4117 bula
517 4060 631 4127 illa)
667 4060 740 4127 fit
762 4059 1042 4109 detestando
1062 4057 1290 4118 avaritia,
1323 4057 1356 4104 i.
1382 4072 1429 4107 e.

277 4177 292 4188 .
357 4148 579 4209 propter
604 4134 969 4191 detestandam
988 4133 1254 4181 avaritiam
1279 4132 1432 4180 illius.

349 4219 466 4268 :Alii
523 4212 719 4264 habent
779 4211 888 4265 Quo
929 4208 1013 4256 sit.
1079 4208 1247 4258 Quam
1287 4207 1432 4255 iecti-

363 4309 516 4345 onem
534 4293 670 4342 hunc
693 4290 747 4340 in
761 4286 969 4359 modum
988 4281 1279 4346 παραφράζει
1295 4284 1431 4333 Bau·

1940 384 1989 430 1.
2022 366 2132 431 50.
2421 362 2552 428 743

1489 529 1638 578 nius:
1686 528 1780 578 ‘ut
1813 533 2136 591 proponatur
2162 521 2396 573 omnibus
2428 536 2554 571 exe·

1488 605 1685 655 oranda
1716 603 2005 654 Domitiani
2031 602 2272 661 avaritia,
2306 599 2429 665 qui,’
2456 602 2556 649 &c-

1489 681 1645 730 Hanc
1668 681 1832 744 ipsam
1860 680 2138 728 lectionem
2166 678 2356 739 primus
2377 689 2408 723 e
2430 690 2553 725 con·

1480 756 1695 820 jectura
1720 757 1772 804 in
1812 755 2043 817 margine
2065 753 2309 803 editionis
2333 767 2438 801 sne
2462 766 2554 800 an-

1489 843 1764 883 notaverat
1790 834 2075 893 Livineius,
2092 838 2249 895 atque
2269 832 2343 880 ita
2368 830 2554 894 proba·

1490 912 1566 960 vit
1592 911 1705 959 aliis
1735 911 1857 958 vlris
1888 910 2127 971 eruditis,
2151 917 2207 955 ut
2233 906 2449 955 eandem
2476 907 2554 955 in·

1491 987 1642 1036 terim
1685 988 1736 1036 in
1777 993 2080 1035 contextum
2108 983 2403 1044 receperint
2434 982 2555 1045 Lip-

1490 1063 1612 1122 sius,
1652 1064 1977 1123 Bernegger,
2011 1060 2269 1115 Graevius,
2305 1058 2554 1114 Baunius,

1488 1139 1725 1195 Patarol,
1752 1140 1911 1193 Ceva,
1934 1138 2219 1187 Gesnerns.
2285 1133 2358 1183 At
2375 1147 2555 1183 omnes

1489 1215 1701 1264 codices
1736 1214 1865 1262 Mss.
1901 1211 2157 1261 communi
2195 1223 2466 1269 consensu,
2501 1213 2559 1258 et

1491 1307 1668 1342 omnes
1693 1292 1853 1341 ceteri
1891 1289 2005 1338 libi-i
2046 1287 2302 1352 impressi,
2329 1286 2558 1350 produnt

1494 1371 1633 1425 Quod
1648 1370 1735 1420 sit.
1804 1369 1973 1419 Quam
1999 1368 2273 1417 lectionem
2293 1366 2404 1414 sine
2423 1363 2558 1414 diffi-

1492 1448 1691 1496 cultate
1718 1453 1858 1495 recte
1878 1459 2030 1509 posse
2057 1444 2268 1507 exponi,
2293 1441 2556 1507 professus

1493 1522 1702 1587 quidem
1740 1530 1818 1572 est
1840 1538 1854 1583 3
1890 1521 1999 1583 sed,
2022 1520 2158 1585 quod
2182 1534 2299 1568 cum
2324 1519 2558 1568 Gesnero

1493 1614 1631 1662 aegre
1655 1598 1788 1659 fero,
1811 1613 1910 1647 non
1935 1598 2046 1661 ipse
2079 1597 2318 1660 exposuit
2342 1595 2559 1645 Arntze·

1491 1678 1628 1726 nius.
1696 1676 1914 1725 Interim
1954 1674 2260 1739 particulam
2288 1674 2429 1735 quod,
2465 1685 2559 1735 per

1493 1753 1690 1818 ‘quia‚'
1735 1755 1817 1802 vel
1859 1760 1955 1801 ‘eo
1990 1750 2164 1814 quod,’
2197 1748 2559 1813 explicandam

1494 1838 1643 1894 puto,
1662 1832 1805 1893 quasi
1825 1829 1971 1878 dicat
1990 1822 2559 1888 Plinius,⁴Circumfer-

1494 1913 1583 1956 tur
1605 1907 1699 1956 sub
1721 1906 1922 1955 nomine
1938 1905 2159 1954 Caesaris
2182 1903 2356 1951 tabula
2375 1902 2559 1965 iugens

1493 1997 1665 2032 rerum
1686 1982 1960 2039 venalium,
1979 1996 2040 2029 eo
2056 1979 2192 2044 quod
2209 1978 2278 2027 sit
2296 1979 2561 2027 detestan-

1491 2058 1561 2107 da
1575 2057 1828 2118 avaritia,’
1844 2061 1945 2106 διε.
2004 2054 2157 2106 Quod
2175 2053 2217 2103 si
2242 2068 2361 2102 vero
2378 2060 2562 2103 contra

1494 2135 1787 2184 communia
1827 2140 1907 2182 tot
1946 2132 2193 2180 librorum
2230 2131 2562 2193 antiquorum

1492 2210 1738 2272 suffragia
1753 2209 2068 2272 conjectnrae
2087 2206 2255 2254 locum
2275 2203 2564 2253 concedere

1493 2288 1670 2346 liceat,
1706 2287 1818 2348 ipse
1842 2299 2044 2348 quoque
2081 2283 2400 2345 conjecturae
2428 2279 2564 2329 Livi-

1493 2364 1596 2412 neii
1621 2364 1787 2410 locum
1808 2360 2147 2422 indulgerem.
2170 2356 2411 2405 Schwarz.

1564 2438 1726 2503 Illius]
1755 2437 2039 2487 Domitiani
2066 2435 2270 2498 palam;
2307 2431 2563 2497 male,qui

1495 2517 1561 2569 ad
1593 2519 1852 2566 Neronem
1880 2515 2107 2564 trahunt.
2126 2511 2264 2575 Lips.

1561 2596 1679 2644 Tum
1701 2591 1938 2655 exitialis]
1964 2593 2138 2640 Tamen
2159 2588 2374 2638 exitialis
2399 2588 2566 2636 Livin.

1495 2673 1547 2721 in
1584 2681 1751 2735 textu,
1782 2671 1872 2721 sed
1908 2670 1959 2718 in
1998 2681 2162 2731 marg.
2201 2667 2320 2716 Tum
2349 2665 2564 2714 exitialis

1555 2829 1673 2876 Tum
1686 2825 1904 2875 exitialis
1916 2822 2046 2886 erat]
2066 2821 2284 2873 Codices
2302 2822 2432 2871 Mss.
2458 2822 2564 2869 Va·

1499 2904 1676 2959 ticani,
1697 2903 2028 2956 Parisiensis,
2047 2900 2254 2960 Veneti,
2271 2899 2566 2961 Guelpher-

1501 2980 1743 3044 bytanus,
1788 2993 1952 3036 meus,
1999 2985 2146 3025 recte
2194 2975 2387 3024 liabent
2429 2982 2527 3024 tum
2549 2992 2566 3031 ,-

1499 3071 1596 3119 pro
1619 3069 1718 3119 qua
1744 3053 1999 3116 particula
2027 3066 2128 3101 non
2154 3053 2307 3114 pauci
2333 3050 2565 3101 editores

1500 3132 2004 3193 evulgarunttamen.
2038 3129 2233 3177 Verum
2253 3128 2444 3177 rectius
2467 3129 2566 3179 sibi

1502 3207 1821 3270 respondent
1843 3210 1942 3254 tum
1977 3211 2032 3253 et
2067 3218 2211 3253 niune.
2274 3204 2358 3254 Sic
2392 3212 2449 3253 et
2481 3204 2569 3254 Ci-

1502 3299 1627 3332 cero
1650 3285 1741 3331 has
1768 3281 2050 3352 particulas
2075 3283 2213 3329 inter
2235 3296 2292 3330 se
2316 3279 2522 3330 confert
2548 3298 2563 3342 ;

1502 3377 1551 3412 v.
1575 3377 1624 3426 g.
1650 3362 1790 3409 Fam.
1822 3372 1902 3407 ix.
1934 3362 2010 3405 16.
2046 3364 2061 3386 ⁴
2084 3358 2217 3406 Tum
2255 3359 2410 3413 euim.
2448 3372 2564 3407 eum

1501 3453 1611 3488 rein
1634 3436 1881 3497 habebas,
1901 3433 2219 3496 quaesticulis
2238 3440 2288 3482 te
2312 3432 2567 3483 faciebam

1501 3514 1871 3565 attentiorem:
1929 3524 2086 3572 nuuc,
2127 3523 2242 3558 cum
2279 3517 2380 3571 tam
2417 3525 2568 3575 aeqno

1500 3595 1671 3641 auimo
1698 3592 1829 3639 bona
1871 3586 2072 3653 perdas,
2097 3601 2199 3635 non
2223 3601 2286 3636 eo
2310 3587 2379 3636 sis
2403 3590 2569 3637 consi·

1502 3669 1607 3730 lio:
1629 3673 1723 3717 διο.
1758 3666 1903 3716 Ideni
1928 3665 1990 3713 ad
2020 3663 2185 3714 Attic.
2204 3679 2286 3715 tx.
2303 3668 2382 3714 19.
2405 3673 2421 3697 ‘
2437 3666 2568 3715 Tum

1502 3760 1708 3794 eramus
1752 3745 1805 3792 in
1844 3741 2068 3790 maxima
2111 3755 2238 3803 spe;
2287 3756 2425 3791 nunc
2469 3756 2569 3805 ego

1504 3822 1713 3888 quidem
1754 3821 1805 3869 in
1843 3816 2018 3868 nulla!
2088 3817 2341 3882 Equidem
2382 3819 2569 3868 eodem

1506 3910 1713 3961 prorsus
1736 3895 1889 3943 modo
1912 3894 2069 3943 etiam
2096 3893 2366 3956 particulis
2380 3899 2491 3942 lunc
2513 3902 2571 3944 et

1505 3990 1630 4022 nunc
1655 3980 1870 4021 utuntur
1899 3969 2086 4032 optimi
2114 3975 2352 4017 auctores
2381 3970 2569 4032 Latini,

1506 4063 1702 4113 easque
1726 4048 1882 4096 etiam
1908 4046 1958 4094 in
1985 4046 2081 4092 lioc
2107 4043 2265 4091 Plinii
2291 4044 2403 4093 loco
2425 4047 2570 4094 evul-

1506 4133 1697 4193 garunt
1715 4139 1812 4173 uon
1833 4122 1987 4179 nulli;
2025 4120 2117 4169 sed
2142 4134 2244 4168 non
2269 4128 2368 4174 est,
2385 4135 2477 4169 cur
2500 4124 2568 4171 ab

1505 4203 1819 4253 aiictoritate
1843 4198 2082 4247 codicum
2104 4195 2569 4250 Mss.recedamns.

1509 4281 1799 4339 Praeterea,
1819 4276 1867 4324 in
1889 4272 2070 4324 codice
2090 4270 2490 4338 Salisburgeusi,
2515 4284 2569 4327 et
