3060 4902
761 382 830 431 c.
876 380 1124 429 amun
1171 378 1505 457 saeuum
1557 380 1833 429 PANssc.
1909 382 1957 429 1.
2004 364 2112 430 37.

334 523 404 574 ‘si
426 522 585 573 modo
601 521 745 572 filius
777 523 831 572 in
850 531 1113 588 potestate
1137 525 1303 589 patris
1325 524 1406 574 fu·

335 600 497 665 isset:
534 600 819 661 συνωνύμως
866 602 1128 663 dicuntur,
1160 610 1216 651 et
1249 616 1404 652 unam

337 679 661 744 eandemque
707 693 815 727 rem
860 677 1183 742 significant3
1239 691 1405 742 neque

336 767 547 805 necesse
571 763 656 805 est
681 763 739 805 nt
761 769 857 819 pro
875 769 1003 804 voce
1024 758 1266 819 reductas,
1288 770 1403 805 eum

337 832 559 895 anacio
581 841 638 882 et
661 833 885 892 Baunio,
909 846 1219 894 reponamus
1242 835 1403 881 redac-

336 915 430 958 m.
496 908 601 958 Sed
643 908 710 958 de
749 910 846 958 lioc
885 910 999 959 loco
1040 910 1211 972 paullo
1233 911 1403 974 -plura

335 984 444 1033 dixi
468 986 519 1034 in
544 987 764 1035 Excurs.
789 998 950 1035 xun.
984 986 1133 1034 Idem.

345 1071 353 1090 ⁵
404 1062 651 1112 Reductus
669 1060 817 1124 esset]
853 1062 1032 1124 Forte,
1052 1063 1247 1111 relictus
1266 1068 1403 1113 esset.

336 1138 507 1188 Lirin.

403 1216 650 1266 Reductus
692 1219 839 1282 esset]
894 1217 1112 1268 Exierat
1158 1216 1318 1280 enim,
1358 1217 1401 1267 si

335 1292 448 1356 ipse
470 1293 693 1341 donatus
722 1295 968 1355 civitate3
1003 1296 1114 1343 sive
1149 1293 1327 1351 etiam,
1360 1295 1402 1344 si

335 1375 518 1433 pater3
555 1385 673 1419 nam
696 1370 1051 1421 deminutione
1074 1372 1170 1419 hac
1193 1371 1401 1433 capitis,

334 1443 387 1493 id
412 1453 514 1501 est,
536 1453 727 1504 status,
747 1447 915 1496 civilis
938 1448 1023 1496 illa
1044 1452 1278 1510 potestas
1301 1448 1401 1496 sol-

337 1521 579 1571 vebatur.
613 1523 824 1585 Festus,
845 1523 861 1550 ‘
885 1524 1200 1573 Deminutus
1224 1524 1399 1587 capite

334 1599 654 1661 appellatur,
678 1599 764 1664 qni
791 1600 1003 1650 civitate
1026 1606 1258 1649 mutatus
1282 1599 1400 1650 est!

335 1673 487 1724 Idem.

342 1763 349 1770 ‘
397 1752 645 1801 Reductus
668 1752 815 1816 esset]
853 1753 1095 1803 Reductus
1125 1757 1267 1802 esset.
1302 1754 1397 1802 Fa·

330 1825 440 1876 ber.

394 1905 645 1954 Reductus
660 1904 805 1969 esset]
829 1904 1034 1955 Monuit
1055 1919 1235 1954 manus
1256 1906 1395 1955 Bon·

329 1982 503 2044 garsii,
530 1982 795 2047 Cujacium
818 1984 991 2045 legere
1014 1984 1234 2031 redactus
1254 1989 1396 2037 esset.

328 2059 416 2122 qui
451 2059 672 2109 adeatur
704 2074 863 2124 super
896 2074 957 2108 ea
990 2073 1139 2115 voce.
1173 2059 1304 2109 Obs.
1341 2073 1397 2108 x.

327 2137 409 2184 28.
448 2135 598 2184 (ἵνα.

337 2233 346 2242 ·
393 2211 456 2260 In
477 2213 635 2274 putris
647 2211 955 2275 potestatem]
975 2212 1151 2267 Forte,
1168 2212 1218 2260 in
1236 2211 1394 2275 patris

324 2293 581 2352 potestate.
618 2288 788 2337 Lirin.

393 2367 457 2415 In
483 2364 648 2428 patris
674 2362 977 2428 potestatem]
1020 2363 1249 2426 Legibus
1289 2363 1391 2413 Ro·

325 2442 490 2491 manis
524 2440 667 2490 circa
698 2441 1070 2503 successiones,
1093 2441 1251 2489 etiam
1273 2455 1393 2501 cog·

324 2518 464 2568 natis
486 2517 707 2573 delatas,
735 2532 799 2567 ea
834 2518 967 2566 ratio
1000 2516 1309 2572 habebatur,
1337 2524 1393 2566 ut

323 2595 464 2658 patri
490 2601 584 2643 ant
607 2595 782 2656 matri,
803 2593 1002 2643 civibus
1040 2592 1305 2649 Romanis,
1333 2592 1392 2642 fi-

326 2671 421 2720 lins
446 2671 774 2735 peregrinus,
793 2677 881 2721 aut
898 2671 1132 2731 Latinus,
1153 2685 1253 2719 nou
1275 2686 1391 2734 pos-

323 2754 407 2797 set
443 2761 513 2797 ex
555 2754 893 2807 testamento,
926 2749 1006 2797 vel
1029 2748 1094 2798 ab
1122 2747 1390 2809 intestato,

322 2824 566 2889 civilique
592 2831 682 2873 ant
703 2823 977 2872 honorario
991 2823 1115 2886 jure
1143 2824 1391 2874 succede·

323 2915 403 2964 re,
424 2902 527 2950 nisi
551 2900 838 2962 civitatem,
869 2904 958 2949 aut
978 2901 1066 2963 jus
1091 2901 1388 2964 Quiritium,

322 2979 470 3044 prins
496 2979 765 3043 impetret.
830 2977 1009 3029 Quare
1034 2977 1153 3025 olim
1178 2991 1293 3025 cnm
1317 2978 1390 3027 ci·

321 3055 660 3106 vitasliberis
681 3060 971 3117 peteretur.
994 3054 1093 3103 lioc
1117 3054 1272 3103 etiam
1297 3054 1388 3103 ad-

319 3130 373 3180 di
409 3132 644 3187 solitum,
679 3136 738 3179 ut
771 3130 823 3179 in
860 3137 1128 3191 parentum
1157 3137 1387 3190 potesta·

318 3215 427 3258 tem
452 3206 779 3269 redigantur.
846 3205 981 3255 Plin.
1018 3206 1069 3253 in
1105 3206 1208 3269 Ep.
1240 3211 1290 3255 9.
1322 3222 1385 3255 ne

317 3283 553 3348 alioquin
577 3289 632 3331 et
656 3283 707 3330 in
736 3282 1066 3331 successione
1102 3289 1386 3333 testamen-

314 3361 453 3411 taria
481 3374 578 3424 pro
600 3359 924 3408 alienissimis
955 3359 1288 3422 haberentur,
1323 3376 1384 3409 ac

314 3435 540 3500 proinde
563 3450 625 3485 ac
639 3434 801 3486 ceteri
820 3436 1057 3485 extranei
1084 3437 1381 3498 vigesimam

312 3515 628 3565 hereditatis
650 3512 777 3562 fisco
812 3513 1118 3576 penderent.
1152 3528 1268 3576 cap.
1302 3518 1383 3564 87.

314 3592 452 3642 Vide
474 3591 625 3641 Petr.
648 3589 800 3640 Febr.
827 3605 877 3653 p.
905 3594 1016 3638 1⁵1.
1038 3593 1152 3639 1⁵2.
1187 3590 1337 3641 Rern.

381 3666 546 3717 Inseri
585 3663 907 3730 publicanum]
961 3665 1191 3714 Verbum
1235 3665 1384 3715 inseri

315 3745 530 3811 pulchre
552 3742 748 3793 dicitnr
766 3742 832 3790 de
867 3742 930 3790 iis
961 3742 1068 3806 qui,
1091 3742 1233 3805 quasi
1257 3743 1381 3791 alie·

310 3823 386 3885 ni,
420 3823 533 3872 sive
558 3820 682 3884 jure
704 3820 814 3868 sire
844 3818 1050 3881 injuria,
1086 3818 1382 3868 inseruntur

313 3899 547 3951 familie.
612 3897 832 3946 Sueton.
854 3894 982 3945 Ner.
1007 3909 1056 3944 c.
1079 3901 1130 3946 4.
1165 3902 1179 3925 ⁶
1205 3895 1379 3945 Inser-

310 3985 393 4027 tns
409 3980 564 4026 estet
586 3972 853 4022 Liviorum
876 3969 1107 4026 familia,
1131 3970 1378 4035 adoptato

2413 366 2545 433 661

1480 524 1498 554 ‘
1522 525 1654 575 Cum
1680 533 1896 590 repente
1918 524 2178 589 Togonius
2204 524 2404 581 Gallus,
2423 524 2545 575 dum

1479 600 1859 664 ignobilitatem
1901 617 2047 651 suam
2093 602 2291 663 magnis
2333 602 2545 650 nomini·

1478 678 1575 727 bus
1601 680 1799 740 inserit,
1822 694 1915 743 per
1935 678 2277 728 deridiculum
2303 678 2550 728 auditur.'

1479 754 1597 803 Val.
1632 756 1776 805 Max.
1813 770 1891 804 vr.
1923 760 1972 804 7.
2003 763 2116 804 ext.
2141 760 2186 804 1.
2218 763 2233 784 ‘
2261 755 2453 805 Inserit
2487 771 2544 812 se

1481 831 1642 880 tantis
1667 832 1792 881 viris
1814 832 2002 880 mulier
2020 832 2289 894 alienigeni
2308 832 2548 895 generis.'

1479 907 1637 957 Ovid.
1677 909 1812 957 Met.
1847 922 1978 957 xm.
2021 913 2101 957 35.
2137 909 2152 933 ‘
2178 910 2454 972 Furtisque
2491 916 2547 960 et

1478 984 1661 1034 fraude
1684 987 1973 1035 simillimus
2001 986 2074 1034 illi
2103 986 2296 1034 Inserit
2322 985 2545 1035 AEacidis

1478 1062 1660 1111 alienae
1687 1065 1895 1111 nomina
1919 1061 2120 1124 gentis-⁹
2174 1061 2378 1110 Deinde
2399 1071 2543 1111 vete-

1478 1153 1558 1187 res
1580 1138 1676 1187 linc
1700 1140 1906 1187 nomine
1925 1138 2213 1200 generatim
2238 1145 2454 1187 utuntur
2479 1138 2544 1187 de

1476 1216 1538 1265 iis
1568 1217 1654 1279 qni
1693 1231 1748 1264 se
1783 1217 2073 1280 cuicunque
2117 1214 2194 1263 rei
2239 1214 2546 1263 immiscent.

1476 1292 1610 1341 Vide
1635 1293 1981 1341 Burmannum
2022 1291 2085 1341 ad
2111 1291 2362 1343 Quinctil.
2387 1292 2544 1341 Decl.

1478 1382 1562 1418 nx.
1587 1372 1668 1417 14.
1698 1378 1751 1417 et
1782 1370 1961 1417 Barth.
1985 1369 2048 1418 ad
2090 1370 2229 1418 Stat.
2265 1368 2426 1418 Theb.
2464 1382 2545 1418 xr.

1474 1450 1591 1494 208.
1656 1447 1742 1495 Sic
1780 1447 1915 1495 idem
1951 1446 2162 1495 verbum
2189 1461 2216 1493 a
2242 1447 2414 1496 Plinio
2439 1448 2544 1495 ele·

1474 1529 1661 1586 gauter
1683 1524 2109 1573 accommodatur
2137 1523 2201 1570 ad
2226 1523 2544 1587 publicanum,

1473 1600 1560 1661 qui
1586 1613 1702 1649 cum
1728 1600 1967 1662 exigeret
2008 1600 2302 1649 vicesimam
2336 1600 2542 1648 heredi-

1472 1681 1663 1737 tatum,
1685 1689 1740 1724 se
1766 1676 1944 1724 alienis
1978 1674 2187 1725 familiis
2210 1675 2362 1740 quasi
2389 1676 2542 1725 cohe-

1471 1750 1649 1800 redem
1675 1751 1906 1800 inserere
1931 1751 2226 1801 videbatur.
2294 1752 2542 1802 Publica·

1470 1828 1521 1875 ni
1546 1828 1703 1890 enim,
1725 1829 1860 1878 sicut
1882 1836 2061 1878 cetera
2086 1828 2366 1891 vectigalia
2388 1829 2539 1878 rede·

1469 1913 1698 1965 metunt,
1734 1904 1871 1967 quod
1898 1904 2219 1967 potissimum
2244 1918 2273 1952 e
2306 1905 2416 1953 Cic.
2445 1919 2539 1968 pro

1469 1981 1612 2044 Lege
1635 1981 1819 2030 Manil.
1843 1989 2024 2046 patet;
2062 1983 2135 2031 ita
2159 1982 2318 2031 etiam
2354 1983 2538 2031 vicesi-

1467 2072 1574 2105 mas
1591 2058 1936 2106 hereditatum
1961 2058 2243 2107 redemisse
2260 2067 2315 2108 et
2335 2060 2539 2122 exegis-

1467 2149 1524 2183 se
1550 2134 1809 2184 videntur.
1862 2135 2015 2183 Unde
2041 2135 2176 2183 Plin.
2204 2137 2304 2196 Ep.
2329 2150 2431 2184 vu.
2457 2141 2536 2186 14.

1468 2211 1705 2263 ‘Quanti
1751 2226 1782 2258 a
1819 2210 2109 2273 publicanis
2158 2221 2356 2274 partem
2397 2213 2537 2261 vice-

1467 2286 1643 2335 simam
1685 2285 1890 2334 emisti.'
1971 2285 2131 2349 Atqui
2184 2287 2233 2334 hi
2271 2287 2534 2349 publicani

1467 2378 1533 2412 ex
1559 2361 1726 2412 officio
1746 2364 2103 2412 vicesimarum
2124 2364 2532 2428 colligendarum

1466 2442 1747 2506 aliquando
1785 2442 2100 2506 simpliciter
2139 2443 2537 2506 appellabantur

1465 2522 1480 2550 ⁸
1509 2520 1853 2577 vicesimarii,'
1900 2529 1957 2570 ut
2002 2521 2139 2583 apud
2188 2522 2397 2570 Reines.
2444 2521 2535 2569 In·

1466 2599 1651 2662 script.
1674 2612 1799 2648 xut-
1825 2603 1909 2648 43.
1978 2600 2080 2651 Qui
2099 2599 2227 2647 adeo
2251 2599 2329 2647 his
2357 2599 2536 2648 vicesi-

1465 2676 1562 2725 mis
1599 2675 1930 2737 exigentibus
1968 2682 2207 2736 praeerat,
2244 2682 2332 2723 aiut
2354 2689 2535 2725 curam

1467 2749 1727 2800 vicesimae
1797 2750 1984 2815 agebat
2055 2752 2191 2813 apud
2274 2752 2533 2807 erarium,

1466 2832 1482 2855 ‘
1507 2835 1816 2888 procurator
1846 2841 1945 2876 xx.
1972 2826 2373 2888 hereditatium,’
2407 2827 2532 2876 item

1465 2902 1483 2930 ‘
1502 2905 1848 2968 promagister
1888 2918 1989 2953 xx.
2022 2904 2392 2953 hereditatium
2418 2903 2432 2925 '
2453 2903 2531 2953 di·

1465 2982 1700 3032 cebatur.
1737 2981 1902 3030 Vetus
1927 2982 2199 3044 inscriptio
2219 2980 2355 3043 apud
2376 2980 2531 3030 Grut.

1462 3073 1582 3122 pag.
1622 3071 1987 3107 ccccxxxvu.
2021 3062 2068 3106 7.
2102 3071 2263 3107 enoc.
2300 3070 2402 3106 xx.
2429 3071 2529 3106 mz-

1465 3148 1600 3185 mm.
1622 3148 1920 3185 ccccxxvi.
1940 3140 1989 3183 6.
2016 3147 2284 3183 ccccnvu.
2308 3138 2355 3182 8.
2392 3146 2530 3182 Pno-

1470 3224 1775 3261 umiswno.
1802 3225 1902 3261 xx.
1923 3222 2384 3262 naanmnnvm.
2438 3210 2534 3258 vi-

1461 3285 1528 3335 de
1563 3287 1848 3336 Cellarium
1873 3288 1936 3337 ad
1965 3289 2100 3338 Plin.
2125 3288 2296 3351 Epist.
2325 3300 2422 3335 vu.
2447 3291 2529 3336 14.

1460 3368 1515 3412 et
1553 3364 1902 3411 But-mannum
1944 3363 2011 3412 de
2041 3363 2303 3426 Vectigal.
2334 3363 2528 3427 Populi

1463 3437 1615 3487 Rom.
1638 3452 1685 3486 c.
1712 3442 1790 3487 11.
1823 3437 2068 3487 Schmun-z.

1529 3515 1863 3580 Publicanum]
1922 3516 2068 3565 Nota
2106 3527 2199 3577 per
2239 3526 2326 3563 eos
2369 3514 2526 3579 igitur

1459 3599 1703 3642 exactum
1730 3593 2111 3656 collectumque
2147 3592 2245 3641 hoc
2277 3593 2525 3656 vectigal.

1459 3669 1597 3731 Lips-

1523 3742 1815 3806 Extraaeos]
1879 3742 2178 3793 Secundum
2235 3743 2524 3794 Justiuiau.

1456 3820 1592 3871 Inst.
1619 3819 1684 3869 de
1722 3817 1987 3868 Heredum
2013 3819 2169 3870 Qual.
2203 3826 2256 3866 et
2284 3817 2463 3868 Differ.
2490 3823 2518 3884 §

1454 3902 1504 3949 8.
1547 3904 1561 3928 ⁸
1588 3898 1825 3948 extranei
1871 3895 2086 3945 heredes
2110 3895 2124 3916 '
2170 3896 2522 3957 appellantur,

1454 3975 1542 4042 qui
1582 3973 1845 4024 testatoris
1861 3972 1971 4035 juri
1996 3971 2220 4034 subjecti
2261 3986 2361 4020 non
2397 3982 2520 4022 sunt

311 4053 360 4103 in
394 4066 511 4103 eam
550 4056 789 4098 materno
824 4046 956 4096 avo!
1021 4048 1234 4097 Tacitus
1272 4049 1376 4097 An·
1450 4052 1584 4117 (sive
1650 4050 1872 4112 alioquin
1922 4049 2235 4096 naturaliter
2301 4062 2520 4097 consan-

307 4131 411 4180 nsl.
437 4139 574 4179 1111.
598 4129 679 4176 u.
703 4137 830 4174 usus
851 4124 1192 4174 translatione
1210 4124 1276 4174 ab
1301 4124 1376 4174 in.

306 4208 490 4257 sitione
513 4203 865 4257 surculorum,
890 4200 1125 4250 ‘insitum
1145 4208 1201 4250 et
1218 4204 1375 4265 adop·

1454 4127 1631 4192 guiuei
1667 4133 1721 4175 et
1763 4126 1958 4189 agnati,
1994 4126 2103 4172 sive
2142 4124 2370 4184 cognati,
2407 4123 2517 4174 fuc-

1453 4202 1606 4267 rint).
1676 4209 1691 4232 ⁴
1719 4202 1906 4265 Itaque
1932 4199 2082 4248 liberi
2108 4211 2312 4261 quoqne
2333 4202 2516 4258 nostri,

310 4285 468 4336 tirum
492 4282 511 4307 ⁹
540 4287 715 4334 vocat.
785 4276 939 4328 Idem
984 4276 1173 4330 Annal.
1212 4291 1290 4328 νι.
1325 4284 1377 4331 2.
1450 4278 1614 4344 quiin
1640 4283 1904 4343 potestate
1929 4281 2105 4325 nostra
2126 4286 2227 4323 nou
2262 4284 2404 4338 sunt,
2428 4293 2517 4327 ex·
