3060 4902
828 341 891 387 G.
942 340 1178 388 PLlNll
1231 339 1565 389 sEcUNm
1621 340 1898 390 PANEG.
1963 341 2022 391 Ἰ.

390 478 1462 543 Parisiensis,sinimur-gensis,Guelpher-

391 555 637 619 bytanus,
685 565 741 606 et.
794 572 971 617 meus;
1022 566 1077 607 et
1114 572 1250 606 nunc
1302 558 1461 606 etiam

393 632 846 694 praetermiserunt
866 633 1202 682 recentiores.
1226 635 1465 682 Per‘cla·

390 705 623 756 morem'
658 708 861 757 Plinius
901 709 1099 758 indicat
1131 710 1464 758 acclamatio·

393 798 510 846 nes,
533 791 585 833 et
611 785 819 850 plausus
846 791 1204 846 spectatorum
1224 785 1274 834 in
1300 785 1461 846 circo,

390 874 512 910 cum
548 870 602 909 et
642 861 961 923 imperatori,
992 868 1045 910 et
1071 863 1214 910 novis
1239 863 1461 910 consuli-

392 935 511 992 bus,
538 949 598 984 ac
624 934 815 984 deinde
841 938 998 985 etiam
1027 936 1370 1000 certantibus,
1394 950 1460 1002 eu

390 1019 619 1075 utroque
677 1013 844 1060 latere
887 1012 1013 1062 circi
1068 1013 1462 1075 applauderent,

390 1088 867 1151 acclamarentque.
936 1088 1140 1136 Seneca
1175 1089 1345 1150 Epist.
1378 1093 1461 1137 83.

390 1163 407 1190 ‘
429 1163 595 1226 Ecce,
617 1163 928 1212 circensium
953 1163 1211 1227 obstrepit
1235 1166 1458 1214 clamor!

390 1239 582 1289 Subita
615 1239 783 1304 aliqua
813 1247 867 1289 et
904 1235 1140 1289 universa
1177 1255 1300 1290 voce
1337 1239 1461 1291 feri-

394 1324 556 1365 untur
591 1329 741 1365 aures
773 1314 940 1364 meael
1007 1315 1068 1364 In
1096 1317 1350 1365 nonnullis
1373 1332 1458 1367 co-

394 1391 598 1441 dicibus
635 1406 728 1454 pro
763 1396 895 1446 ulra,
929 1391 1173 1441 mendose
1208 1392 1460 1455 scriptum

390 1476 477 1518 est
503 1473 719 1530 utruque.
757 1468 922 1516 Idem.

466 1544 552 1591 Ex
573 1550 682 1593 utra
703 1544 865 1608 purte]
888 1546 967 1593 Ex
988 1549 1105 1594 utro
1129 1546 1293 1595 latere
1318 1546 1462 1596 circi.

398 1620 538 1684 Lips.

461 1700 603 1747 Cn».
629 1712 789 1749 xcnr.
828 1700 1057 1749 Consules
1077 1700 1202 1763 esse]
1242 1701 1310 1750 H.
1334 1716 1382 1751 e.
1406 1717 1462 1752 re

392 1774 510 1837 ipsa
533 1788 647 1823 esse
671 1776 930 1837 consules,
963 1784 1017 1825 et
1046 1792 1263 1826 exerere
1290 1786 1463 1840 potes-

398 1858 563 1900 tatem
613 1851 1085 1916 auctoritatemque
1122 1854 1466 1904 consularem.

396 1924 643 1974 Schwarz.

464 2002 643 2052 Nullus
662 2017 726 2051 ex
743 2002 958 2065 principe
984 2003 1160 2066 metus]
1197 2003 1239 2053 1.
1277 2019 1324 2054 e.
1352 2005 1464 2054 nul-

395 2079 478 2128 lus
505 2088 691 2136 metus,
714 2094 865 2143 quem
903 2080 1141 2143 princeps
1167 2081 1315 2130 nobis
1342 2081 1467 2131 affe-

394 2161 498 2204 rat.
548 2155 862 2217 P1·aepositio
895 2170 956 2204 ex
988 2155 1071 2204 liic
1106 2171 1340 2206 caussam
1377 2157 1468 2207 de-

398 2232 588 2281 clarat.
624 2232 848 2280 Prorsus
870 2230 966 2280 boc
991 2231 1144 2280 modo
1165 2232 1333 2283 Tacit.
1362 2234 1469 2283 An-

396 2309 504 2357 nal.
546 2322 584 2357 1.
618 2312 702 2357 29.
734 2308 849 2356 ‘Ex
879 2307 1015 2357 duce
1049 2308 1253 2357 metus.'
1319 2309 1467 2359 Idem

398 2383 588 2433 Annal.
614 2397 695 2432 xi.
720 2388 802 2432 20.
837 2391 850 2413 ·
871 2385 1175 2447 Quanquam
1209 2387 1372 2435 multa
1403 2387 1469 2436 si-

399 2461 505 2509 mul
546 2460 955 2524 offenderentur,
995 2470 1161 2512 metus
1195 2477 1260 2511 ex
1306 2465 1470 2527 impe-

402 2545 596 2600 ratore,
629 2539 915 2588 contemtio
961 2553 1026 2587 ex
1067 2538 1341 2602 barbaris,'
1372 2544 1472 2590 dec.

402 2614 556 2664 Idem
600 2615 652 2664 in
692 2614 875 2678 Agric.
909 2629 1028 2679 cap.
1059 2618 1138 2662 16.
1176 2621 1190 2642 ‘
1218 2616 1471 2678 Proprius

403 2705 470 2739 ex
512 2692 686 2754 legato
721 2689 912 2740 timor!
981 2688 1174 2740 Confer
1202 2705 1377 2755 supra,
1403 2692 1467 2741 ad

403 2781 461 2829 p.
491 2770 637 2816 1067.
709 2768 770 2817 Iu
796 2767 974 2818 codice
1012 2768 1290 2832 Patavino,
1324 2777 1379 2818 et
1413 2769 1471 2818 li·

404 2844 500 2894 bro
525 2844 798 2908 Vossiano,
832 2845 945 2894 haec
984 2844 1144 2894 verba
1171 2843 1473 2908 ἀπροσδιόνυ-

409 2936 502 2968 σον
536 2929 658 2969 sunt
702 2920 1036 2985 transposita,
1082 2921 1249 2983 quippe
1292 2922 1473 2970 nullum

397 2997 660 3060 periculum
680 2997 730 3045 in
749 2996 980 3058 principe,
997 2997 1153 3045 nullus
1170 3002 1341 3056 vnctus,
1361 3011 1471 3043 con-

404 3074 605 3134 sulares,
639 3076 719 3135 ξε.
787 3073 954 3121 Etiam
986 3072 1151 3122 codex
1178 3071 1472 3135 Guelpber-

408 3150 625 3212 bytanus
647 3150 812 3198 minus
835 3157 1183 3212 congruenter
1218 3163 1315 3213 pro
1343 3164 1470 3199 voce

407 3232 578 3285 melus,
603 3224 759 3273 habet
784 3230 954 3273 motus.
988 3224 1154 3272 Idem.

479 3302 764 3349 Consulares
782 3301 986 3364 animos]
1011 3300 1057 3348 1.
1075 3313 1121 3347 e.
1137 3300 1333 3349 animos
1354 3313 1474 3349 con-

410 3377 523 3426 sule
559 3378 765 3439 dignos.
829 3375 997 3424 Plane
1026 3375 1077 3423 in
1110 3376 1242 3424 lianc
1265 3384 1475 3426 senten-

411 3454 538 3503 tiam
559 3451 768 3513 scripsit
793 3451 904 3501 Cic.
929 3450 992 3499 ad
1016 3451 1197 3500 Plane.
1222 3453 1391 3515 Epist.
1417 3466 1474 3502 x.

409 3534 460 3578 6.
495 3528 835 3592 ‘Complures
869 3528 919 3576 in
956 3528 1350 3590 perturbatione
1378 3531 1475 3580 rei-

414 3606 635 3670 publicae
657 3606 897 3655 consules
918 3605 1067 3670 dicti,
1086 3620 1300 3670 quorum
1324 3622 1477 3657 nemo

412 3683 697 3733 consularis
726 3681 790 3746 (i.
817 3697 865 3731 e.
887 3682 972 3746 qui
997 3683 1203 3732 nomine
1224 3690 1278 3731 et
1308 3682 1477 3733 officio

413 3760 640 3809 consulis
681 3758 866 3822 dignus
905 3758 1093 3823 esset,)
1129 3758 1354 3820 habitus,
1384 3761 1480 3810 nisi

415 3837 502 3901 qui
548 3837 717 3885 animo
769 3837 953 3886 extitit
1010 3837 1061 3886 in
1107 3836 1478 3900 rempublicam

416 3912 709 3963 consulari.'
745 3912 894 3962 Idem
919 3913 1028 3962 Cic.
1050 3912 1230 3963 Pison.
1255 3928 1375 3977 pag.
1400 3918 1482 3963 10.

416 3996 431 4018 ‘
458 3989 635 4040 Quid?
672 3997 726 4037 tu
767 3989 818 4037 in
856 3989 1149 4051 lictoribus,
1183 3989 1236 4038 in
1262 3996 1402 4052 toga,
1424 3998 1480 4040 et

416 4070 698 4127 praetexta,
722 4078 835 4113 esse
856 4065 1176 4114 consulatum
1202 4067 1382 4128 putas?
1401 4100 1415 4115 .
1434 4100 1446 4115 .
1465 4101 1479 4116 .

418 4139 607 4189 Animo
632 4140 890 4189 consulem
922 4155 1032 4191 esse
1064 4147 1289 4203 oportet,
1316 4143 1480 4191 consi-

420 4217 507 4271 lio‚
539 4215 664 4279 fide,
701 4218 977 4281 gravitate,
1017 4218 1297 4282 vigilantia,
1324 4231 1477 4281 αυτοὶ

2064 325 2174 391 93.
2426 325 2598 392 1087

1539 487 1654 530 toto
1676 481 1830 545 deniq
1839 495 1900 531 ue
1916 495 2130 531 munere
2146 480 2442 531 consulatus
2461 482 2602 532 omni

1540 556 1709 607 officio
1735 558 1950 619 tuendo,
1979 560 2321 622 maximeque,
2357 558 2427 614 id,
2459 558 2598 621 quod

1542 635 1618 682 vis
1662 635 1885 684 nominis
1935 634 2246 698 praescribit,
2299 634 2599 696 reipublic&

1539 709 1891 758 consulendo.’
1959 708 2100 759 Alias
2144 708 2491 757 ‘consularis'
2525 708 2602 757 di·

1540 785 1677 834 citur
1711 785 1817 846 ille,
1852 786 1939 848 qui
1963 786 2230 834 consulatu
2253 785 2400 841 abiit.
2422 786 2601 848 etjam

1541 869 1663 910 ante
1685 860 1783 910 suit
1808 861 2024 922 consul;
2060 870 2214 925 prout
2245 862 2445 911 Plinius
2483 876 2603 910 nos-

1541 944 1623 985 ter
1675 937 1725 985 in
1783 935 1884 985 fine
1940 937 2095 999 hujus
2144 937 2463 999 Panegyrici
2508 937 2601 993 ait,

1540 1013 1555 1040 ⁴
1578 1013 1628 1061 N
1635 1027 1700 1061 on
1725 1019 1783 1062 ut
1808 1027 1888 1061 me
1911 1011 2256 1073 consularem,
2276 1012 2365 1060 sed
2399 1020 2455 1062 ut
2477 1026 2601 1061 can-

1541 1086 1775 1138 didatum
1816 1089 2132 1151 consulatus,
2170 1086 2388 1151 putem!
2436 1088 2603 1138 Dein-

1541 1162 1606 1212 de
1642 1163 2001 1226 ·consularis,’
2037 1171 2094 1214 et
2149 1166 2165 1192 ‘
2187 1163 2493 1227 consulare,'
2548 1180 2604 1214 e·

1538 1241 1662 1289 tiam
1720 1239 2013 1301 dicebatur,
2072 1239 2319 1304 quisquis,
2366 1249 2421 1288 et
2476 1240 2603 1304 quid

1540 1315 1682 1380 quid,
1718 1316 1785 1365 ad
1836 1318 2161 1366 consulatum
2217 1316 2509 1378 pertinuit;
2553 1330 2603 1366 v.

1540 1409 1591 1458 g.
1625 1393 1827 1444 ‘fasces
1867 1392 2208 1454 consulares,'
2263 1394 2370 1441 Liv.
2415 1404 2482 1441 ιι.
2519 1397 2603 1441 54.

1539 1469 1744 1519 ‘fasces
1800 1478 1957 1534 atque
2003 1470 2232 1530 insignia
2276 1468 2603 1524 consular-iul

1540 1546 1679 1597 Vell.
1705 1560 1768 1595 11.
1790 1550 1871 1595 58.
1918 1551 1931 1574 ⁸
1951 1545 2232 1594 consularis
2269 1544 2457 1602 lictor‚'
2493 1545 2603 1594 Ho-

1543 1632 1640 1673 rat.
1679 1623 1784 1673 od.
1819 1637 1886 1673 11.
1919 1627 1999 1672 16.
2027 1627 2077 1671 9.
2112 1629 2126 1651 ⁴
2148 1620 2344 1670 familia
2366 1622 2604 1670 consula-

1544 1699 1651 1759 ris,'
1687 1715 1750 1748 ex
1798 1714 1898 1764 qua
1944 1698 2154 1748 fuerant
2190 1698 2445 1753 consules,
2489 1697 2602 1747 Cic.

1545 1790 1635 1838 pro
1662 1776 1842 1824 Plauc.
1867 1791 1983 1839 cap.
2010 1779 2093 1823 24.
2124 1780 2138 1801 ·
2156 1773 2422 1822 consulare
2443 1773 2606 1835 impe-

1543 1851 1710 1907 rium,'
1751 1854 1857 1902 Cic.
1891 1854 1943 1901 in
1972 1853 2151 1900 Pison.
2184 1866 2300 1915 cap.
2334 1855 2414 1901 16.
2446 1853 2606 1900 ‘con-

1544 1929 1734 1979 sularia
1755 1928 1958 1989 officia,'
1976 1928 2117 1977 Pliu.
2136 1928 2397 1992 Panegyr.
2410 1941 2606 1978 mxxvi.

1543 2010 1591 2053 5.
1633 2005 1950 2054 ‘consularis
1990 2003 2303 2066 solicitudo,’
2341 2004 2464 2053 ibid.
2494 2017 2607 2055 ιιι.

1546 2086 1592 2130 1.
1628 2087 1643 2109 ‘
1664 2083 1963 2130 consulares
1986 2079 2162 2141 curae,’
2187 2079 2316 2129 ibid.
2342 2093 2540 2130 Lxxuh
2558 2087 2611 2130 5.

1545 2164 1600 2206 et
1640 2156 1717 2205 sic
1758 2171 1891 2207 nunc
1927 2156 2060 2205 dicit
2095 2156 2280 2205 animos
2322 2157 2606 2206 consulares.

1546 2232 1713 2281 Idem.

1615 2309 1755 2358 Nihil
1775 2310 1950 2358 coactis
1973 2307 2335 2370 decernendum]
2370 2307 2477 2357 Sub
2501 2321 2607 2358 ma-

1547 2385 1608 2433 lis
1650 2386 1970 2448 principibus
2009 2399 2151 2448 saepe
2185 2383 2508 2445 cogebantur
2530 2397 2609 2431 se·

1547 2472 1774 2525 natores,
1809 2464 2045 2527 quamvis
2085 2461 2252 2520 iuviti,
2280 2460 2442 2523 sequi.
2468 2461 2606 2524 quod

1548 2551 1677 2587 unus
1700 2554 1762 2587 ex
1788 2539 2096 2602 composito,
2120 2536 2403 2585 secundum
2429 2538 2611 2585 volun·

1550 2623 1711 2665 tatem
1757 2617 1935 2665 talium
1977 2614 2271 2678 principum
2313 2620 2613 2662 censuerat·

1548 2692 1688 2741 Vide
1729 2693 1865 2741 Plin.
1896 2693 2067 2755 Epist.
2092 2703 2216 2741 vni.
2241 2695 2318 2741 1⁴.
2350 2700 2404 2741 et
2436 2692 2608 2741 Pane·

1549 2783 1664 2833 gyr.
1686 2783 1803 2833 cap.
1826 2782 2024 2819 mxxvi.
2063 2768 2220 2817 Idem.

1616 2847 1785 2896 Manet
1806 2846 2102 2907 manebitque
2119 2845 2311 2908 honori]
2347 2843 2392 2893 Ι.
2415 2858 2466 2893 e.
2487 2858 2609 2894 con-

1548 2922 1758 2985 sulatui,
1771 2923 1879 2971 sive
1895 2922 2076 2970 honori
2093 2920 2410 2979 consulatus,
2422 2921 2610 2982 perdu-

1549 2998 2077 3060 rat,perdurabitque
2111 3003 2164 3044 et
2189 2993 2480 3043 servabitur
2503 3008 2614 3057 sua,

1550 3087 1665 3137 quae
1679 3074 1725 3122 ci
1743 3073 1981 3133 debetur,
2004 3069 2286 3119 veneratio.
2345 3068 2614 3119 Gramma-

1549 3150 1643 3198 tici
1669 3148 1901 3205 tradunt,
1923 3147 2136 3196 verbum
2159 3148 2174 3175 ‘
2195 3145 2437 3201 manere,'
2455 3147 2496 3193 si
2518 3161 2612 3209 po-

1551 3235 1705 3275 natur
1731 3241 1824 3289 pro
1860 3237 2213 3289 perseverare,
2257 3223 2367 3270 sive
2409 3219 2615 3285 dirrare,

1551 3303 1767 3357 servari,
1792 3316 2085 3365 superesse,
2103 3302 2182 3348 vel
2207 3298 2444 3347 absolute
2470 3300 2615 3361 poni,

1554 3382 1634 3430 vel
1660 3396 1832 3430 casum
1859 3380 2019 3430 dandi
2047 3378 2264 3427 babere.
2326 3377 2613 3442 Utriusque
2695 3392 2700 3395 ⁴

1552 3458 1792 3521 exempla
1839 3457 1995 3505 habes
2041 3454 2177 3517 apud
2229 3454 2456 3502 Plinium
2497 3469 2614 3503 nos·

1553 3540 1704 3583 trum.
1763 3533 2012 3582 Absolute
2049 3532 2256 3594 ponitur
2278 3530 2476 3594 Paneg.
2497 3544 2617 3595 cap.

1553 3622 1755 3657 xxxvr.
1792 3614 1844 3659 2.
1871 3613 1886 3639 ‘
1911 3610 2094 3658 Manet
2134 3617 2310 3656 tamen
2347 3606 2509 3655 honor
2543 3608 2616 3656 ie·

1554 3683 1711 3747 gum.'
1764 3698 1855 3733 ιιι.
1879 3690 1927 3734 5.
1962 3685 1977 3712 ⁴
1995 3684 2123 3733 Istae
2149 3682 2355 3747 quidem
2379 3695 2539 3731 aeneae
2563 3690 2621 3732 et

1555 3774 1738 3823 paucae
1776 3758 2023 3824 (statute)
2051 3766 2283 3819 manent,
2306 3758 2614 3810 manebunt·

1555 3850 1673 3899 que,
1692 3836 1933 3899 quamdiu
1955 3837 2201 3898 templum
2218 3832 2424 3896 ipsum.’
2457 3833 2615 3883 Dein-

1555 3910 1621 3958 de
1648 3910 1859 3959 verbum
1898 3913 1913 3939 ‘
1939 3908 2179 3959 manere'
2215 3909 2265 3956 in
2289 3908 2385 3956 bac
2407 3908 2618 3959 notione

1557 3987 1894 4049 conjungitur
1917 4001 2031 4035 cum
2057 3999 2180 4034 casu
2214 3984 2394 4043 dandi,
2434 3984 2484 4033 in
2517 3985 2617 4035 boc

1556 4064 1714 4113 Plinii
1741 4065 1874 4126 loco,
1897 4071 1952 4112 et
1993 4074 2151 4111 xxw.
2189 4066 2238 4111 2.
2269 4064 2285 4090 ‘
2305 4062 2490 4110 Manet
2523 4061 2617 4112 im-

1558 4142 1804 4203 peratori,
1828 4155 1942 4203 quae
1978 4140 2121 4203 prior
2151 4138 2253 4187 oris
2291 4138 2621 4188 humanitas!

1557 4217 1693 4267 Item
1729 4216 1895 4280 Epist.
1935 4229 2016 4265 ιιι.
2053 4218 2130 4265 11.
2166 4216 2180 4242 ‘
2205 4212 2404 4264 Quibus
2427 4211 2619 4278 (libris)
