3060 4902
506 352 681 418 1052

509 510 1048 562 commodatisslmum.
1093 507 1181 559 Sic
1212 507 1323 558 Cic.
1349 508 1495 557 Fam.
1517 519 1572 555 ν.

509 593 589 639 13.
638 590 652 616 ‘
679 590 808 640 Quae
852 586 1104 650 cogitatio
1145 599 1261 634 cum
1305 584 1425 632 mihi
1470 597 1572 630 non

508 663 713 714 omnino
759 662 1081 721 excidisset3
1131 660 1325 709 etenim
1370 659 1574 722 penitus

507 739 802 799 insederat;
835 739 883 787 vi
909 748 1083 788 tamen
1104 742 1495 799 tempestatum,
1516 743 1573 784 et

509 830 760 865 concursu
790 814 1141 865 calamitatum
1188 822 1302 861 erat
1342 812 1572 875 aliquan-

509 901 617 940 tum
680 889 1000 941 labefactata
1064 898 1224 953 atque
1290 886 1574 937 convulsa!

508 968 696 1031 virgil.
740 966 854 1017 AEn.
891 980 930 1016 1.
969 971 1053 1016 25.
1095 972 1110 995 ‘
1139 964 1380 1016 Necdum
1414 964 1572 1014 etiam

510 1058 706 1093 canssae
730 1044 916 1093 irarum
941 1042 1168 1106 saevique
1193 1041 1398 1090 dolores
1418 1040 1573 1092 Exci·

512 1120 701 1169 derant
736 1118 945 1169 animo.'
1010 1119 1096 1168 Sic
1121 1127 1173 1168 et
1203 1117 1412 1179 Livius3
1447 1132 1497 1168 v.
1518 1132 1570 1180 g.

510 1199 526 1224 ‘
554 1195 836 1246 Exciderat
872 1195 1015 1258 pacis
1042 1194 1232 1245 mentio
1255 1208 1321 1243 ex
1346 1193 1571 1244 omnium

511 1271 729 1323 animis-⁹
766 1272 917 1321 [dem.

580 1350 714 1398 Car.
737 1362 1031 1397 Lxxxvm.
1066 1347 1290 1411 Plerique
1307 1345 1569 1411 principes]

512 1426 781 1474 Claudium
807 1433 975 1475 notat.
1017 1425 1320 1474 Suetonium
1346 1423 1429 1471 adi
1453 1437 1572 1485 cap.

509 1508 592 1553 28.
629 1510 682 1551 et
723 1501 972 1566 proximo.
1017 1500 1259 1552 Juvenal.
1300 1500 1411 1548 Sat.
1448 1513 1572 1548 xnr.

511 1580 578 1626 de
629 1578 913 1628 Narcisso:
951 1585 966 1607 ‘
999 1577 1235 1626 Indulsit
1265 1578 1440 1625 Caesar
1487 1575 1573 1626 cui

512 1655 758 1705 Claudius
774 1655 961 1711 omnia,
978 1655 1125 1717 cujus
1145 1654 1326 1707 Paruit
1346 1652 1574 1717 imperiis

513 1745 726 1779 uxorem
751 1729 1215 1793 occiderejusnns:
1248 1730 1411 1779 Livia.

576 1806 802 1868 Plerique
851 1805 1112 1869 principes]
1180 1807 1253 1855 Ut
1308 1804 1574 1868 Claudius,

512 1880 701 1936 Galba,
727 1882 985 1931 Vitellius.
1033 1883 1247 1930 Sueton.
1272 1882 1374 1930 adi.
1408 1882 1542 1944 Lips.

578 1958 765 2006 Civium
795 1958 995 2021 domiai]
1032 1958 1075 2010 Ι.
1099 1973 1146 2006 e.
1185 1959 1270 2021 qni
1312 1958 1453 2005 cives
1496 1958 1573 2005 in·

509 2049 702 2098 genuos
725 2042 968 2097 tanquam
1002 2048 1180 2082 servos
1202 2042 1258 2084 et
1284 2033 1405 2081 vilia
1427 2047 1572 2086 man-

507 2111 645 2175 cipia
700 2111 920 2175 quadam
979 2111 1257 2174 tyrannica
1311 2117 1572 2174 potestate

513 2187 830 2238 tractabant.
867 2189 882 2215 ‘
908 2188 1041 2236 Sunt
1075 2187 1210 2235 enim
1244 2186 1443 2234 diversa
1482 2201 1571 2234 na·

512 2275 629 2314 tura
668 2264 950 2313 dominatio
989 2272 1042 2313 et
1088 2263 1409 2327 principatus
1427 2261 1457 2323 ;’
1494 2262 1570 2311 nti

511 2350 657 2394 recte
702 2343 894 2392 Noster
938 2341 1093 2401 dixit,
1138 2354 1267 2392 xcv·
1303 2345 1352 2389 3.
1433 2340 1570 2390 Vide

511 2436 627 2485 qnae
653 2419 720 2469 de
745 2434 871 2469 voce
901 2418 1099 2482 domiui,
1126 2433 1240 2469 cum
1283 2417 1424 2477 alibi,
1461 2424 1568 2467 tum

511 2497 576 2545 ad
603 2510 813 2546 Lxxxv.
832 2501 880 2544 2.
904 2496 1164 2545 annotavi.
1213 2495 1371 2544 Tales
1396 2502 1568 2542 autern

511 2572 772 2634 principes
814 2571 1152 2620 ‘libertorum
1194 2580 1341 2619 erant
1380 2573 1514 2619 servi
1535 2570 1571 2632 ;'

511 2647 589 2696 nti
635 2648 767 2694 Veli.
814 2660 876 2694 ιι.
918 2650 1000 2694 73.
1039 2647 1103 2694 de
1146 2646 1354 2707 abjecto
1399 2647 1570 2696 animo

510 2722 655 2773 Sexti
682 2722 936 2785 Pompeii,
970 2721 1059 2770 filii
1097 2722 1332 2786 Pompeii
1373 2723 1570 2787 Magni,

508 2801 612 2849 ait:
649 2807 662 2828 ⁸
681 2800 783 2847 Hic
809 2800 1109 2848 adolescens
1132 2808 1240 2848 erat
1266 2801 1568 2851 libertorum

506 2890 714 2928 suorum
740 2876 955 2925 libertus
974 2890 1341 2939 servorumque
1360 2892 1569 2938 servns3

507 2954 751 3018 speciosis
783 2953 1039 3015 invidens,
1062 2959 1119 3002 ut
1146 2961 1353 3015 pareret
1387 2954 1568 3003 humil-

508 3029 680 3080 limis.’
732 3032 800 3079 Et
841 3031 1053 3079 Sueton.
1101 3028 1285 3079 Claud.
1330 3044 1444 3092 cap.
1484 3035 1565 3079 29.

508 3114 709 3170 narrat,
738 3115 751 3135 ‘
779 3108 1050 3157 Claudium
1080 3107 1277 3156 libertis
1301 3107 1570 3155 uxoribus-

510 3198 611 3246 que
631 3183 917 3243 addictum,
942 3198 1043 3231 non
1069 3183 1356 3246 principem
1380 3197 1456 3247 se,
1478 3182 1567 3231 sed

507 3260 798 3308 ministrnm
831 3258 1036 3320 egisse.'
1064 3259 1308 3322 Senem.

574 3334 876 3383 Libertorum
904 3341 1039 3383 erant
1071 3333 1222 3398 serui]
1255 3335 1392 3383 Talis
1417 3336 1570 3384 Clan-

506 3407 644 3470 dius,
666 3409 733 3458 de
757 3425 855 3473 quo
875 3411 1091 3463 Sueton.
1112 3425 1226 3473 cap.
1249 3416 1330 3462 28.
1351 3412 1366 3441 ‘
1392 3413 1568 3461 Liber-

510 3490 680 3532 torum
726 3486 986 3548 pra’cipue
1032 3487 1266 3550 suspexit
1308 3488 1571 3548 Posidein,

507 3558 811 3623 spadonem,
866 3577 1020 3625 quem
1066 3565 1222 3613 etiam
1267 3565 1569 3614 Britannico

508 3635 769 3697 triumpho
799 3637 938 3684 inter
970 3639 1218 3689 militares
1252 3641 1386 3690 viros
1421 3642 1570 3691 hasta

507 3728 638 3777 pura
682 3712 933 3763 donavit:
973 3730 1069 3765 uec
1113 3720 1277 3767 minus
1321 3720 1570 3782 Felicem,

505 3806 654 3858 quem
697 3790 988 3841 cohortibus
1019 3799 1074 3841 et
1114 3794 1228 3855 alis,
1267 3796 1569 3856 provincias·

508 3883 609 3932 que
628 3867 848 3924 Judaeae,
873 3869 1173 3932 praeposuit‚
1198 3870 1346 3918 trium
1371 3873 1570 3935 regina·

509 3959 620 3993 rum
673 3944 949 3994 maritum:
1005 3952 1062 3994 et
1106 3946 1435 4009 Harpocran,
1485 3948 1569 3996 cui

507 4021 693 4068 lectica
717 4034 809 4083 per
832 4021 1012 4071 urbem
1036 4022 1277 4084 vehendi,
1300 4031 1570 4086 spectacu-

507 4096 661 4159 laque
688 4097 892 4159 publice
917 4098 1124 4159 edendi,
1142 4101 1226 4162 jus
1247 4100 1467 4149 tribuit:
1506 4115 1569 4149 ac

507 4184 663 4232 snper
708 4171 796 4219 lios
841 4172 1111 4236 Polybium
1159 4190 1189 4223 a
1233 4175 1433 4230 studiis,
1479 4178 1568 4239 qni

503 4258 650 4308 σερε
676 4245 810 4299 iuter
829 4247 956 4299 duos
980 4252 1216 4302 consules
1241 4252 1565 4325 ambulabat:

1200 361 1421 414 NOTA-2
1471 358 1880 410 vARloRust
1931 358 2014 410 IN

1646 503 1735 555 sed
1773 509 1900 554 ante
1929 517 2132 565 omnes,
2163 499 2467 553 Narcissum
2498 501 2566 552 ab
2600 500 2720 566 epi,

1644 581 1805 637 stolis,
1826 588 1882 630 et
1904 580 2199 630 Pallantem
2216 594 2246 628 a
2264 578 2587 640 rationibus‚'
2604 583 2716 630 &c-

1649 658 1718 708 Et
1750 657 1991 710 Juvenal.
2024 658 2138 707 Sat.
2175 670 2296 708 xiv.
2333 659 2450 706 83⁰.
2495 657 2710 706 Narcis-

1646 749 1759 783 sum
1806 734 2043 796 innuens,
2086 737 2102 763 ⁶
2141 733 2370 783 Indulsit
2408 733 2587 783 Cesar
2625 731 2711 780 eui

1648 809 1891 860 Claudius
1941 810 2130 874 omnia,
2186 810 2331 872 cujus
2377 809 2566 858 Paruit
2616 808 2713 856 im·

1650 887 1828 949 petiis,
1847 901 2059 937 uxorem
2077 885 2316 935 occidere
2330 883 2542 947 jussus?
2573 885 2718 933 Talis

1647 963 1837 1021 Galba,
1889 964 1998 1027 qui,
2044 969 2180 1012 teste
2220 962 2434 1011 Sueton-
2469 974 2590 1022 cap.
2634 965 2720 1010 14.

1647 1049 1662 1072 ‘
1687 1042 1974 1103 regebatur
1999 1041 2153 1090 trium
2186 1038 2421 1094 arbitrio.
2455 1052 2585 1102 quos
2609 1050 2720 1086 uua

1646 1125 1701 1168 et
1724 1117 1863 1167 intra
1887 1118 2134 1181 palatium
2159 1114 2474 1172 habitantes,
2497 1127 2595 1162 nec
2620 1127 2717 1161 nn·

1647 1209 1798 1259 qnam
1843 1209 1945 1244 nou
1997 1194 2343 1249 adherentes.
2395 1189 2717 1255 pedagogos

1648 1272 1801 1334 vulgo
1826 1270 2099 1321 vocabant.
2165 1270 2239 1320 Hi
2256 1275 2410 1318 erant
2429 1268 2490 1316 Τ.
2513 1268 2718 1326 Vinius,

1645 1348 1848 1408 legatus
1873 1346 1988 1409 ejus
2018 1345 2070 1394 in
2095 1344 2368 1407 Hispania,
2403 1342 2718 1406 cupiditatis

1646 1424 1910 1473 immensae
1932 1439 1947 1482 ;
1982 1422 2252 1472 Cornelius
2275 1421 2524 1480 Laco,-ex
2545 1434 2719 1469 asses·

1645 1515 1761 1550 sore
1800 1499 2084 1564 praefectus
2125 1498 2373 1562 pratorii,
2414 1499 2719 1564 arrogantia

1647 1577 1990 1641 socordiaque
2045 1575 2387 1626 intolerabilis
2419 1589 2437 1634 ;
2491 1574 2715 1624 libertus

1649 1655 1843 1715 Icelus,
1876 1654 2050 1717 paullo
2083 1660 2208 1702 aute
2237 1652 2439 1701 annulis
2459 1652 2638 1700 aureis
2658 1660 2719 1701 et

1647 1730 1899 1784 Mattiaci
1942 1730 2249 1792 cognomine
2290 1736 2528 1778 ornatus.
2614 1728 2718 1778 His

1648 1806 1853 1856 diverso
1874 1805 2117 1855 vitiorum
2139 1818 2330 1868 genere
2353 1804 2717 1868 grassantibus

1649 1883 1781 1932 adeo
1801 1897 1856 1932 se
1880 1882 2198 1932 abutendum
2226 1883 2480 1946 permisit,
2511 1891 2572 1933 et
2607 1891 2713 1932 tra-

1649 1958 1800 2018 didit,
1833 1965 1889 2007 nt
1915 1959 2002 2006 vix
2023 1957 2119 2006 sibi
2152 1958 2247 2020 ipsi
2278 1957 2581 2019 constaret,⁸
2611 1962 2718 2010 &e-

1648 2036 1717 2084 Et
1741 2049 1856 2099 cap.
1886 2039 1962 2084 15.
1995 2040 2010 2063 ‘
2039 2034 2176 2084 Nihil
2215 2049 2316 2083 uon
2359 2049 2455 2097 per
2492 2036 2712 2085 comites

1649 2120 1805 2176 atque
1838 2111 2048 2162 libertos
2076 2111 2249 2173 pretio
2274 2109 2467 2167 addici.
2499 2118 2592 2161 aut
2621 2111 2716 2160 do-

1648 2189 1760 2237 nari
1819 2188 2006 2251 gratia.
2058 2201 2237 2252 passus
2289 2186 2406 2242 est,’
2455 2190 2558 2240 &c-
2611 2188 2714 2240 P«-

1645 2268 1787 2317 carol.

1713 2344 1902 2394 Horum
1923 2344 2067 2407 nutu]
2102 2343 2187 2393 Ita
2218 2342 2271 2392 in
2292 2342 2532 2393 omnibus
2568 2343 2716 2393 libris

1646 2420 1931 2483 impressis,
1955 2420 2289 2485 plurimisque
2312 2420 2546 2483 scriptis,
2566 2429 2718 2473 reete

1644 2496 1858 2559 legitur.
1915 2499 1930 2524 ‘
1960 2497 2165 2546 Nutus'
2198 2497 2716 2560 enimmetsptmrice

1647 2580 1794 2624 notat
1826 2587 2070 2623 summam
2095 2574 2410 2623 voluntatem
2444 2582 2499 2623 et
2537 2581 2717 2637 potes-

1648 2656 1809 2697 tatem
1846 2651 2076 2698 Deorum
2099 2648 2442 2706 homiuumve,
2466 2664 2602 2713 quos
2627 2664 2714 2698 ve·

1649 2739 1836 2774 remur.
1903 2726 2052 2775 Unde
2099 2727 2295 2776 Noster
2338 2741 2517 2789 supra.
2550 2739 2631 2776 tv.
2663 2733 2715 2777 Δ.

1645 2803 1661 2829 ‘
1684 2803 1847 2866 Cujus
1872 2802 2064 2852 ditione
2085 2812 2317 2868 nutuque
2336 2805 2521 2863 maria,
2540 2811 2720 2867 terre,

1645 2896 1764 2942 pax,
1802 2881 1954 2942 bella,
1986 2880 2327 2943 regerentnn'
2363 2882 2430 2931 Et
2457 2894 2638 2932 Lxxx.
2658 2887 2713 2931 ⁵.

1645 2958 1659 2982 ‘
1685 2956 1816 3006 Quae
1856 2957 1956 3005 iste
1996 2957 2173 3007 muudi
2218 2972 2407 3020 parens
2446 2966 2714 3021 temperat

1644 3033 1811 3082 nntu.’
1878 3034 1986 3084 Cic.
2031 3034 2186 3085 Rosc.
2243 3035 2417 3086 Aruer.
2462 3050 2585 3099 cap.
2625 3040 2718 3086 ⁴5.

1642 3110 1881 3170 ‘Jupiter
1895 3110 2121 3171 optimus
2136 3111 2564 3175 maximus,cujus
2579 3120 2717 3160 nutu

1643 3194 1800 3249 atque
1823 3187 2058 3242 arbitrio,
2092 3189 2300 3251 coelum,
2329 3194 2489 3241 terra,
2522 3188 2715 3236 maria,

1644 3277 1744 3326 que
1793 3262 2076 3326 reguntur)
2155 3264 2262 3314 Pro
2306 3277 2434 3314 voce
2469 3269 2612 3321 natu.
2657 3266 2713 3314 iu

1644 3347 1864 3401 utroque
1880 3339 2061 3388 codice
2076 3339 2280 3390 Veneto
2296 3339 2542 3390 mendose
2554 3343 2718 3405 scrip-

1646 3421 1752 3462 tum
1777 3423 1858 3463 est
1876 3421 2022 3473 uoltu
2047 3423 2099 3465 at
2115 3417 2430 3467 commodius
2448 3418 2501 3467 in
2523 3418 2712 3468 codiee

1644 3489 1923 3540 parisiensi
1949 3498 2097 3540 extat
2120 3492 2377 3544 arbitratu.
2445 3494 2577 3545 Haec
2612 3509 2713 3544 vox

1643 3566 1780 3615 enim
1809 3567 2089 3631 aliquando
2124 3566 2309 3617 eadem
2344 3568 2631 3619 voluntatis
2655 3579 2715 3620 et

1644 3644 1922 3705 potestatis
1959 3643 2457 3709 gubernationisque
2478 3645 2712 3702 notione,

1645 3732 1747 3782 qna
1782 3724 1946 3780 nutus,
1980 3721 2221 3769 sumitur.
2291 3721 2443 3771 Unde
2464 3735 2565 3771 nec
2588 3737 2709 3773 rare

1646 3808 1798 3844 voces
1822 3795 1930 3844 istoe
1955 3795 2359 3860 conjunguntur.
2429 3798 2499 3847 Et
2526 3813 2594 3847 ex
2616 3814 2710 3848 an-

1645 3872 1791 3935 tiqua
1837 3870 2191 3922 dedititiorum
2224 3873 2445 3924 hostium
2469 3872 2710 3936 ‚formula

1643 3947 1783 4011 apud
1817 3949 1994 3999 Plaut.
2020 3949 2277 4013 Amphitr.
2301 3964 2338 3999 ι.
2360 3955 2409 3999 1.
2431 3955 2545 4000 1⁰8.
2577 3951 2706 4001 dici·

1644 4032 1748 4087 tur,
1783 4032 1798 4055 ⁸
1822 4025 1874 4074 in
1909 4025 2152 4074 ditionem
2190 4032 2246 4074 et
2280 4025 2592 4077 arbitratum
2633 4028 2704 4076 al-

1644 4102 1741 4149 teri
1778 4115 1834 4150 se
1871 4099 2105 4150 dedere.'
2171 4101 2386 4161 Verum,
2423 4103 2548 4153 mihi
2585 4117 2708 4165 per-

1643 4192 1844 4226 suasum
1872 4176 2053 4238 babeo,
2087 4177 2210 4226 illud
2243 4178 2552 4229 vocabulum
2577 4180 2706 4228 arba·-

1643 4258 1790 4312 tratu,
1827 4269 1891 4309 ex
1930 4254 2116 4318 glossa,
2148 4263 2204 4307 et
2238 4257 2597 4323 superscripta
2627 4258 2705 4317 inv

1836 4518 1926 4559 ν
