3060 4902
481 376 613 441 526

481 536 636 584 modo
671 548 797 599 ergo
832 536 1034 588 Plinius
1066 533 1549 598 dicerepotuisset.

484 613 808 675 arrogantius
826 620 950 663 tunc
967 611 1127 661 fuisse
1146 611 1373 660 humeris
1388 611 1550 659 homi·

482 701 601 735 num
641 690 855 750 portari,
894 703 1047 755 quam
1082 688 1195 737 vehi
1230 702 1388 738 curru
1426 702 1551 750 qua·

483 761 688 827 drijugo
703 772 758 814 et
768 765 898 814 albis
914 762 1085 830 equis?
1109 764 1215 813 Sed
1231 777 1401 828 neque
1416 762 1553 812 hanc

484 841 820 902 senteutiam,
857 841 1092 903 hancque
1131 839 1554 904 appendiculam,

485 916 767 967 admittunt
796 918 1067 980 particula»,
1087 916 1210 972 lllae,
1227 914 1414 980 quibus
1434 930 1553 963 usus

485 1003 568 1044 est
593 992 808 1052 Plinius,
828 1007 922 1042 non
943 992 1067 1053 dico,
1091 1025 1106 1039 .
1132 1025 1147 1040 .
1176 1026 1191 1040 .
1213 992 1294 1040 sed
1308 1007 1329 1049 ,-
1366 990 1553 1055 quibus

486 1070 802 1134 exprimitur
839 1070 1120 1131 correctio,
1155 1077 1431 1132 antequam
1470 1081 1554 1116 res

485 1147 712 1203 dicatur,
734 1153 787 1195 et
812 1161 925 1212 qua
948 1147 1025 1196 sic
1049 1144 1402 1209 explicandae:
1438 1143 1554 1192 Pri·

487 1238 624 1279 ores,
649 1225 692 1273 ai
727 1237 828 1272 nou
864 1222 1194 1272 vehebantur
1222 1228 1275 1269 et
1309 1221 1554 1283 importa-

489 1299 685 1349 bantur
714 1298 1031 1364 quadrijugo
1064 1310 1217 1346 curru
1255 1303 1309 1343 et
1345 1294 1473 1343 albis
1502 1307 1555 1342 e·

488 1377 622 1441 quis.
648 1376 911 1425 minimum
939 1381 1111 1423 tamen
1143 1372 1367 1421 humeris
1398 1372 1558 1419 homi·

489 1466 613 1501 num
636 1451 806 1501 invehi
824 1459 879 1501 et
896 1450 1161 1515 importari
1181 1450 1439 1499 solebant.
1468 1449 1558 1498 Sic

490 1528 651 1589 etiam
676 1527 903 1592 loquitur
925 1527 1033 1577 Cic.
1057 1541 1151 1590 pro
1173 1528 1317 1575 Sext.
1341 1540 1456 1587 cap.
1477 1529 1570 1574 20.

490 1610 505 1631 ‘
542 1605 914 1666 Depugnarem
961 1603 1134 1664 potins
1176 1616 1293 1650 cum
1340 1615 1562 1659 summo,

492 1694 595 1729 non
620 1679 810 1735 dicam,
829 1680 1006 1735 exitio,
1032 1676 1123 1726 sed
1155 1678 1389 1741 periculo
1414 1685 1559 1726 certe

494 1764 688 1815 vestro,
708 1757 1089 1820 liberorumque
1114 1755 1455 1804 vestrorum.’·
1492 1754 1564 1803 Et

494 1834 606 1897 ipse
642 1834 842 1881 Plinius
868 1847 967 1882 non
995 1846 1110 1881 raro
1135 1832 1231 1879 hac
1261 1832 1422 1880 utitur
1457 1829 1562 1879 for-

494 1909 649 1965 mula,
685 1908 927 1958 similiter
959 1906 1304 1971 explicanda3
1342 1921 1389 1957 v.
1415 1923 1464 1968 g.
1493 1907 1561 1955 E·

495 1985 619 2048 pist.
652 1997 730 2033 tx.
771 1988 849 2033 14.
894 1983 911 2011 ‘
941 1985 1050 2034 Nos
1096 1990 1243 2032 certe
1288 1996 1564 2041 meremur,

496 2075 601 2110 non
642 2059 778 2115 dico,
818 2060 1056 2123 ingenim
1104 2059 1155 2108 id
1204 2058 1341 2107 enim
1383 2072 1562 2122 snper·

497 2137 618 2186 bum
642 2152 657 2186 ε
695 2136 785 2186 sed
822 2136 1014 2192 studio,
1038 2142 1093 2184 et
1128 2135 1318 2196 labore,
1341 2142 1395 2184 et
1417 2149 1563 2184 reve-

497 2214 667 2263 rentia
701 2211 1057 2275 posterorum!
1121 2209 1205 2260 ef.
1230 2224 1357 2260 vnt-
1383 2216 1433 2258 6.
1466 2223 1566 2260 vn.

497 2292 547 2339 9.
608 2289 870 2349 Denique,
895 2288 936 2336 si
961 2287 1050 2336 illa
1071 2286 1334 2335 sententia
1359 2288 1567 2336 omnino

498 2367 665 2415 locum
685 2364 932 2424 haberem
956 2362 1297 2414 concinnitati
1317 2363 1566 2411 Plinianae

498 2440 888 2503 congruentius,
916 2439 991 2488 sic
1032 2433 1328 2488 collocanda
1365 2435 1565 2484 videre-

501 2527 607 2577 tur,
622 2516 737 2576 Sed,
752 2517 871 2580 quod
891 2515 1198 2576 arrogantius
1219 2519 1340 2566 erat.
1362 2511 1571 2560 humeris

499 2596 757 2650 heduam.
823 2595 956 2652 Iuno,
978 2598 1106 2641 tunc
1140 2592 1311 2640 malim
1348 2589 1569 2638 eandem

499 2671 811 2721 sententiam
833 2682 1042 2732 prorsus
1061 2666 1363 2730 protrahere
1382 2664 1445 2712 ad
1465 2663 1570 2725 pri·

502 2764 563 2797 ns
587 2749 894 2807 membrum,
909 2761 1004 2795 aaa
1022 2745 1147 2800 aiu,
1163 2742 1445 2809 quadriiugo
1461 2756 1570 2790 cur·

500 2839 582 2885 ru,
601 2830 650 2874 et
670 2823 933 2873 albentibus
955 2822 1101 2885 equis,
1122 2821 1246 2885 quod
1266 2821 1575 2880 arrogantius

504 2906 643 2960 ηας
673 2902 755 2950 sed
772 2898 981 2949 humeris
997 2898 1250 2947 hominum.
1282 2896 1540 2945 Schwarz.

573 2977 800 3039 Corporis
829 2974 1137 3039 proceritate]
1188 2972 1429 3036 Augebat
1466 2986 1572 3020 ma·

498 3055 749 3119 jestatem
786 3053 1016 3115 Trajsni,
1052 3060 1245 3115 praeter
1283 3049 1437 3098 animi
1472 3049 1572 3097 vir·

508 3133 741 3195 tutisque
778 3130 1129 3191 altitudinem,
1148 3130 1307 3178 etiam
1340 3125 1575 3188 corporis

506 3209 819 3273 proceritas,
862 3206 1197 3268 dignitasque
1247 3202 1371 3264 oris,
1419 3209 1434 3229 ‘
1459 3215 1574 3265 qnae

506 3285 659 3343 longe
674 3284 885 3344 lateque
904 3281 1192 3344 principem
1209 3276 1577 3339 ostentabant,'

509 3366 568 3408 nt
604 3357 805 3407 Plinius
842 3371 1015 3420 supra.
1050 3369 1127 3404 tv.
1152 3359 1202 3405 7.
1223 3355 1373 3405 dixit.
1440 3353 1576 3402 Haec

509 3443 624 3484 erat
654 3434 741 3482 illa
771 3432 1106 3496 imperatoria
1128 3429 1314 3488 forma,
1335 3443 1487 3492 qnam
1522 3426 1575 3475 in

510 3509 775 3574 Iphicrate
794 3507 1024 3558 laudavit
1045 3508 1242 3570 Nepos,
1260 3519 1307 3553 c.
1321 3507 1370 3553 8.
1392 3504 1407 3530 ‘
1425 3502 1579 3564 Fuit:

510 3589 700 3653 inquit,
720 3589 735 3616 ‘
761 3596 814 3636 et
837 3588 1009 3638 animo
1033 3600 1237 3649 magno,
1259 3593 1313 3634 et
1337 3597 1577 3646 corpore,

512 3664 950 3730 imperatoriaque
966 3663 1216 3719 forma.ut
1230 3662 1346 3724 ipso
1364 3661 1580 3723 adspec-

510 3748 568 3802 tn
593 3740 756 3790 cuivis
778 3740 1016 3803 injiceret
1039 3738 1434 3788 admirationem
1464 3734 1580 3785 sni!

515 3817 720 3868 Omitto
752 3816 916 3864 multo
948 3815 1092 3878 plura
1115 3814 1267 3876 liujus
1290 3813 1457 3861 laudis
1489 3827 1581 3862 ex-

514 3893 705 3957 empla.
789 3891 1055 3953 Ceterum,
1094 3889 1326 3953 corporis
1367 3888 1580 3951 Trajani

515 3965 904 4033 proportionem
931 3973 987 4015 et
1017 3965 1384 4029 proceritatem
1410 3979 1474 4014 ex
1505 3963 1583 4015 ef·

513 4043 635 4108 θεῖε
670 4042 819 4105 hujus
857 4042 1124 4104 principis,
1145 4056 1259 4106 quae
1293 4042 1344 4090 in
1377 4049 1584 4091 vetusta

516 4119 755 4180 columna
788 4117 1134 4180 conspicitur,
1166 4118 1341 4167 metiri
1373 4125 1583 4167 conatus

519 4202 601 4244 eat
635 4193 864 4258 Rapbae'l
902 4194 1183 4246 Fabrettna
1221 4195 1271 4245 in
1312 4195 1583 4259 syntagm.

517 4271 588 4321 de
611 4269 866 4323 Columna
886 4270 1113 4337 ‘rr-jani,
1136 4284 1188 4335 pr
1208 4273 1289 4320 66.
1324 4269 1476 4322 Iden.

1180 391 1395 441 1⁸01*AE
1445 390 1856 441 vammum
1912 392 1988 441 m

1697 534 1890 583 mation-
1908 530 2044 596 aliis]
2079 531 2122 581 1.
2145 546 2194 582 e.
2217 531 2373 581 altior
2405 531 2538 582 aliis.
2604 532 2694 583 Sic

1629 609 1821 669 Plinio,
1862 609 2033 673 Epist.
2069 622 2149 658 vt.
2183 612 2264 658 16.
2301 607 2464 658 nubes
2501 608 2698 658 dicitur

1627 686 1798 735 ‘elata
1825 686 1875 734 in
1900 684 2100 733 altum!
2150 684 2295 734 Idem
2322 686 2489 749 Epist.
2511 699 2600 734 tn.
2617 689 2699 735 ts.

1628 762 1750 811 dum
1776 760 1844 811 de
1867 762 2101 811 oratione
2124 761 2400 826 magnifica
2422 771 2476 812 et
2493 761 2698 811 sublimi

1632 841 1873 902 loquitur,
1894 840 2008 889 haec
2028 841 2318 903 conjunxit,
2340 843 2357 869 ⁸
2373 842 2511 890 elata
2531 846 2585 890 et
2608 853 2702 888 ex-

1631 915 1808 966 celsa!
1873 914 2050 978 Atque
2087 916 2200 965 Cic.
2226 917 2277 966 in
2304 918 2454 965 Brut.
2474 930 2592 980 cap.
2616 919 2698 964 17.

1632 993 1869 1042 ‘Horum
1909 993 2221 1055 sententiis:
2265 992 2452 1057 inquit,
2492 997 2508 1022 ⁸
2534 990 2699 1041 officit

1630 1068 2016 1132 Theopompus,
2057 1068 2280 1118 elatione
2322 1078 2482 1133 atque
2521 1069 2702 1117 altitu-

1632 1142 1754 1192 dine
1772 1145 2018 1192 orationis
2041 1143 2181 1192 snm-⁹
2236 1144 2434 1193 Tritum
2456 1158 2578 1192 vero
2600 1150 2701 1200 est.

1632 1222 1757 1270 alias
1794 1225 1811 1252 ⁸
1834 1221 2061 1271 elatum'
2094 1222 2268 1281 ἡθυιῦς
2302 1223 2404 1272 dici
2445 1223 2712 1272 hominem

1634 1298 1935 1360 superbum,
1965 1298 2238 1363 animoque
2273 1296 2539 1358 inflatum;
2578 1312 2626 1346 v.
2650 1312 2702 1361 g.

1637 1383 1691 1423 ut
1730 1375 1911 1437 Nepos
1945 1375 1997 1424 in
2023 1375 2182 1426 Paus.
2207 1391 2255 1427 c.
2281 1381 2326 1425 l.
2360 1377 2376 1405 ⁸
2400 1378 2569 1425 elatus
2598 1376 2705 1425 vic-

1637 1453 1767 1500 toria
1784 1451 1817 1512 3⁹
1852 1461 1905 1501 et
1931 1467 1976 1502 c.
2002 1458 2050 1503 2.
2084 1454 2303 1503 ‘elatius
2325 1467 2377 1503 se
2401 1468 2581 1518 gerere
2599 1468 2703 1504 coe-

1639 1528 1751 1593 pit!
1781 1530 1934 1578 Idem.

1704 1604 1954 1653 Patientia
1986 1606 2177 1670 nostra]
2227 1607 2527 1656 Deuotatur
2569 1607 2707 1670 pati·

1638 1682 1784 1729 entia
1807 1696 1976 1729 rerum
2002 1682 2324 1744 indignarum
2349 1690 2400 1731 et
2425 1683 2706 1738 servilium.

1639 1774 1766 1823 quas
1811 1758 2065 1823 perferre,
2111 1762 2430 1824 superiorum
2480 1772 2707 1822 quorun·

1640 1834 1756 1883 dam
1804 1835 2168 1896 imperatorum
2215 1835 2558 1899 temporibus,
2605 1837 2705 1885 Ro·

1640 1910 1778 1959 mani
1823 1910 2107 1961 identidem
2147 1926 2360 1961 necesse
2398 1913 2709 1962 habuerunt.

1639 1986 1807 2036 Tacit.
1844 1986 1972 2049 Agr.
1999 2001 2046 2035 c.
2068 1992 2117 2037 2.
2148 1990 2165 2016 ⁸
2187 1988 2437 2036 Dedimus
2473 1984 2708 2050 proferto

1641 2061 1837 2125 grande
1880 2063 2145 2124 patientia!
2182 2063 2586 2122 documentum3
2631 2069 2711 2123 et,

1641 2138 1777 2187 sicut
1803 2151 1949 2187 vetus
1979 2148 2107 2189 aetas
2146 2140 2294 2201 vidit,
2315 2140 2438 2204 quid
2473 2140 2710 2189 ultimum

1643 2215 1695 2263 in
1737 2217 1981 2265 libertate
2026 2224 2185 2277 esset,
2227 2216 2300 2266 ita
2342 2231 2450 2273 nos,
2497 2215 2620 2279 quid
2658 2217 2711 2265 in

1644 2291 1917 2344 servitute.
1958 2291 2168 2340 ademto
2211 2307 2303 2354 per
2346 2292 2713 2356 inquisitiones

1645 2366 1884 2431 loquendi
1945 2366 2298 2431 audiendique
2364 2368 2716 2417 commercio!

1644 2443 1812 2491 Quem
1857 2441 2026 2491 locum
2072 2442 2219 2492 nobis
2264 2443 2492 2492 ostendit
2543 2442 2607 2494 D.
2644 2443 2713 2493 1).

1648 2517 2005 2566 Heumannua.
2071 2519 2237 2568 Recte
2270 2519 2545 2568 Memmius
2573 2518 2713 2583 apud

1646 2595 1855 2644 Sallust.
1895 2594 2020 2656 Jug.
2061 2607 2232 2644 xxxx.
2265 2599 2312 2643 1.
2346 2597 2363 2624 ⁸
2389 2594 2602 2654 Multa‚¹
2638 2596 2714 2643 in·

1648 2671 1777 2734 qnit,
1800 2672 1815 2698 ⁸
1841 2670 2182 2719 dehortantur
2212 2685 2243 2718 a
2272 2671 2437 2726 voluis,
2461 2671 2716 2727 Quirites,

1648 2748 1699 2796 ni
1725 2746 1950 2795 studium
1980 2747 2280 2808 reipublice
2309 2755 2555 2809 superet:
2584 2760 2717 2808 opes

1648 2822 1912 2881 factionis,
1950 2831 2126 2870 vestra
2172 2823 2446 2885 patientia,
2475 2823 2565 2885 jus
2605 2823 2721 2870 nnl-

1647 2898 1790 2959 lum‚'
1828 2901 1927 2948 διο.
2015 2899 2115 2948 Ubi
2170 2908 2315 2947 recte
2370 2898 2442 2946 ait
2487 2897 2717 2960 Curtius,

1650 2978 1665 3003 ⁶
1688 2975 1946 3025 Patientia
1977 2974 2169 3023 dicitur
2200 2989 2295 3038 pro
2323 2975 2492 3023 animo
2521 2974 2719 3030 humili,

1651 3060 1703 3100 et
1732 3051 1795 3100 ad
1821 3065 1999 3100 omnes
2022 3051 2237 3114 iujurias
2259 3049 2596 3115 perferendas
2624 3048 2721 3098 de-

1652 3127 1840 3177 misso-⁹
1876 3128 2027 3176 Idem.
2349 3173 2352 3176 ,

1717 3203 2013 3253 Medontium
2034 3202 2256 3266 imperio]
2289 3202 2377 3251 Sic
2403 3202 2604 3251 Plinius
2624 3204 2721 3252 Se·

1651 3281 1765 3331 nior
1803 3281 1944 3329 Hist.
1982 3280 2112 3329 Nat.
2145 3293 2304 3328 xxiv.
2329 3285 2375 3329 1.
2409 3279 2718 3330 medicinam

1655 3364 1806 3405 vorat
1838 3363 1853 3385 ⁸
1873 3369 2022 3403 unam
2056 3357 2263 3411 artium,
2286 3369 2403 3419 quae
2437 3356 2723 3418 imperato-

1655 3433 1799 3482 ribus
1832 3446 2035 3497 quoque
2071 3431 2329 3496 imperet.’
2397 3432 2722 3495 Praecipien-

1654 3510 1708 3559 di
1727 3517 1783 3559 et
1806 3508 2091 3570 imperandi
2115 3508 2477 3557 auctoritatem
2504 3507 2722 3558 medicis

1655 3585 1811 3633 etiam
1849 3584 2032 3633 tribuit
2065 3583 2266 3632 Seneca
2297 3583 2364 3632 de
2389 3583 2619 3633 Benetie.
2641 3598 2720 3634 vt.

1658 3665 1737 3711 16.
1772 3668 1787 3689 ‘
1813 3661 1998 3724 Itaque
2033 3659 2260 3720 medico,
2281 3659 2321 3708 si
2346 3659 2471 3708 nibil
2499 3659 2722 3723 amplius

1656 3750 1810 3802 qnam
1842 3749 2045 3785 manum
2070 3734 2255 3795 tangit,
2273 3740 2328 3783 et
2350 3747 2432 3782 me
2455 3734 2600 3782 inter
2615 3745 2728 3797 eos,

1656 3829 1783 3878 quoa
1820 3811 2162 3875 perambulat,
2183 3811 2349 3871 ponit,
2369 3810 2480 3859 sine
2516 3811 2622 3862 ullo
2645 3809 2727 3861 af.

1657 3889 1802 3939 fectu
1847 3886 2086 3937 facienda
2122 3885 2438 3950 vitandaque
2482 3888 2727 3952 prm-ipi-

1657 3979 1773 4026 ens,
1811 3964 1938 4013 nibil
1975 3963 2194 4027 amplius
2234 3961 2440 4023 debeo;
2483 3964 2604 4026 quia
2638 3977 2725 4015 me

1659 4055 1758 4091 non
1794 4049 2038 4103 tanquam
2076 4038 2270 4087 amiens
2303 4038 2455 4102 vidit,
2482 4038 2575 4089 sed
2610 4047 2727 4090 tau·

1659 4131 1810 4182 quam
1836 4113 2154 4177 imperator.’
2222 4113 2309 4163 Ita
2331 4116 2467 4164 enim
2491 4116 2630 4166 hunc
2652 4117 2727 4167 lo·

1660 4208 1776 4243 eum
1804 4208 1833 4240 a
1858 4192 2068 4240 Murato
2091 4189 2423 4240 emendatum
2455 4192 2589 4255 lego.
2635 4190 2727 4244 ct‘.

1662 4268 1853 4319 Donat.
1871 4266 1935 4318 ad
1960 4267 2079 4319 Ter.
2099 4265 2268 4317 Andr.
2289 4278 2376 4316 m.
2393 4271 2443 4317 2.
2462 4271 2512 4318 4.
2552 4267 2704 4320 laea.
