3060 4902
505 365 635 429 616

508 539 524 567 ⁸
546 539 763 588 Sociutis
797 546 972 588 antem
1004 546 1163 602 atque
1189 539 1460 602 permixtis
1487 538 1574 587 bo-

509 617 628 675 nis‚’
656 617 688 663 i.
717 630 765 664 e.
794 616 837 663 si
873 616 960 664 uni
995 615 1160 678 capiti
1196 615 1577 679 imperantiqne

509 690 1580 757 subjecti,communibusutantur-juribus,

512 769 871 834 communique
894 778 950 819 et
971 770 1167 819 sociato
1185 767 1430 819 fruantur
1448 785 1580 833 prae·

511 846 665 902 sidio,
689 850 814 894 tunc
845 845 1160 908 singulorum
1193 846 1344 902 inula,
1367 846 1472 909 (uti
1499 846 1580 894 ΙΕ-

513 922 662 984 gypti
686 920 982 985 sterilitas.)
998 936 1114 971 cnm
1138 922 1442 985 imperantis
1464 937 1581 987 pro·

512 996 767 1058 videntia,
793 1013 854 1048 ac
876 1006 1055 1047 mutua
1083 1013 1203 1063 ope,
1229 998 1586 1062 subleventur,

514 1074 597 1123 vel
623 1074 817 1124 leviora
839 1074 1146 1136 redduntur,
1166 1077 1244 1123 vel
1270 1090 1420 1123 nemo
1440 1089 1584 1137 pror·

513 1165 601 1199 sus
633 1151 806 1213 babet,
832 1166 924 1200 cur
955 1161 1232 1216 queratnr;
1269 1165 1364 1201 nec
1400 1154 1587 1212 minus,

513 1227 568 1275 in
603 1227 703 1276 ista
732 1228 1119 1277 consociatione
1152 1235 1206 1276 et
1240 1229 1584 1291 permixtione

513 1303 783 1366 bonorum,
816 1303 986 1353 omnia
1026 1304 1158 1353 bona
1192 1320 1308 1354 cum
1346 1308 1585 1354 omnibus

515 1377 672 1427 facile
697 1380 1160 1430 communicantur.
1230 1383 1460 1446 Populos
1488 1383 1587 1431 sub

515 1455 788 1518 imperium
827 1456 1112 1506 Romanum
1145 1458 1386 1508 redactos
1422 1461 1586 1509 multo

520 1533 901 1597 tranquilliores
964 1534 1329 1600 felicioresque
1387 1539 1585 1600 vivere,

517 1624 670 1672 quam
708 1625 823 1659 cum
856 1612 1021 1661 adlmc
1054 1622 1225 1661 essent
1255 1615 1401 1662 liberi
1438 1628 1465 1661 a
1496 1630 1586 1677 po·

517 1694 713 1736 testate
738 1688 1102 1751 Romanorum,
1126 1693 1365 1752 exemplo
1391 1691 1586 1739 Gallia·

519 1764 631 1810 rnln
669 1764 823 1812 docet
853 1765 1083 1813 Cerealis
1118 1766 1256 1828 apud
1288 1766 1451 1814 Tacit.
1483 1767 1588 1815 An·

519 1839 623 1885 nal.
667 1851 747 1886 iv.
783 1841 865 1893 73.
909 1841 923 1866 ⁸
949 1839 1163 1888 Terram
1208 1840 1470 1902 vestran»,'
1513 1843 1589 1890 in·

522 1914 654 1976 quit,
696 1915 712 1941 ‘
740 1922 1134 1980 ceterorumque
1183 1917 1472 1978 Gallorum,
1515 1919 1588 1965 in·

521 1989 685 2052 gressi
709 2000 828 2038 sunt
847 1992 1000 2040 duces
1023 1994 1466 2058 imperatoresque
1491 1994 1589 2042 Ro-

521 2068 681 2124 mani,
713 2068 855 2116 nulla
894 2068 1155 2130 cupidine,
1184 2071 1272 2117 sed
1309 2071 1592 2132 majoribus

522 2145 711 2193 vestris
747 2145 1124 2201 invocantibus,
1159 2161 1286 2211 quos
1320 2148 1591 2197 discordiae

525 2233 687 2283 usque
704 2220 767 2268 ad
787 2223 1001 2271 exitium
1020 2222 1319 2284 fatigabant.
1340 2257 1353 2270 .
1371 2256 1385 2271 .
1402 2259 1415 2273 .
1460 2224 1593 2286 Reg-

521 2312 590 2345 na
615 2299 853 2362 bellaque
875 2313 968 2362 per
988 2300 1187 2349 Gallias
1205 2315 1408 2364 semper
1428 2299 1592 2357 fuere,

524 2376 691 2423 donec
732 2378 780 2423 iu
826 2386 1055 2424 nostrum
1090 2377 1175 2438 jus
1217 2378 1590 2427 concederetis.

525 2453 656 2507 Nos,
682 2467 988 2516 qnarnquam
1029 2455 1182 2502 toties
1206 2455 1451 2517 lacessiti,
1474 2455 1593 2517 jure

525 2530 757 2577 victoriae
800 2531 849 2577 id
889 2532 1051 2577 solum
1094 2530 1241 2578 vobis
1284 2529 1596 2593 addidimus,

525 2620 627 2667 quo
667 2621 845 2668 pacem
891 2614 1169 2654 tueremur.
1194 2640 1206 2654 .
1238 2637 1252 2651 .
1273 2638 1287 2653 .
1314 2607 1505 2655 Cetera
1540 2609 1594 2655 iu

524 2682 781 2730 communi
813 2681 912 2730 sita
947 2691 1093 2742 snut;
1131 2683 1252 2730 nibil
1278 2694 1598 2746 separatum,

525 2757 897 2821 clausumque.'
936 2759 1084 2806 Idem.

594 2833 779 2896 Quippe
816 2833 1060 2895 discretis]
1102 2835 1283 2883 Simile
1323 2832 1436 2883 fere
1475 2848 1596 2883 acu·

527 2925 646 2959 men
687 2912 736 2958 in
776 2911 947 2960 verbis
982 2912 1214 2961 Cerealis
1255 2911 1389 2975 apud
1429 2911 1596 2958 Tacit.

527 2987 672 3036 Hist.
710 3000 791 3036 tv.
827 2991 909 3036 74.
946 2994 960 3017 ‘
988 2988 1056 3037 Et
1093 2988 1420 3037 laudatorum
1458 2988 1597 3050 priu-

528 3065 701 3128 cipum
728 3079 844 3113 nsus
869 3080 932 3114 ex
959 3080 1128 3128 aeqno,
1155 3067 1388 3127 quamvis
1418 3063 1596 3127 procul

529 3144 824 3205 agentibus,
865 3144 987 3191 saevi
1030 3143 1276 3206 proximis
1316 3141 1600 3205 ingruunt!

535 3219 685 3267 Grut-

593 3294 736 3342 Μαῖα
763 3296 826 3342 ud
855 3293 1111 3356 neminem]
1150 3295 1412 3360 Intellige,
1441 3296 1600 3345 nemi-

527 3384 646 3419 nem
670 3371 856 3419 alium:
896 3379 1106 3421 manent
1130 3374 1266 3435 apud
1293 3387 1429 3428 eum,
1448 3388 1599 3436 quem

530 3447 700 3509 primo
740 3455 980 3510 premunt
1018 3457 1074 3497 et
1114 3456 1350 3512 tangunt.
1417 3450 1600 3498 Totins

529 3523 733 3585 periodi
757 3539 972 3573 acumen
997 3525 1093 3573 hoc
1117 3531 1229 3573 est:
1268 3527 1319 3573 in
1340 3539 1523 3587 magno
1547 3533 1603 3575 et

530 3602 787 3648 communi
815 3601 1053 3661 imperio,
1076 3601 1209 3649 bona
1226 3600 1354 3650 finnt
1374 3616 1601 3652 commn-

528 3675 634 3728 nia‚
666 3681 721 3722 et
754 3674 1005 3738 quidquid
1044 3689 1250 3739 nsquam
1287 3686 1385 3737 est,
1411 3678 1602 3742 ubique

532 3757 633 3805 est,
662 3751 997 3799 translatione
1031 3761 1085 3800 et
1121 3756 1465 3815 commercio;
1501 3769 1601 3804 non

533 3826 611 3875 ita
642 3827 691 3874 in
727 3827 891 3881 malis,
919 3843 1037 3889 quae
1072 3837 1279 3879 manent
1315 3830 1452 3896 apud
1487 3846 1602 3894 pos-

530 3914 804 3950 sessorem.
837 3901 972 3964 Lips.

597 3978 681 4025 Aa
710 3976 964 4038 neminem]
997 3977 1319 4041 Simpliciter
1353 3981 1418 4030 ad
1452 3984 1603 4032 nemi-

531 4070 672 4104 nem.-
712 4053 936 4116 scilicet,
968 4055 1087 4118 quia
1122 4057 1427 4106 universitas
1460 4059 1602 4108 dam·

533 4147 655 4180 num
681 4132 731 4178 in
755 4143 812 4179 se
836 4132 1055 4194 recipit;
1090 4146 1185 4180 nee
1209 4133 1424 4196 siugulis
1450 4150 1603 4185 noce·

533 4220 638 4268 tur,
661 4208 751 4257 sed
791 4208 1130 4270 universitati,
1163 4212 1238 4259 uti
1276 4213 1505 4275 Berneg.
1537 4214 1602 4262 sd

533 4287 818 4351 marginem
842 4286 999 4337 Plinii
1020 4289 1096 4338 sui
1118 4290 1329 4339 notavit.
1366 4290 1605 4344 Frischnt.

1205 384 1422 432 No'l'AE
1473 384 1878 435 VARtORUM
1936 388 2010 434 ΙΝ

1719 529 2017 592 Per-mixtis]
2054 529 2228 579 Codex
2268 530 2600 587 parisiensis,
2635 534 2726 583 Al-

1654 604 1763 659 dns.
1783 606 1968 667 Junta,
1992 606 2278 669 Grypltins,
2301 609 2497 657 liabent
2523 613 2724 672 per-neis-

1655 685 1739 743 tt's‚
1766 683 1900 746 quod
1928 684 2144 746 perinde
2163 691 2261 732 est.
2332 685 2450 734 Hoc
2470 686 2724 734 duntaxat

1657 765 1872 821 propter
1888 773 1974 806 eos
1991 758 2370 810 observandum
2388 761 2529 824 duxi,
2542 762 2725 826 quibus

1657 849 1960 897 persuasum
1993 845 2075 884 est
2102 838 2361 898 permistus
2390 852 2646 902 nunqnam
2673 839 2726 889 in

1658 914 1925 963 codicibus
1954 915 2074 975 legi.
2143 915 2360 965 Interim
2389 916 2726 980 scripturam,

1659 997 1673 1018 ⁴
1699 989 1928 1045 mixtus,’
1970 991 2342 1055 ‘permixtus,'
2383 993 2561 1055 ntique
2605 1008 2726 1042 cnm

1659 1065 2086 1116 Schurzfleiscliio
2144 1065 2366 1130 praefero
2422 1069 2497 1117 illi
2551 1070 2728 1133 atteri,

1661 1152 1963 1207 propterea,
1983 1145 2120 1208 qnod
2152 1145 2343 1209 ubique
2376 1145 2727 1195 etiam-‘mix-

1662 1220 1805 1270 tura'
1838 1228 1891 1269 et
1920 1219 2168 1281 ‘mixtio,'
2195 1236 2298 1270 uon
2327 1223 2614 1280 ‘mistura,’
2638 1231 2731 1274 aut

1661 1301 1677 1327 ⁸
1698 1299 1901 1355 mistio,’
1924 1300 2080 1348 scribi
2109 1299 2260 1347 solet.
2297 1299 2538 1348 Schmun.

1732 1377 1906 1425 Omnia
1939 1375 2081 1437 bona]
2118 1377 2461 1431 Boxhornius,
2493 1375 2729 1439 Hearne,

1662 1463 1715 1502 et
1756 1454 2038 1507 Gesnerus,
2073 1453 2285 1502 edidere
2324 1454 2530 1502 omnium
2573 1453 2731 1511 bono,-

1662 1546 1814 1594 quam
1858 1533 2160 1580 varietatem
2207 1532 2363 1580 etiam
2414 1532 2580 1580 Henr.
2614 1532 2728 1581 Ste-

1663 1610 1877 1672 phanus»,
1911 1609 2196 1671 Gryplrius,
2229 1609 2525 1665 Sichardus,
2551 1617 2606 1657 et
2645 1609 2729 1658 Li·

1663 1687 1863 1734 vineius
1890 1687 1942 1734 in
1979 1688 2259 1748 marginem
2293 1686 2577 1735 editionum
2614 1701 2730 1735 situ·

1667 1777 1776 1810 rum
1810 1764 2067 1822 retulere;
2104 1762 2342 1826 probavit
2375 1776 2496 1812 vero
2530 1769 2585 1810 et
2618 1762 2730 1812 Rit-

1665 1840 1985 1899 tersbnsius3
2022 1855 2119 1889 nec
2153 1841 2271 1888 mibi
2308 1840 2632 1904 displiceret,
2664 1840 2731 1890 ob

1664 1916 1977 1964 harmoniam
2000 1914 2418 1965 antecedentium
2439 1916 2732 1977 verborum,

1664 1993 1796 2040 bonis
1830 1994 2054 2042 omnium.
2135 1993 2265 2051 Sed,
2299 1992 2563 2041 codicibus
2599 1993 2731 2041 Mss-

1666 2072 1762 2118 sibi
1791 2070 2169 2132 constantibus,
2194 2070 2318 2118 nibil
2343 2078 2507 2118 muto.
2547 2069 2699 2118 Idem.

1732 2148 1813 2195 Ad
1834 2161 1991 2195 omnes
2012 2147 2169 2195 omniu
2201 2145 2341 2207 bonu]
2390 2146 2649 2205 Fortasse,
2671 2147 2733 2195 od

1666 2238 1824 2270 omnes
1866 2221 2074 2270 omnium
2121 2221 2255 2272 bonu.
2296 2222 2466 2270 Livin.
2544 2222 2732 2272 Recte.

1673 2300 1910 2347 Ritterslt.

1733 2377 1897 2425 Terris
1940 2375 2194 2437 dit-initus]
2249 2377 2292 2424 Α
2340 2391 2441 2440 qna
2485 2377 2731 2439 opinione

1665 2454 1825 2502 Terra
1853 2461 2037 2514 mater,
2059 2454 2167 2501 sive
2193 2453 2395 2514 Ops,et
2418 2451 2737 2514 erea,inter

1671 2531 1848 2590 Der-⁸3
1890 2529 1981 2579 sed
2021 2540 2072 2578 et
2117 2531 2344 2592 singulas
2380 2532 2637 2592 regiones,
2678 2539 2735 2579 nt

1671 2607 1916 2661 Galliam,
1957 2608 2253 2669 AEgyptum,
2294 2607 2517 2661 Italiam,
2555 2610 2736 2671 pinge·

1673 2685 1798 2733 bant
1823 2685 2180 2746 habebantque
2205 2684 2359 2731 Deus.
2394 2684 2526 2746 Lips.

1736 2761 1986 2809 Divinitas
2003 2758 2242 2823 quaedum]
2284 2760 2609 2823 Antiquitas‘
2630 2775 2738 2810 otn-

1672 2837 1823 2884 uibus
1860 2835 2014 2883 rebus
2043 2848 2230 2883 numen
2255 2835 2515 2898 quoddam
2539 2837 2708 2885 inesse
2727 2837 2742 2857 ’

1671 2912 1911 2976 putabat,
1947 2910 2114 2973 inquit
2148 2911 2405 2973 Rsyanus.
2442 2912 2485 2959 A
2510 2927 2608 2976 qna
2632 2914 2741 2977 opi·

1673 2988 1844 3046 niune,
1883 2987 2050 3035 'l'erra
2093 2989 2275 3042 mater,
2308 2987 2417 3035 sive
2454 2987 2588 3052 Ops,
2629 2990 2738 3038 sive

1677 3067 1838 3126 Rhea,
1865 3067 2002 3113 inter
2028 3066 2188 3125 Deas,
2207 3066 2308 3112 διο.
2348 3065 2563 3114 Pater-ol.

1739 3140 1995 3201 Amnibus]
2043 3139 2338 3195 Ascensitts,
2368 3141 2540 3205 Cava,
2584 3151 2641 3191 et
2686 3144 2739 3193 in

1673 3219 1906 3280 margine
1944 3217 2015 3265 H.
2046 3218 2356 3279 Stephanus,
2391 3230 2486 3279 pro
2506 3219 2741 3275 mnibus,

1675 3294 1919 3343 mendose
1963 3299 2251 3356 posuerunt
2278 3294 2523 3352 omnibns,-
2559 3304 2615 3345 et
2653 3310 2741 3346 co-

1675 3371 1777 3419 dex
1802 3369 2126 3431 Guelplierb.
2146 3370 2316 3418 amnis.
2349 3370 2611 3421 Sclrwarz.

1743 3447 1955 3510 Genius]
1978 3445 2318 3508 Fluminibus,
2341 3445 2744 3503 femiminam·-

1675 3537 1775 3587 que
1798 3524 2064 3585 similibus,
2092 3523 2232 3571 Deos
2259 3523 2504 3586 quosdam
2532 3525 2743 3576 minoris

1677 3598 2181 3661 notaeassignabant
2210 3599 2427 3663 ethnici,
2457 3615 2587 3665 quos
2607 3605 2624 3630 ⁸
2651 3615 2746 3665 ge·

1676 3675 1816 3726 nios'
1861 3675 2157 3735 vocabant3
2204 3674 2343 3724 unde
2388 3677 2523 3725 sacri
2567 3676 2744 3729 fontes

1676 3752 1826 3812 dicti,
1851 3765 1996 3801 sacra
2015 3748 2247 3813 flumina,
2271 3765 2418 3801 sacra
2439 3766 2670 3812 nemora,
2686 3764 2745 3806 et

1678 3831 1780 3879 ulia
1804 3828 1854 3877 id
1881 3843 2059 3891 genus.
2094 3828 2309 3877 Potui-ol.

1740 3905 1975 3954 Amnibus
2002 3903 2210 3966 Genius]
2249 3904 2385 3953 Item
2409 3905 2593 3967 opinio
2612 3908 2745 3970 pris*-

1676 3995 1758 4044 ca,
1778 3980 1960 4030 fluvios
1982 3990 2037 4029 et
2061 3978 2235 4029 fontes
2260 3981 2485 4030 minores
2507 3982 2667 4043 Deos,
2692 3985 2745 4034 id

1677 4067 1775 4116 est,
1802 4059 2017 4120 Genios,
2036 4059 2378 4109 censentium.
2413 4060 2549 4123 Lips.

1742 4137 1885 4184 Mout'
1905 4132 2116 4197 gremio]
2154 4136 2284 4184 Cum
2315 4135 2535 4197 Plinius,
2571 4147 2627 4187 et
2664 4153 2748 4188 so-

1676 4214 1800 4276 lum,
1823 4215 1932 4262 sive
1959 4222 2176 4275 terram,
2214 4223 2268 4262 et
2296 4211 2748 4281 ssunren'AEgypti.

1677 4300 1925 4356 precatus
1959 4291 2047 4355 sit,
2085 4289 2317 4348 dubites,
2353 4293 2610 4356 quomodo
2651 4292 2746 4345 tiu‘-
