3060 4902
723 403 788 450 c.
838 399 1082 449 eamn
1131 398 1461 450 saeuum
1515 400 1788 451 enine.
1863 386 2052 453 1.69.

290 560 402 597 nm.
417 556 553 600 nvo.
570 554 837 595 πονοι-ι.
857 556 1164 595 insuavis.
1200 544 1349 595 Libe·

288 637 344 673 ra
363 637 489 672 vero
525 621 799 686 republica
833 622 1126 672 consulatus
1157 622 1348 671 nemini

285 699 509 764 delatus,
543 699 640 747 nisi
684 712 716 747 a
757 698 1144 762 quadragesimo
1180 712 1345 747 anno:

284 784 512 840 excepto
551 784 724 825 tamen
751 773 998 837 Scipione
1032 775 1252 838 Majoriz
1293 781 1349 824 et

284 867 433 904 nemo
461 852 685 902 eundem
719 851 1094 915 magistratum,
1128 851 1227 900 nisi
1261 851 1348 900 de-

286 929 473 978 cennio
495 933 758 982 vertente,
784 941 965 989 gerere
989 927 1177 990 potuit.
1200 927 1241 975 si
1265 941 1349 976 ve·

286 1004 348 1053 lis
364 1003 598 1053 eximere
625 1002 839 1052 Fabium
862 1002 1170 1054 Maximum.
1192 1003 1345 1053 Bm.

345 1081 622 1141 Antequam
656 1077 927 1141 deberetur]
963 1078 1101 1128 Ante
1135 1093 1296 1128 annos
1317 1093 1348 1128 a

286 1154 485 1218 legibus
510 1153 865 1218 praestitutos,
905 1169 955 1204 v.
984 1171 1034 1219 g.
1070 1154 1135 1205 ad
1166 1156 1346 1205 ineun-

284 1229 398 1280 dam
437 1230 745 1280 aedilitatem
784 1232 1148 1295 requirebatur
1191 1247 1349 1295 snpra

286 1308 608 1371 trigesimum
657 1320 876 1370 annum;
930 1308 995 1358 ad
1044 1318 1347 1372 praeturatn,

285 1399 436 1449 supra
470 1384 952 1449 quadragesimum3
1000 1385 1064 1434 ad
1113 1388 1346 1436 consula-

289 1468 414 1524 tum,
436 1476 599 1526 snpra
631 1462 1082 1527 quadragesimum
1118 1463 1347 1524 tertium.

283 1538 502 1588 Patami.

348 1614 579 1664 Foster-os
621 1613 881 1678 libanotis]
933 1614 981 1663 Ι.
1018 1628 1067 1665 e.
1105 1621 1346 1678 posteros

285 1692 509 1740 virorum
534 1691 959 1750 clarissimorum,
981 1691 1068 1755 qui
1083 1692 1251 1742 libera
1267 1707 1344 1742 re·

285 1769 493 1831 publica
512 1766 818 1818 floruerunt.
847 1770 999 1818 Idem.

347 1845 579 1894 Poeta-os
606 1845 866 1909 libertatis]
900 1847 1169 1909 Reliquam
1206 1848 1342 1898 illam

229 1939 235 1946 ·
286 1921 481 1982 prolem
507 1923 607 1971 sevi
634 1921 807 1982 liberi,
829 1929 886 1971 et
920 1923 1141 1980 illorum,
1179 1926 1265 1988 qui
1292 1925 1343 1974 iu

285 1999 534 2049 libertate
572 2000 744 2063 magni
787 1998 1016 2056 fuerunt.
1062 2016 1093 2051 e
1137 2002 1347 2065 Cassiis,

278 2074 478 2137 Juniis,
502 2074 701 2137 Fabiis,
724 2082 892 2125 natos.
924 2077 1064 2140 Lips.

348 2152 545 2217 Terret]
581 2154 717 2203 Nam
743 2161 801 2204 nt
825 2155 915 2204 ille
941 2154 1158 2219 ait,jam
1181 2163 1197 2185 ⁴
1222 2157 1344 2206 olim

285 2239 573 2281 monstrum
598 2239 680 2281 est
705 2231 755 2280 in
778 2230 1052 2281 nobilitate
1070 2232 1347 2284 senectus.’

285 2308 432 2357 Idem.

348 2386 459 2436 Nec
483 2382 657 2448 terret]
694 2385 737 2435 1.
760 2399 809 2433 e.
837 2384 1010 2434 Cesar
1045 2399 1148 2434 non
1184 2391 1348 2434 terret

285 2464 597 2516 crudelitate
638 2472 695 2512 et
727 2464 1124 2512 comminatione
1170 2463 1349 2520 bonos,

288 2548 345 2589 nt
368 2539 662 2590 contundat
696 2555 757 2588 ac
792 2539 1053 2604 deprimat
1087 2546 1253 2588 rectos
1277 2539 1348 2587 vi·

289 2617 540 2682 sidusque
563 2617 774 2678 animos,
798 2630 864 2666 ne
899 2617 1122 2668 audeant
1148 2632 1203 2665 se
1228 2631 1348 2680 pro·

281 2693 456 2754 ferre3
493 2707 591 2743 nec
625 2693 737 2756 ipse
774 2700 930 2756 pavet
963 2708 1024 2742 ac
1055 2694 1206 2743 timet
1238 2708 1348 2756 eos,

289 2780 530 2838 tanquam
555 2772 897 2832 insidiatores,
915 2779 1001 2821 aut
1018 2772 1217 2823 futuros
1233 2788 1349 2835 suc-

287 2862 542 2898 cessores.
607 2849 763 2904 Nam,
786 2858 841 2897 ut
867 2849 1087 2913 Plinius,
1113 2852 1349 2912 proximo

287 2938 403 2988 cap.
422 2937 620 2974 uvrn.
646 2925 802 2974 dixit:
838 2932 854 2954 ⁸
881 2925 924 2974 A
951 2927 1085 2975 malo
1111 2928 1348 2990 principe

286 3011 533 3067 tauquam
556 3015 821 3051 successor
855 3003 1085 3057 timetur,
1118 3005 1348 3068 quisquis

287 3086 369 3129 est
392 3078 634 3141 dignior-‚³
654 3079 689 3127 i.
711 3092 758 3126 e.
791 3081 991 3130 melior.
1056 3081 1143 3130 Sic
1183 3082 1349 3131 Hero·

287 3155 428 3205 dian.
454 3169 494 3205 ι.
521 3160 600 3205 13.
626 3154 806 3213 refert,
829 3156 1162 3208 Commodum
1186 3159 1348 3223 impe·

288 3241 519 3281 retorem
541 3232 799 3282 nemiuem
829 3246 929 3281 non
955 3236 1219 3295 metuisse,
1243 3243 1298 3285 et
1320 3250 1349 3285 a

289 3307 468 3356 limine
486 3307 627 3355 velut
645 3306 996 3356 insidiatorem
1014 3307 1350 3370 submovisse,

287 3395 646 3448 quemcunque
680 3392 771 3431 aut
803 3383 1051 3445 probitas,
1084 3392 1175 3434 aut
1198 3384 1349 3435 disci·

290 3459 431 3523 plina
457 3459 580 3519 ulla,
614 3460 770 3508 etiam
803 3460 1092 3521 rnediocriS,
1125 3462 1347 3511 illustra-

289 3537 377 3586 rit.
435 3535 498 3584 In
521 3536 753 3599 proxime
776 3536 1211 3586 antecedentibus
1238 3554 1351 3588 ver·

289 3612 388 3674 bis,
411 3611 499 3660 ubi
525 3625 703 3661 omnes
724 3612 840 3661 libri
867 3612 1000 3661 bene
1026 3613 1221 3664 babent
1241 3631 1347 3678 pos-

287 3693 413 3739 tem
435 3688 688 3750 libertatis,
717 3688 770 3736 in
804 3688 937 3736 libro
970 3689 1225 3739 vossiano
1259 3706 1345 3740 an·

290 3770 524 3815 notatum
561 3774 660 3821 est,
687 3770 891 3828 postera:
929 3766 1168 3815 libertatis
1180 3782 1199 3825 ,⁸
1233 3781 1347 3833 quae

289 3843 446 3891 lectio
513 3849 660 3891 extat
725 3841 776 3890 in
829 3840 1009 3891 codice
1074 3842 1348 3895 Patavino.

287 3918 529 3969 Solimi-z.

357 3995 647 4059 festinatis]
678 3993 846 4043 Etiam
874 4001 991 4044 ante
1011 4004 1240 4059 aetatem,
1259 4006 1349 4050 ant

288 4082 434 4125 certe
458 4072 810 4121 maturitatem
836 4079 891 4119 et
914 4073 1113 4123 merita.
1148 4074 1282 4137 Lips.

355 4146 746 4209 Mqioribus'sais
765 4146 945 4210 reddit]
982 4149 1026 4196 I.
1051 4163 1099 4197 e.
1117 4151 1351 4202 restituit

291 4225 342 4273 in
370 4225 542 4274 locum
566 4228 620 4272 et
650 4226 844 4271 statum
877 4222 1146 4284 majorum,
1169 4225 1350 4290 bisque

289 4301 402 4352 illos
423 4298 813 4351 existimatione
835 4304 890 4350 et
924 4297 1183 4364 dignitate
1213 4301 1349 4355 ada.

2355 389 2487 455 907

1423 552 1570 610 quat.
1634 545 1747 597 Cic.
1772 552 1892 610 post
1916 546 2097 596 Redit.
2117 544 2169 597 in
2194 545 2412 603 Senatu,
2435 562 2485 597 c.

1423 627 1473 673 1.
1507 623 1524 651 ⁸
1549 621 1652 673 Qui
1677 623 1901 687 deniqne
1935 631 2136 672 nosmet
2170 622 2310 687 ipsos
2338 623 2486 674 nobis

1423 698 1766 759 reddidistis,'
1803 698 1841 747 i.
1883 712 1933 748 e.
1980 714 2073 748 nos
2114 700 2164 748 in
2207 700 2484 762 pristinum

1422 783 1618 825 statum
1661 775 1933 838 dignitatis
1978 784 2033 824 et
2071 774 2295 825 fortuna
2338 776 2486 826 resti·

1423 853 1615 902 tuistis.
1671 851 1755 902 ef.
1779 866 1956 916 snpra,
1979 866 2097 902 ικι.
2119 855 2170 901 7.
2222 851 2287 900 In
2314 852 2485 916 proxi·

1423 929 1518 978 mis
1553 928 1743 986 verbis,
1781 928 1866 978 nbi
1906 929 2058 991 vulgo
2097 936 2239 977 recte
2273 927 2483 990 legitur,

1421 1007 1467 1056 si
1487 1009 1602 1069 quid
1622 1021 1833 1070 usquam,
1852 1007 1906 1056 in
1930 1006 2111 1056 codice
2128 1007 2335 1055 Veneto
2361 1008 2407 1053 1.
2428 1013 2484 1055 et

1424 1081 1911 1146 Guelpherbytano,
1926 1084 2176 1147 scriptum
2198 1087 2299 1144 est,
2313 1082 2358 1131 si
2371 1081 2487 1145 quid

1421 1171 1643 1220 unquam.
1677 1158 1936 1207 Scliwarz.

1491 1233 1702 1297 Reddit]
1738 1236 1936 1296 Dignos
1971 1234 2032 1283 iis
2067 1231 2213 1289 facit,
2239 1232 2404 1284 titulis
2427 1240 2484 1284 et

1421 1307 1729 1370 imaginibus
1752 1312 1857 1359 suis
1882 1318 2075 1374 oeqnat.
2109 1310 2245 1372 Lips.

1490 1388 1558 1437 Et
1574 1388 1776 1450 refovet]
1801 1389 1865 1438 In
1889 1389 2020 1438 libro
2042 1389 2283 1438 Gudiano
2302 1393 2345 1437 l.
2365 1401 2484 1450 par-

1424 1465 1587 1514 ticula
1615 1472 1660 1515 et
1685 1473 1766 1515 est
1790 1465 1980 1522 deleta,
2003 1472 2057 1515 et
2080 1480 2172 1528 pro
2194 1464 2484 1526 composito

1423 1542 1606 1598 verbo.
1625 1543 1822 1603 refovet,
1836 1544 2054 1606 simplex
2080 1550 2158 1590 est
2177 1541 2486 1604 repositum,

1410 1619 1549 1679 sonet
1564 1635 1584 1677 ,·
1615 1621 1704 1669 sed
1721 1620 2055 1680 nescio,num
2080 1633 2145 1668 ex
2169 1616 2391 1678 ingenio,
2415 1629 2484 1665 an

1423 1704 1599 1746 vetere
1623 1697 1804 1746 codice
1827 1695 2067 1759 quodam.
2117 1693 2350 1756 Simplici
2369 1692 2483 1758 qui·

1419 1772 1541 1822 dem
1566 1774 1728 1823 verbo
1756 1774 1880 1822 alias
1915 1771 2072 1821 etiarn
2106 1770 2296 1832 soepins
2331 1770 2385 1818 in
2415 1768 2484 1817 si·

1418 1852 1529 1901 mili
1557 1859 1861 1914 argumento
1894 1852 2059 1899 utitur
2091 1848 2321 1907 Plinius3
2358 1861 2406 1894 v.
2430 1859 2484 1908 g.

1418 1942 1594 1991 supra,
1623 1939 1782 1977 xxvi.
1804 1932 1855 1978 6.
1890 1927 1906 1955 ⁴
1932 1925 2037 1975 Hic
2059 1923 2248 1974 fiducia
2266 1922 2344 1972 sui
2364 1936 2483 1986 pro-

1419 2014 1627 2053 creatos
1650 2004 1796 2068 larga
1818 2018 1972 2052 manu
1996 2001 2161 2064 fovet,
2184 2005 2359 2063 auget,
2377 2012 2485 2048 am·

1420 2081 1705 2144 plectitur.⁹
1767 2081 1839 2129 Et.
1874 2092 2025 2128 xuv.
2060 2083 2110 2127 6.
2149 2079 2164 2103 ⁴
2190 2077 2387 2126 Rectos
2430 2081 2486 2123 et

1421 2156 1622 2206 vividos
1648 2157 1842 2205 animos
1860 2170 1981 2216 non,
2007 2160 2063 2203 ut
2081 2154 2189 2213 alii,
2208 2149 2484 2201 contundis

1417 2247 1479 2280 ac
1504 2232 1772 2295 deprimis,
1795 2231 1884 2280 sed
1900 2230 2043 2281 foves
2062 2236 2117 2278 et
2134 2225 2367 2287 attollis,'
2383 2231 2484 2274 διο.

1419 2309 1567 2359 Nihil
1607 2316 1777 2359 tamen
1813 2307 1896 2358 bic
1937 2315 2119 2357 contra
2159 2311 2480 2354 constantem

1419 2385 1644 2433 omnium
1668 2384 1914 2434 librorum
1938 2396 2244 2431 consensum
2269 2388 2349 2427 est
2373 2394 2482 2426 mu-

1421 2462 1655 2512 tandum.
1725 2461 1902 2511 Habet
1924 2461 2059 2510 euim
2096 2459 2298 2509 Plinius
2325 2457 2482 2506 etiam

1419 2538 1766 2602 compositum
1823 2536 1949 2587 illud
2017 2535 2255 2596 verbnm,
2310 2546 2482 2596 supra,

1423 2629 1600 2666 xvru.
1649 2620 1696 2665 1.
1747 2621 1763 2643 ⁴
1800 2613 2139 2678 Disciplinam
2193 2616 2481 2659 castrorum

1421 2693 1614 2755 lapsam
1653 2692 2039 2754 extinctumque
2079 2684 2346 2737 refovisti-⁹
2415 2686 2482 2734 E·

1422 2769 1545 2832 pist.
1571 2782 1655 2818 ιιι.
1678 2774 1817 2818 18.5.
1851 2769 1866 2797 ‘
1889 2767 2075 2818 Studia
2097 2777 2258 2829 prope
2280 2760 2493 2811 extinc-.

1423 2855 1476 2895 ta
1500 2844 1845 2895 refoventur.’
1910 2845 2046 2892 vell.
2079 2855 2247 2892 cxur.
2269 2844 2319 2889 2.
2354 2844 2368 2865 ·
2396 2837 2481 2886 Ad

1421 2922 1726 2972 refovendas
1744 2936 1809 2971 ex
1831 2920 2017 2971 itinere
2033 2919 2296 2968 exercitus
2314 2914 2485 2965 vires.'

1421 3000 1668 3050 Schwarz.

1487 3077 1616 3126 Sunt
1638 3078 1689 3124 in
1710 3075 1884 3124 honore
1916 3072 2179 3136 hominnm]
2218 3068 2480 3118 Livineius

1421 3162 1474 3202 et
1516 3155 1718 3217 Lipsius
1771 3152 2120 3216 reponendum
2169 3152 2483 3197 censuerunt

1422 3232 1551 3280 Sunt
1583 3234 1634 3280 in
1667 3246 1746 3280 ore
1776 3231 2031 3289 hominum,
2061 3233 2107 3276 et
2140 3226 2192 3274 in
2224 3222 2485 3283 oresnmoe.

1421 3307 1578 3356 Grut.
1604 3308 1838 3356 Discurs.
1862 3306 2023 3355 Polit.
2047 3304 2110 3351 ad
2136 3302 2309 3351 Tacit.
2328 3315 2374 3349 c.
2397 3303 2481 3348 38.

1422 3398 1475 3446 p.
1507 3387 1619 3433 290.
1647 3384 1757 3432 haec
1782 3382 1942 3432 verba
1966 3383 2039 3430 sic
2063 3379 2246 3440 refert,
2282 3377 2405 3427 Sunt
2427 3379 2480 3424 in

1419 3460 1595 3509 honore
1625 3460 1883 3519 hominum,
1915 3464 1960 3509 et
1985 3459 2036 3506 in
2063 3472 2142 3506 ore
2164 3457 2334 3516 sumoe.
2404 3455 2483 3504 Ex

1423 3540 1631 3602 vulgata
1658 3538 1882 3588 lectione
1905 3536 1957 3586 id
1993 3550 2149 3585 unum
2189 3534 2310 3583 inihi
2336 3547 2481 3582 scru-

1422 3617 1601 3678 pulum
1625 3615 1824 3679 injecit,
1847 3613 1984 3679 quod
2011 3628 2076 3661 ex
2110 3613 2246 3662 nullo
2272 3618 2484 3659 anctore

1422 3692 1651 3756 probatae
1695 3691 1994 3743 Latinitatis
2032 3691 2152 3739 milii
2191 3688 2358 3737 adhuc
2394 3701 2483 3734 ex-

1421 3771 1646 3834 emplum
1672 3772 1946 3830 succurrit,
1965 3769 2050 3818 ubi
2071 3770 2255 3832 aliquis
2277 3766 2485 3813 dicatur

1419 3847 1473 3895 in
1494 3847 1667 3896 honore
1686 3846 1925 3896 hominum
1948 3860 2079 3895 esse.
2144 3842 2371 3899 Etenim,
2403 3839 2485 3888 vel

1421 3924 1662 3974 absolute
1698 3924 1905 3984 dicitur,
1938 3926 1955 3951 ⁴
1979 3934 2167 3985 magno
2205 3920 2256 3967 in
2291 3917 2486 3964 bonore

1423 4000 1586 4062 esse3'
1621 4002 1695 4050 uti
1738 4000 1879 4062 apud
1921 4000 2035 4048 Cic.
2071 3999 2256 4059 Bruto,
2293 4010 2408 4056 cap.
2439 3999 2490 4044 7.

1421 4085 1435 4107 ⁸
1476 4078 1700 4142 Hippias
1752 4079 1908 4126 Eleus
1956 4077 2007 4124 in
2064 4074 2256 4123 honore
2302 4082 2488 4133 magno

1419 4151 1575 4214 fnit3’
1610 4163 1665 4203 et
1690 4153 1811 4203 alibi
1850 4153 2073 4217 passi1n3
2112 4149 2212 4204 vel,
2248 4149 2288 4195 si
2326 4148 2494 4209 expri-

1423 4228 1597 4277 mendi
1644 4228 1717 4277 illi
1766 4228 1979 4288 fuerint,
2013 4241 2043 4274 a
2081 4224 2270 4288 quibus
2311 4223 2495 4286 aliquis

1425 4304 1728 4362 honoratur,
1751 4310 1876 4353 tunc
1900 4315 2000 4352 non
2035 4315 2184 4351 casus
2219 4299 2491 4354 secundus,
