3060 4902
808 362 884 410 C.
934 362 1182 413 PLINn
1231 365 1564 419 saeuum
1617 372 1899 426 PANEG.
1976 378 2028 424 1.

384 496 603 563 quidem
651 500 942 567 opinioue;
996 520 1113 557 nam
1151 522 1248 561 nec
1288 510 1472 563 Nerva

385 589 608 639 usquam
651 578 848 641 legitur
894 595 1143 647 regnasse
1180 587 1233 635 in
1278 588 1472 638 securi-

387 659 540 713 tate;
580 668 752 719 neque
790 657 925 708 adeo
960 662 1162 724 potuit;
1195 678 1308 714 cnm
1338 681 1470 730 prae-

386 726 555 779 suerit
583 736 785 780 tantum
812 733 1062 785 Romanis
1086 751 1272 788 annum
1295 755 1474 803 unum,

387 816 599 853 menses
621 814 860 870 quatuor,
884 809 1000 859 dies
1037 824 1241 876 novem,
1266 825 1323 865 ut
1361 818 1470 880 pla·

389 887 483 930 cet
530 881 706 946 Dioni,
753 898 848 933 nec
894 886 1215 940 dissentiunt
1269 895 1464 943 ceteri:

389 956 521 1022 qnid
557 958 756 1021 igitur?
792 963 1006 1026 respicit
1033 965 1233 1017 Plinius
1269 968 1335 1018 ad
1365 984 1468 1020 mo-

391 1047 505 1084 rem
556 1036 880 1100 principatus
932 1040 1174 1092 universi.
1242 1045 1469 1096 Obtinet

391 1112 654 1175 plane,nt
678 1115 1013 1177 magistratus
1036 1132 1212 1168 omnes
1238 1129 1468 1184 potesta-

391 1190 467 1239 tis
501 1203 610 1239 anae
647 1191 921 1255 tyrocinio,
944 1196 1251 1245 reverentiae
1288 1199 1466 1261 populi

388 1266 472 1316 aui
494 1265 803 1330 inserviant,
826 1282 995 1334 neque
1029 1285 1143 1320 eam
1181 1288 1287 1336 prae
1312 1289 1365 1321 se
1388 1273 1465 1322 fe·

389 1350 517 1393 rant
540 1344 900 1402 securitatem,
923 1361 1074 1411 quam
1101 1349 1223 1412 ipsis
1248 1350 1465 1400 circum·

389 1419 485 1469 dat
525 1420 802 1484 imperinm
847 1422 1082 1488 longius3
1135 1432 1192 1474 ut
1238 1427 1464 1476 ostendi·

389 1509 505 1545 mna
544 1498 789 1560 exemplo
827 1513 929 1548 non
975 1514 1076 1550 nno
1119 1501 1169 1549 in
1205 1502 1464 1564 prioribus

385 1570 725 1622 Discursibns
760 1573 823 1623 ad
857 1574 1132 1638 Tacitum;
1168 1578 1352 1640 quibus
1388 1580 1464 1628 in-

384 1646 538 1698 finita
561 1650 665 1699 alia
686 1649 902 1701 adtexta
925 1651 1072 1702 nobis
1092 1653 1154 1702 ad
1182 1655 1304 1703 illud
1333 1656 1464 1719 ejus·

388 1722 509 1774 dem
539 1725 765 1776 Cornelii
790 1725 978 1777 Annal.
1003 1741 1125 1778 xiv.
1147 1734 1194 1779 l.
1218 1737 1232 1758 ⁶
1250 1729 1311 1778 C.
1332 1732 1462 1795 Vip-

386 1802 560 1857 sanio‚
586 1802 803 1853 Fonteio
838 1804 1156 1867 consulibus,
1181 1805 1267 1855 diu
1304 1807 1461 1857 medi·

391 1885 564 1927 tatum
589 1880 758 1928 scelus
779 1893 882 1929 non
907 1881 1044 1929 ultra
1068 1882 1213 1931 Nero
1236 1883 1459 1942 distulit,

387 1960 658 2007 vetustate
713 1956 918 2020 imperii
961 1957 1156 2007 coalita
1199 1959 1462 2010 audacia-⁹

391 2028 549 2078 Grai.

450 2103 771 2154 δισκήιαὶαιι
804 2106 918 2154 olim
956 2108 1258 2173 imperantis]
1298 2110 1459 2161 Secu·

386 2180 518 2229 ritas
550 2193 693 2245 sepe
721 2181 773 2229 in
797 2183 921 2230 vitio
955 2191 1057 2239 est,
1081 2187 1285 2248 qnando
1310 2194 1460 2237 notat

385 2255 682 2307 socordiam
707 2257 960 2319 quandam
997 2264 1051 2305 et
1085 2260 1457 2322 negligentiam

383 2332 556 2382 omnis
591 2335 899 2383 necessariae
932 2348 1091 2384 cure.
1157 2335 1457 2400 Aliquando

384 2417 568 2460 tamen
621 2410 676 2459 in
722 2407 908 2459 bonam
952 2418 1156 2474 partem
1202 2412 1459 2477 accipitur

385 2502 485 2551 pro
506 2501 748 2539 curarum
785 2488 988 2552 requie,
1009 2495 1065 2538 et
1091 2490 1310 2552 quadam
1348 2492 1456 2540 ani·

383 2564 460 2612 mi
499 2564 899 2628 tranquillitate,
923 2565 1047 2613 item
1081 2574 1134 2614 et
1170 2580 1264 2628 pro
1292 2581 1452 2630 pace:

384 2647 548 2704 prout
580 2640 693 2689 haec
724 2641 991 2704 conjungit
1016 2642 1124 2693 Cic.
1148 2642 1212 2692 de
1238 2641 1389 2693 offic.
1415 2657 1455 2693 1.

382 2718 471 2765 20.
492 2717 508 2743 ⁸
528 2715 831 2765 Vacandum
866 2726 1039 2766 autem
1076 2728 1159 2769 est
1188 2723 1324 2770 omni
1345 2723 1455 2772 ani-

383 2793 456 2842 mi
492 2793 905 2857 perturbatione,
931 2827 946 2842 .
970 2828 985 2844 .
1014 2804 1071 2844 ut
1108 2799 1455 2860 tranquillitas

382 2876 441 2918 et
478 2869 738 2919 securitas
780 2871 936 2932 adsit,
973 2887 1091 2936 quas
1136 2871 1288 2922 affert
1337 2889 1453 2924 cum

383 2947 750 3004 constantiam,
777 2953 884 2995 tum
921 2948 1078 2996 etiam
1105 2948 1457 3012 dignitatem!

381 3021 538 3073 Idem
562 3021 630 3072 de
655 3023 768 3072 Fin-
787 3036 843 3072 V.
863 3027 914 3073 8.
942 3026 958 3052 ‘
982 3024 1272 3074 Democriti
1307 3041 1454 3075 secu-

383 3099 539 3161 ritas,
570 3113 687 3163 quae
723 3106 802 3148 est
838 3098 991 3146 animi
1031 3106 1274 3163 tanquam
1315 3106 1453 3151 trau-

383 3174 656 3240 quillitas.’
724 3176 790 3225 Et
817 3176 953 3224 Plin.
979 3174 1131 3233 infra,
1149 3181 1264 3228 μδ.
1289 3179 1455 3228 ‘Tau-

381 3260 440 3302 ta
462 3251 719 3302 securitas
756 3259 1049 3315 temporum
1083 3261 1185 3316 est,
1208 3262 1266 3302 ut
1290 3289 1304 3305 .
1327 3286 1343 3303 .
1364 3270 1456 3307 nos

380 3343 489 3378 nou
515 3328 828 3390 timeamus,’
851 3331 950 3381 dte.
1017 3329 1138 3379 Hoc
1172 3331 1303 3381 adeo
1339 3333 1455 3384 loco

378 3406 632 3469 uem-itus,
657 3413 911 3471 quatenns
942 3406 1145 3470 pudori,
1170 3407 1221 3456 id
1249 3416 1348 3472 est,
1372 3425 1457 3460 ve·

380 3483 651 3532 recundiae
690 3499 804 3533 cum
841 3484 1179 3534 solicitudine
1212 3487 1454 3550 conjunc·

380 3567 478 3622 tn,
495 3560 799 3623 opponitur,
823 3561 1041 3610 denotat
1073 3561 1322 3613 fidentem
1347 3564 1454 3614 ani-

379 3650 545 3699 mum,
574 3637 686 3685 sive
721 3635 993 3698 fidnciam3
1029 3636 1251 3696 Gallice,
1276 3637 1453 3698 serme-

378 3712 471 3770 u‚·
503 3712 846 3776 Germanice,
879 3715 1207 3775 treusligkeit.
1274 3717 1454 3781 Cujus-

377 3789 525 3843 modi
551 3792 720 3842 fidens
749 3792 949 3842 animus
984 3794 1027 3843 si
1063 3794 1146 3843 cui
1181 3801 1281 3853 est,
1301 3795 1345 3845 is
1368 3811 1455 3846 va·

379 3883 512 3919 cuns
530 3870 670 3920 curis
693 3876 749 3920 et
771 3876 916 3920 metu
936 3885 1049 3920 esse
1069 3870 1292 3922 videtur.
1324 3873 1454 3923 Par-

379 3946 596 3995 ticulam
619 3947 734 3996 olim
767 3947 1050 3995 necessitas
1074 3948 1312 4010 quasdam
1338 3963 1453 3997 sen-

377 4023 560 4071 tentiae
599 4022 856 4072 Pliniana
898 4023 1137 4086 requirit,
1171 4031 1264 4073 aut
1308 4032 1452 4077 certe

374 4099 798 4150 commodissime
834 4098 1082 4150 admittit.
1153 4101 1283 4150 Olim
1316 4102 1451 4152 enim

374 4174 462 4224 hic
505 4175 768 4240 significat
805 4175 954 4238 ‘jam
996 4174 1129 4238 diu,'
1163 4177 1302 4239 ‘jam
1347 4180 1451 4243 pri·

375 4250 537 4316 dem,’
581 4255 712 4319 ‘jam
751 4268 785 4303 a
822 4253 981 4317 longo
1028 4254 1300 4317 tempore-⁸
1362 4256 1449 4306 Sic

2072 362 2180 428 24.
2483 370 2614 435 543

1544 515 1774 580 loquitur
1817 519 1955 570 Plin.
2005 522 2176 585 Epist.
2224 538 2263 573 ι.
2308 529 2388 576 lt.
2433 527 2612 580 ‘Olim

1546 592 1668 640 milii
1707 594 1871 643 nullas
1905 596 2150 659 epistolas
2178 600 2379 649 mittis.'
2446 604 2615 665 Epist.

1546 680 1624 714 vi.
1642 670 1724 716 ⁸4.
1747 670 1762 696 ⁸
1782 669 1831 719 A
1849 671 2230 725 Veronensibus
2255 676 2375 725 olim
2403 682 2614 742 amaris,

1542 744 1838 809 suspiceris,
1880 750 2122 799 ornaris.'
2188 753 2361 816 Epist.
2401 769 2529 805 vni.
2561 763 2612 807 9.

1541 822 1556 849 ‘
1578 822 1717 871 Olim
1744 838 1844 873 non
1870 826 2055 876 librum
2081 829 2132 878 in
2162 843 2363 893 manus,
2386 846 2488 881 non
2524 835 2616 883 sti·

1542 897 1882 955 lum,sumsi.’
1948 904 2069 955 Jam
2104 906 2262 968 igitur
2296 908 2498 957 Plinius
2535 909 2613 959 in·

1546 984 1627 1023 ter
1650 990 1706 1024 se
1728 978 2000 1028 contendit
2025 982 2041 1009 ⁸
2063 982 2348 1046 principem
2373 986 2495 1034 olim
2523 988 2614 1035 im·

1543 1053 1847 1115 potantem:
1879 1064 1933 1104 et
1981 1058 2307 1121 ‘principem
2357 1062 2610 1125 incipien-

1542 1136 1648 1176 tem
1673 1129 1971 1193 imperare?
2036 1135 2154 1197 Ille,
2176 1136 2262 1200 qui
2289 1138 2400 1200 jam
2430 1140 2519 1190 diu
2552 1150 2606 1193 et

1543 1216 1574 1251 a
1609 1202 1762 1267 longo
1787 1214 2023 1270 tempore
2047 1210 2284 1277 imperat,
2308 1215 2610 1267 confirmata

1542 1287 1805 1342 potestate
1838 1299 1950 1347 sua,
1989 1288 2221 1337 securior
2254 1298 2310 1338 et
2348 1292 2610 1342 confiden-

1541 1355 1644 1405 tior
1667 1366 1769 1420 est,
1793 1363 2226 1426 constantiusque
2255 1372 2307 1414 et
2331 1369 2609 1419 animosius

1541 1431 1675 1491 agit:
1713 1434 1853 1498 quia,
1885 1444 1943 1486 ut
1978 1438 2205 1502 loquitur
2231 1441 2395 1492 Tacit.
2421 1443 2607 1495 Annal.

1539 1513 1730 1558 nir-1.
1764 1509 2063 1563 ‘vetustate
2102 1516 2303 1578 imperii
2326 1515 2340 1539 ’
2372 1520 2451 1567 vel
2492 1520 2609 1584 ipsa

1537 1583 1821 1635 ‘coalescit
1862 1588 2128 1638 audacia.'
2196 1591 2299 1640 Hic
2343 1607 2480 1651 vero,
2520 1597 2608 1659 qui

1538 1662 1692 1711 modo
1732 1664 1914 1729 incipit
1950 1667 2229 1732 imperare,
2259 1669 2369 1720 fere
2407 1675 2606 1724 modes·

1538 1736 1641 1785 tius
1692 1738 1876 1798 adhuc,
1927 1756 1989 1793 ac
2033 1744 2302 1803 solicitius,
2358 1756 2414 1798 et
2459 1753 2605 1813 quasi

1537 1812 1768 1864 timidius
1825 1818 2232 1885 pudentiusque,
2286 1837 2391 1872 rem
2449 1828 2610 1886 gerit.

1533 1891 1712 1940 Talem
1754 1896 2089 1946 securitatem
2123 1906 2177 1948 et
2211 1898 2459 1950 fidentem
2494 1904 2604 1951 ani-

1534 1980 1672 2017 mum
1715 1969 1983 2036 principis,
2010 1973 2122 2036 jam
2155 1974 2243 2025 diu
2279 1977 2605 2042 imperanti«,

1533 2056 1650 2092 cum
1677 2048 1986 2097 verecundia
2022 2065 2084 2099 ac
2120 2051 2376 2101 modestia
2410 2056 2604 2117 princi·

1535 2118 1634 2180 pis,
1662 2120 1914 2182 imperare
1952 2125 2273 2188 incipientis,
2298 2129 2601 2179 laudabilis-

1533 2195 1661 2243 sime
1687 2197 1738 2245 in
1763 2197 1979 2261 imperio
1999 2215 2092 2250 suo
2115 2203 2447 2266 conjunxisse
2472 2207 2604 2255 dici·

1534 2277 1619 2319 tur
1642 2272 1913 2334 Trajanus.
1968 2277 2158 2339 Itaque
2183 2280 2408 2328 nonnulii
2435 2280 2604 2330 edito·

1532 2359 1633 2400 res,
1652 2356 1836 2396 contra
1858 2351 2263 2399 concinnitatem
2289 2352 2465 2409 Plinii,
2487 2370 2602 2416 par·

1534 2421 1742 2472 ticulam
1765 2424 1878 2473 olim
1902 2425 1978 2475 bis
2009 2440 2248 2489 posuere,
2274 2443 2352 2479 res
2383 2431 2494 2479 olim
2528 2433 2602 2482 di·

1528 2500 1840 2564 versissimas,
1854 2502 2156 2552 securitatem
2174 2505 2285 2554 olim
2309 2507 2602 2569 imperantis.

1529 2575 1694 2625 Pauci
1727 2581 1940 2629 eandem
1981 2581 2288 2643 particulam
2331 2584 2382 2632 in
2425 2585 2600 2648 priore

1528 2655 1752 2718 quidem,
1804 2662 1860 2705 at
1913 2657 2241 2707 incommodo
2298 2661 2433 2724 loco,
2481 2664 2603 2710 reli·

1529 2746 1723 2795 quere;
1772 2740 1828 2783 at
1869 2734 2156 2797 posteriore
2193 2736 2324 2798 loco,
2360 2736 2447 2786 ubi
2484 2754 2600 2787 seu·

1532 2808 1700 2855 tentia
1736 2809 1981 2858 orationis
2028 2810 2166 2859 illam
2214 2827 2330 2861 cum
2379 2815 2600 2863 maxime

1528 2883 1849 2946 requirebat,
1873 2900 2147 2949 perperam
2174 2888 2412 2938 omisere.
2465 2890 2599 2938 Con·

1529 2966 1610 3006 tra
1639 2974 1757 3009 vero
1792 2962 1865 3010 illi
1902 2961 2021 3010 libri
2059 2976 2253 3018 omues,
2281 2978 2410 3024 quos
2445 2963 2494 3012 in
2522 2981 2603 3013 su·

1529 3033 1733 3094 periore
1773 3041 1896 3083 nota
1936 3037 2184 3099 indicavi,
2225 3038 2444 3107 eandem
2489 3054 2598 3088 rec-

1532 3108 1728 3158 tissime
1754 3112 2040 3173 posteriore
2075 3112 2331 3162 duntaxat
2372 3116 2484 3164 loco
2508 3131 2597 3165 cx-

1528 3183 1762 3234 hibnere.
1832 3187 2109 3237 Aberravit
2166 3197 2340 3239 autem
2400 3206 2427 3240 a
2474 3207 2600 3241 vera

1532 3261 1687 3310 Plinii
1724 3265 1986 3313 sententia
2023 3265 2305 3322 Livineius,
2339 3268 2444 3330 qui,
2481 3284 2596 3318 cum

1529 3352 1631 3386 non
1677 3339 1918 3400 cogitarit
1957 3340 2021 3389 «le
2066 3343 2280 3392 notione
2329 3345 2598 3406 particulae

1529 3416 1641 3463 olim
1664 3414 1783 3464 liuic
1811 3417 1922 3465 loco
1958 3428 2299 3482 congruente,
2325 3434 2418 3482 per
2461 3422 2598 3483 prin·

1529 3492 1696 3555 cipem
1736 3492 1849 3541 olim
1884 3492 2210 3556 imperantem,
2245 3496 2479 3544 Nervam
2522 3499 2598 3546 in·

1532 3569 1770 3630 tellexit;
1825 3569 1914 3618 sed
1961 3571 2002 3618 is
2040 3571 2147 3634 jam
2191 3586 2221 3619 a
2265 3572 2496 3622 Grutero
2543 3575 2595 3624 in

1532 3644 1665 3693 viam
1725 3645 1969 3695 reductus
2030 3654 2127 3697 est.
2196 3649 2362 3699 Nimis
2421 3659 2593 3701 autem

1529 3723 1693 3772 severi
1719 3724 1949 3773 censoris
1972 3733 2149 3787 partes
2171 3726 2221 3774 in
2247 3741 2327 3776 me
2352 3729 2595 3778 exercuit

1529 3798 1596 3847 D.
1622 3801 1694 3849 D.
1724 3800 2076 3862 Heumannus,
2107 3803 2214 3866 qui,
2250 3804 2335 3853 ubi
2372 3806 2592 3866 primum

1528 3874 1659 3925 hanc
1727 3876 2142 3927 observationem
2211 3893 2597 3942 proposueram,

1528 3950 1641 4002 haec
1687 3960 2064 4002 commentatus
2110 3961 2210 4018 est,
2254 3956 2432 4005 Poecil.
2475 3965 2598 4004 tom.

1528 4040 1621 4075 sn.
1642 4028 1731 4076 lib.
1753 4041 1828 4076 iv.
1853 4030 1867 4057 ‘
1893 4030 2140 4078 Mendum
2177 4030 2263 4079 iiic
2297 4046 2397 4079 nou
2423 4040 2593 4079 sustu-

1526 4104 1653 4165 listi,
1674 4104 1764 4153 sed
1792 4105 2028 4155 intulisti.
2092 4105 2157 4154 Τὸ
2179 4107 2289 4154 olim
2325 4107 2461 4153 enim
2489 4107 2592 4167 pri-

1526 4180 1605 4228 ori
1644 4181 1756 4230 loco
1798 4181 2193 4246 relinquendum
2229 4190 2363 4238 erat,
2402 4188 2455 4228 et
2498 4196 2592 4243 pro

1525 4256 1816 4321 incipientis,
1874 4257 2263 4308 rescribendum
2316 4255 2592 4319 praecipien-
