3060 4902
750 401 811 448 C·
861 398 1095 449 Pthll
1144 401 1473 451 sssoUNm
1528 402 1802 452 PANRG.

298 557 395 607 que
417 543 559 593 enias
593 541 807 594 Plinius
829 543 929 594 hoc
956 544 1068 596 loco
1089 545 1369 609 Trajsnam

294 635 408 670 eum
443 620 553 669 alio
582 621 773 684 quovis
802 620 1134 684 imperatore,
1169 623 1253 685 qui
1282 638 1367 671 nu·

294 696 520 746 minibus
542 705 790 761 ‘qnatns
812 706 916 761 eat,
948 698 1041 748 sed
1070 699 1368 748 nominatim

292 787 409 823 eum
432 773 553 824 Tito
588 773 937 838 Vespasiano,
966 789 1271 838 comparare
1294 775 1368 824 in·

291 850 557 899 stit-erar.
626 850 901 912 Ceterum,
936 851 1242 915 subscripsit
1273 852 1368 900 eti·

292 939 377 975 arn
414 926 695 977 Gesnerns
728 928 1003 977 mutationi
1052 928 1370 991 pronominis

291 1003 366 1052 illi
408 1004 461 1052 in
507 1005 646 1063 mis,-
708 1005 948 1070 quoniam
995 1005 1238 1069 credidit,
1279 1006 1367 1055 vix

293 1082 593 1144 quempiam
625 1096 805 1133 casum
848 1083 1058 1132 tertium
1091 1083 1368 1147 singulsris

294 1159 514 1221 numeri,
534 1160 635 1222 itti,
660 1160 744 1209 hic
766 1161 1033 1209 commode
1051 1161 1367 1223 interpreta-

296 1233 338 1281 ri
363 1248 542 1296 posse:
569 1234 715 1299 qnod
740 1249 865 1284 vero
890 1235 1050 1285 nollet
1071 1234 1268 1285 factum
1290 1236 1369 1285 vir

294 1310 551 1376 eruditus,
570 1311 929 1374 Arntzeains3
952 1327 1064 1362 cum
1083 1312 1168 1361 hic
1191 1313 1367 1362 existi·

296 1394 419 1446 met,
458 1387 510 1435 in
548 1389 768 1452 vulgata
803 1387 1029 1437 lectione
1062 1388 1273 1437 omnino
1295 1388 1367 1437 la·

297 1469 406 1510 tere
438 1463 826 1526 elegantiorem
860 1462 1191 1528 locutionem,
1216 1479 1365 1528 quam

297 1547 354 1586 ut
375 1539 573 1588 tentari
595 1539 812 1589 debeat.
850 1540 1012 1604 Cujus
1036 1541 1287 1590 rationem
1309 1549 1366 1592 ut

294 1613 457 1663 lector
480 1616 686 1678 capiat,
719 1615 974 1679 integram
998 1617 1098 1666 huc
1124 1618 1368 1667 transcri-

298 1690 417 1740 bere
447 1692 590 1741 haud
617 1693 893 1755 pigraborz
928 1702 942 1723 ¹
961 1693 1106 1744 Idem
1132 1693 1253 1756 est,’
1290 1696 1365 1744 in-

295 1768 421 1831 quit.
464 1771 567 1819 ‘ac
616 1770 663 1818 si
700 1770 939 1825 dixisset,
980 1776 1053 1820 tot
1101 1785 1182 1820 res
1233 1772 1367 1822 illias

297 1845 433 1894 rebus
458 1846 707 1905 aaefioeisti.
742 1847 1007 1912 Loquendi
1047 1848 1246 1904 modus,
1284 1849 1363 1912 (u-

297 1929 376 1971 tor
399 1923 575 1971 serbis
603 1922 878 1985 Gronovii,
906 1924 1039 1973 Obs.
1069 1937 1147 1972 ιν.
1174 1928 1222 1973 8.
1244 1940 1365 1988 pag.

302 1995 436 2060 121.)
456 2007 513 2047 ut
536 2012 653 2046 rem
676 2012 794 2047 cum
820 2012 895 2065 re,
926 2013 1040 2061 quae
1065 2008 1148 2048 est
1170 2000 1222 2048 in
1250 2015 1364 2063 per·

296 2085 437 2136 sona,
459 2074 732 2137 collatori,
762 2074 925 2136 ipsam
948 2088 1240 2138 personam,
1266 2091 1365 2126 nou

299 2162 420 2205 rem,
449 2149 749 2213 appellent,
782 2158 837 2197 et
876 2156 1120 2215 tanquam
1149 2151 1364 2199 alterum

299 2236 717 2290 cooperatorum
743 2235 959 2291 ponant.
989 2227 1182 2278 Justin.
1204 2240 1265 2276 ιι.
1291 2231 1369 2276 18.

298 2305 373 2350 lo.
388 2305 404 2330 ⁸
422 2303 823 2353 Atheniensium
845 2304 1009 2351 virtus
1025 2304 1214 2353 ceteris
1233 2318 1367 2367 prae·

300 2380 433 2437 lata,'
467 2381 519 2429 id
547 2388 652 2435 est.
692 2381 872 2430 virtuti
896 2388 1204 2430 ceterorum.
1261 2381 1365 2430 Ubi

302 2455 536 2507 vorstius
561 2466 621 2507 et
646 2455 713 2506 ad
739 2471 820 2506 tv.
841 2461 890 2505 8.
911 2462 960 2508 2.
980 2458 995 2483 ‘
1022 2456 1148 2506 Ausi
1169 2456 1367 2506 facinus

300 2533 772 2600 nullityrannorom
791 2534 1228 2597 comparandum!
1252 2534 1366 2584 Vic-

300 2616 395 2670 tor,
411 2611 548 2660 Ces.
568 2624 652 2660 xi.
673 2613 754 2660 ⁶1.·
769 2610 900 2661 Quae
918 2625 1143 2660 amorem
1162 2611 1366 2661 histrio·

301 2686 374 2733 nis
398 2689 516 2736 viro
540 2685 883 2749 praetulerat!
933 2686 1089 2736 Adde
1113 2688 1367 2738 Gronovi-

302 2776 378 2811 am
405 2763 469 2812 sd
516 2764 736 2819 Livium,
772 2764 915 2827 Epit.
951 2777 1132 2813 nvn.
1159 2773 1214 2815 et
1236 2766 1369 2815 Bur·

299 2854 429 2891 aaa.
462 2842 537 2892 ad
577 2843 831 2894 Quinctil.
874 2855 978 2892 xu-
1010 2847 1062 2892 7.
1105 2844 1172 2893 Et
1206 2844 1280 2893 sic
1314 2845 1367 2894 in

301 2919 459 2968 relato
510 2932 629 2981 quas
677 2919 840 2982 magis
877 2919 1106 2982 respexit
1149 2919 1212 2967 ad
1252 2934 1368 2969 seu·

301 3008 425 3058 saus,
444 3010 607 3060 quam
633 2992 698 3043 ad
722 2995 884 3057 ipsam
909 2994 1128 3045 vocem!
1174 2994 1367 3045 Hacte-

301 3084 391 3119 nus
413 3071 758 3121 Arntsenius.
815 3072 1093 3136 Utcunque
1121 3087 1177 3120 se
1214 3072 1368 3122 habet

302 3145 397 3195 ista
431 3147 805 3209 interpretatio
838 3148 887 3195 in
922 3149 1169 3198 excitatis
1211 3150 1367 3210 locis;

298 3231 437 3273 certe
464 3226 522 3273 iu
544 3224 644 3274 hoe
669 3226 781 3274 loco
810 3224 966 3274 Plinii
1001 3226 1290 3287 ambiguam
1314 3235 1369 3278 et

300 3299 595 3362 obscuram,
628 3314 689 3349 sc
726 3301 975 3351 Pliniana
1015 3304 1236 3354 dictioni
1278 3306 1367 3354 mi-

301 3390 391 3424 sas
419 3386 800 3440 congruentem
836 3380 1008 3429 reddit
1040 3383 1368 3432 sententiam.

302 3450 450 3502 Ideni.

318 3562 323 3566 -
372 3528 461 3577 uti
477 3528 721 3592 affecisti]
755 3531 1089 3582 Commodius
1101 3533 1217 3583 iltis.
1246 3535 1367 3600 Lip-

299 3616 417 3653 stus.

359 3681 760 3745 nenses-inas]
796 3682 957 3747 Atqui
994 3698 1169 3747 supra,
1208 3698 1289 3734 ιι.
1320 3691 1366 3737 1.

299 3756 430 3806 dizit
468 3772 501 3806 a
534 3759 835 3810 Domitiano
872 3763 1038 3811 Deum
1073 3760 1288 3825 factum,
1311 3771 1368 3813 ut

298 3833 407 3895 ipae
431 3836 446 3863 ⁸
467 3836 574 3884 Dei
598 3833 766 3886 frater
788 3836 1056 3886 videretur
1080 3836 1113 3885 :'
1132 3837 1212 3886 hic
1233 3853 1264 3886 a
1287 3853 1366 3888 se·

300 3919 441 3960 sats.
500 3911 610 3960 Pru
644 3911 831 3976 insigni
869 3927 1039 3976 pugne
1066 3912 1178 3960 hec
1208 3912 1368 3963 habet

302 3986 373 4034 vir
393 3985 615 4048 doctus;
651 4001 803 4051 quam
840 4001 942 4051 ego
973 3988 1161 4036 nullam
1197 3988 1367 4052 video,

298 4070 382 4112 aut
405 4061 516 4111 stili
538 4063 693 4127 hujus
718 4062 864 4112 brevi
885 4071 1029 4113 motu
1046 4077 1369 4126 componam.

301 4136 619 4189 Domitianas
657 4139 834 4188 Deum
862 4139 966 4188 dici
998 4140 1165 4188 voluit
1197 4147 1253 4189 et
1280 4155 1368 4189 cu-

302 4216 446 4277 ravit,
487 4214 581 4264 sed
623 4216 696 4264 oh
735 4228 886 4263 sunm
927 4214 1115 4265 finem:
1156 4222 1367 4265 senatus

301 4291 511 4346 canuit,
543 4299 604 4344 et
634 4290 808 4342 libens
831 4290 1026 4355 paruit,
1061 4291 1180 4356 quia
1213 4291 1367 4341 meri-

1881 406 1928 454 1.
1958 388 2069 453 35.
2375 392 2508 459 639

1448 554 1533 596 tus
1565 553 1698 602 erat.
1731 555 1787 597 et
1821 547 2042 597 maxime
2073 546 2141 597 ob
2170 548 2506 600 securitatem

1445 624 1580 671 hanc
1606 624 1807 672 senatui
1832 623 2079 687 bonisque
2098 633 2318 687 partam.
2357 626 2508 678 Ideni.

1512 700 1754 762 Perqaom
1785 702 1980 765 magna]
2015 701 2117 752 Per
2149 717 2281 765 quem
2315 718 2507 764 magna,

1446 775 1612 824 Livin.
1638 776 1687 824 in
1720 784 1899 838 textu3
1935 777 2026 826 sed
2063 779 2114 825 in
2148 779 2380 841 margine
2401 795 2508 842 per·

1444 867 1587 916 quam
1604 868 1780 914 mog-na
1806 854 1869 903 C.
1894 854 1956 903 R.
1979 860 2138 903 recte.
2175 854 2416 906 Ritterslt.

1515 929 1750 992 Perquam
1765 945 1940 990 magna
1961 930 2195 993 qua-dom]
2233 929 2393 993 Olim,
2413 946 2506 996 pro

1441 1019 1683 1068 perquam,
1729 1006 1881 1069 vulgo
1925 1006 2194 1068 legebatur
2230 1021 2317 1069 per
2359 1023 2511 1071 quem,

1445 1078 1725 1129 manifesto
1748 1094 1956 1130 errore:
1994 1082 2178 1130 mirum
2214 1090 2387 1131 tamen
2412 1094 2509 1144 est,

1444 1171 1548 1219 quo
1587 1157 1740 1206 modo
1777 1159 2019 1208 mendum
2055 1159 2150 1208 ltoc
2190 1173 2294 1209 non
2341 1160 2504 1210 solum

1443 1232 1653 1282 codices
1684 1234 1931 1296 quosdam
1973 1236 2099 1285 Mss.
2133 1249 2183 1284 v.
2213 1252 2263 1298 g.
2294 1237 2506 1285 Vatica-

1443 1322 1554 1371 nos,
1576 1309 1939 1368 Parisiensem,
1964 1311 2506 1378 Guelpherbytannm,

1444 1386 1773 1448 Vossianum‚
1808 1393 1863 1436 et
1897 1403 2084 1445 meum,
2121 1389 2211 1438 sed
2244 1389 2402 1440 etiam
2429 1397 2508 1440 tot

1444 1460 1604 1511 libros
1629 1463 1769 1526 typis
1793 1477 2029 1527 excusos,
2066 1464 2343 1515 Puteolani
2370 1467 2506 1516 scili·

1444 1543 1551 1598 cet,
1574 1535 1718 1597 Aldi,
1739 1538 1935 1596 Juotoe,
1960 1539 2024 1587 R.
2047 1546 2101 1588 et
2127 1539 2196 1588 H.
2215 1541 2503 1603 Stephano·

1443 1625 1577 1669 rum,
1620 1613 1864 1676 Gryphii,
1909 1614 2203 1671 Cratandri,
2248 1617 2503 1674 sichardi,

1446 1687 1620 1751 Navii,
1657 1690 1890 1752 Livineii,
1931 1691 2173 1752 Elseviri,
2206 1693 2509 1757 Boxhornii,

1443 1769 1499 1813 et
1536 1764 1766 1828 Cellarii,
1798 1767 2093 1831 inquinarit.
2165 1769 2374 1818 Rectius
2398 1786 2506 1820 om-

1442 1840 1566 1890 nino
1610 1842 1885 1904 legendum
1932 1852 2013 1893 est
2049 1859 2306 1907 perquam5
2351 1862 2502 1910 quam

1443 1916 1724 1966 lectionem
1764 1918 1919 1968 etiam
1964 1919 2128 1968 codex
2168 1922 2415 1978 Venetus,
2453 1932 2508 1972 et

1442 1993 1642 2058 aliquot
1666 1995 1942 2056 editiones,
1975 1995 2311 2059 confirmant3
2336 2013 2503 2061 neque

1442 2081 1593 2131 nego,
1647 2083 1761 2119 eam
1823 2070 2149 2133 particulam,
2201 2073 2505 2121 intendendi

1440 2160 1642 2205 caussa,
1667 2148 1879 2209 saepius,
1904 2162 2018 2195 cum
2043 2147 2179 2210 apud
2200 2151 2326 2198 alios
2343 2151 2504 2212 scrip·

1443 2229 1600 2281 tores,
1635 2230 1739 2270 tum
1764 2221 1903 2285 apud
1929 2223 2095 2285 ipsum
2133 2224 2374 2284 Plinium,
2398 2226 2508 2286 epi-

1442 2297 1601 2347 thetis
1627 2298 1784 2358 addi;
1814 2299 1987 2346 nescio
2011 2307 2205 2359 tamen,
2230 2313 2330 2363 quo
2355 2299 2507 2348 modo

1442 2372 1567 2421 mibi
1604 2372 1715 2435 jam
1764 2375 1983 2423 antehac
2030 2375 2191 2436 magis
2238 2375 2511 2437 placuerit,

1443 2456 1607 2513 atque
1642 2449 1924 2499 etiamnum
1965 2451 2190 2513 placeat,
2231 2466 2293 2500 ea
2329 2451 2507 2512 lectio,

1442 2541 1596 2591 quam
1620 2526 1856 2577 Ascensii
1881 2538 1934 2577 et
1957 2529 2122 2578 Paulli
2147 2529 2419 2592 Stephani,
2446 2546 2506 2580 ac

1441 2617 1580 2651 nunc
1612 2617 1814 2668 qnoque
1846 2604 2088 2666 Gesner-i,
2127 2605 2386 2654 editiones
2416 2620 2506 2654 ex·

1442 2679 1642 2745 hibent,
1664 2682 1752 2730 ubi
1778 2697 1871 2744 pro
1889 2698 2130 2746 perquam,
2156 2686 2233 2732 vel
2254 2700 2505 2749 perquem,

1442 2758 1637 2821 legitur
1651 2765 1911 2822 postquam,
1928 2775 1986 2809 ac
2005 2760 2255 2825 deinceps
2279 2763 2505 2824 particu—

1442 2835 1489 2884 la
1532 2836 1783 2895 ἄγκλιτικὴ
1825 2852 1930 2900 que,
1975 2839 2224 2901 adjuncta
2261 2840 2331 2899 τῷ
2366 2840 2507 2901 nituit,

1442 2912 1720 2962 omittitur.
1756 2914 2014 2965 Quoniam
2060 2929 2182 2963 vero
2228 2915 2506 2963 destitutus

1442 2986 1517 3036 fui
1559 2987 1805 3052 suffragio
1843 2989 2070 3037 omnium
2106 2990 2342 3038 codicum
2378 2990 2508 3040 Mss.

1444 3066 1620 3127 recepi
1648 3065 2116 3129 interim‘perquom.
2142 3066 2315 3114 Facile
2335 3073 2508 3115 sutem

1444 3152 1615 3207 patet,
1650 3145 1787 3194 illam
1823 3146 2076 3209 triplicem
2114 3145 2418 3194 varietatem
2444 3159 2509 3194 ex

1443 3221 1767 3283 compendiis
1824 3222 2100 3285 scripturas
2161 3228 2330 3271 natam
2374 3236 2506 3272 esse.

1445 3296 1687 3345 Selinous-z.

1503 3375 1676 3422 Edicto
1696 3373 1818 3436 Titi]
1838 3375 2009 3423 Nemo
2022 3374 2340 3439 diligentius,
2355 3392 2506 3441 quam

1441 3452 1851 3514 Brencmannus,
1882 3452 1933 3500 in
1969 3454 2131 3502 citata
2163 3454 2368 3504 erudita
2403 3456 2508 3504 dis·

1442 3538 1571 3580 sert.
1596 3530 1662 3579 de
1706 3531 1842 3593 Lege
1886 3529 2142 3593 Remmia,
2177 3537 2232 3579 et
2266 3532 2331 3580 de
2365 3532 2506 3581 Fatis

1443 3606 1880 3655 Calumniatorum
1932 3606 2030 3655 sub
2075 3608 2507 3672 Imperatoribus,

1442 3684 1821 3747 excussit,quid
1840 3683 2099 3747 sigillatim
2118 3685 2289 3748 Titus,
2306 3686 2507 3744 Nerva,

1442 3766 1498 3808 et
1532 3759 1807 3822 TrsJanus,
1844 3758 1908 3807 de
1946 3759 2127 3823 quihus
2162 3760 2242 3809 hic
2284 3760 2506 3824 loquitur

1444 3834 1665 3895 Plinius,
1699 3837 1753 3883 in
1790 3835 2095 3884 coercendis
2137 3842 2192 3884 et
2237 3835 2510 3897 puniendis

1443 3911 1764 3961 delatoribus
1802 3911 2162 3974 praestiterint.
2211 3912 2359 3959 Titus
2399 3913 2510 3974 qui·

1442 3989 1562 4038 dem
1606 3990 1979 4052 Vespasianus,
2012 3988 2097 4050 qui
2142 3986 2510 4049 appellabatur

1445 4079 1588 4114 amor
1631 4071 1687 4113 et
1740 4064 1979 4113 delicium
2031 4063 2231 4126 generis
2283 4061 2508 4116 humani,

1443 4154 1707 4204 nunquam
1732 4138 1927 4188 dicitur
1950 4139 2015 4187 de
2039 4138 2254 4187 crimine
2274 4138 2510 4199 majesta·

1442 4216 1528 4279 tis,
1561 4215 1700 4281 quod
1737 4216 1860 4264 alias
1892 4213 2228 4276 largissimam
2261 4211 2507 4261 delatori·

1445 4291 1541 4343 bus
1558 4291 1822 4342 materiam
1840 4289 2168 4355 suggerebat,
2188 4288 2509 4353 cognovisse,
