3060 4902
806 353 869 397 C.
917 351 1163 399 Phil-111
1213 351 1543 401 SECUNDI
1596 352 1873 402 PANsso.
1955 357 2006 404 1.

362 490 586 542 teriores
632 491 843 555 syllabae
891 493 942 542 in
985 494 1204 556 quodam
1250 495 1428 544 codice

359 575 575 617 ¹vetusto
599 570 939 632 exoleverint,
963 579 1017 620 ut
1044 579 1244 621 tantum
1270 578 1428 621 trans-

350 644 438 704 fre
477 646 581 708 legi
625 647 871 707 potuerit.
942 648 1111 697 Etiam
1152 649 1427 699 Rhenanus

361 721 531 770 edidit
554 722 847 779 creussen&
880 722 973 771 sed
998 724 1048 771 in
1076 725 1303 784 margine
1338 739 1426 772 no·

363 800 521 861 tavit,
545 802 672 849 alias
697 802 800 864 legi
819 802 1148 861 transfretare,
1166 803 1247 851 vel
1273 809 1427 852 traus-

360 877 453 925 ire.
511 876 629 925 Hoc
656 876 866 927 verbum
890 879 1118 935 transire,
1160 879 1294 941 quod
1317 881 1426 944 pla·

362 952 653 1015 nissimum,
695 961 751 1002 et
795 953 912 1004 huic
963 954 1036 1003 rei
1084 961 1282 1004 tautum
1328 971 1426 1004 non

361 1029 632 1091 proprium
686 1037 784 1091 est,
837 1039 1145 1095 receperunt
1208 1033 1427 1098 Lipsius,

363 1104 691 1168 Bernegger,
717 1107 969 1169 Hackius,
998 1109 1247 1165 Baunius,
1275 1110 1429 1159 Pata·

362 1183 463 1241 rol,
510 1181 671 1243 Ceva,
718 1183 1020 1244 Gesnerus3
1065 1184 1222 1233 nihilo
1259 1187 1426 1236 miuus

359 1257 578 1307 verbum
603 1261 918 1318 transfretare
953 1261 1174 1310 orationi
1202 1276 1425 1327 panegy-

360 1334 485 1383 ricae
510 1335 681 1398 aptius
698 1336 913 1398 judico;
951 1337 1087 1401 quod
1111 1341 1343 1402 quamvis
1375 1341 1426 1388 in

357 1411 625 1461 codicibus
673 1414 801 1462 Mss.
837 1414 923 1478 qui
968 1414 1090 1462 mihi
1135 1416 1426 1473 innotuere,

359 1502 462 1538 non
522 1490 839 1546 inveniatur.
899 1492 973 1540 uti
1016 1506 1113 1541 nec
1165 1493 1426 1544 invenitur

359 1568 605 1625 ἰωνιάν-ες
629 1568 742 1630 jam
767 1575 936 1618 tamen
956 1569 1081 1617 iliud
1114 1571 1312 1620 editum
1336 1588 1425 1635 ap-

359 1642 740 1708 probatumque
763 1651 843 1692 est
868 1659 897 1693 a
923 1645 1044 1693 viris
1068 1646 1288 1702 eximiis,
1325 1648 1423 1697 Ca·

361 1724 557 1773 tauaeo.
591 1718 748 1783 Aldo,
787 1721 971 1782 sunta,
1011 1723 1175 1771 tribus
1202 1725 1424 1787 Stepha-

358 1794 458 1855 nis,
510 1794 766 1858 Gry-phio,
830 1796 1097 1860 Ascensio,
1152 1801 1423 1865 Sicliardo,

361 1869 555 1932 Navio,
595 1870 846 1933 Livineio,
885 1873 1207 1935 Boxhornio,
1255 1878 1422 1927 Cella·

359 1945 456 2007 rio,
500 1947 727 2010 Hearne,
760 1948 1057 1999 Arntzenio.
1142 1952 1260 2001 Nec
1308 1968 1423 2002 ver·

359 2021 479 2071 bum
510 2023 608 2072 ltoc
633 2023 873 2075 abhorret
897 2025 963 2075 ab
985 2040 1080 2074 usu
1108 2029 1204 2075 aevi
1230 2029 1422 2079 Plinia-

358 2098 430 2147 ni.
497 2100 712 2151 Sueton.
738 2101 870 2150 Ces.
891 2117 940 2152 c.
967 2107 1050 2153 ³4.
1084 2102 1101 2130 ‘
1123 2104 1421 2154 Secundum

360 2189 608 2238 superum
636 2190 778 2225 mare
801 2176 1150 2227 Brundusium
1178 2180 1423 2237 tetendit,

356 2264 460 2314 quo
483 2251 740 2313 consules,
760 2253 1162 2317 Pompeiusque,
1179 2255 1423 2319 confuge-

356 2334 494 2387 rant,
550 2329 924 2392 quamprimum
983 2330 1424 2382 transfretaturi.’

357 2404 496 2455 Gen.
543 2405 701 2458 Noct.
756 2405 922 2455 Attic.
969 2419 1026 2456 x.
1069 2411 1150 2456 26.
1203 2408 1422 2460 ‘Asinio

357 2481 605 2544 Pollioni,
643 2483 695 2531 in
736 2482 955 2546 quadam
995 2483 1233 2545 epistola,
1270 2501 1420 2549 qnam

357 2556 421 2605 ad
448 2557 702 2607 Plancum
748 2559 978 2619 scripsit,
1018 2567 1072 2607 et
1112 2560 1419 2622 quibusdam

359 2633 474 2683 aliis
498 2635 557 2684 C.
583 2635 818 2683 Sallustii
844 2635 1033 2698 iniquis
1059 2635 1271 2698 dignum
1299 2648 1421 2689 nota

357 2711 519 2759 visum
545 2718 646 2769 est,
684 2711 819 2777 quod
861 2712 912 2760 in
955 2713 1121 2774 primo
1159 2713 1419 2764 Historia-

356 2801 489 2849 rum,
528 2788 683 2837 maris
724 2788 998 2837 transitum
1045 2791 1420 2841 transmissum·

354 2879 455 2928 que
515 2864 729 2914 navibus
797 2863 1012 2923 factum,
1071 2872 1421 2928 transgressum

354 2941 672 3008 appellavit3
698 2956 909 3004 eosque,
931 2943 1013 3005 qui
1036 2943 1225 2993 fretum
1253 2951 1419 2996 trans·

356 3021 626 3083 miserant,
670 3036 793 3083 quos
834 3021 1166 3078 transfretasse
1199 3024 1301 3073 dici
1339 3041 1418 3074 so·

356 3097 502 3145 litum
549 3105 650 3158 est,
707 3103 1033 3158 transgressos
1077 3097 1250 3147 dixit.'
1318 3102 1419 3149 Eu·

354 3174 556 3222 menius
599 3173 647 3221 in
683 3173 944 3236 Panegyr.
984 3173 1257 3224 Constant.
1283 3175 1418 3239 Aug.

355 3264 405 3298 c.
430 3256 479 3299 7.
514 3258 528 3279 ·
551 3249 630 3296 Ad
674 3257 876 3311 tempus
903 3249 1088 3311 ipsum,
1125 3265 1228 3313 quo
1267 3260 1419 3313 pater

355 3326 407 3374 in
462 3325 780 3374 Britanniam
825 3323 1235 3374 transfretabat)
1304 3329 1418 3376 Nee

355 3416 435 3450 me
461 3411 691 3451 moratur
709 3401 940 3451 additum
967 3402 1091 3450 illud
1112 3417 1297 3452 nomen
1309 3405 1415 3461 sre-

353 3483 438 3535 ca,-
492 3485 618 3542 qnot
660 3477 797 3525 enim
841 3485 960 3525 sunt
1009 3479 1168 3526 verba
1212 3489 1416 3542 neutra,

354 3569 471 3617 quae
510 3555 864 3604 accusativum
890 3563 1127 3616 cognatae
1152 3554 1408 3617 significa-

357 3631 527 3690 tionis,
561 3631 642 3678 vet
685 3643 792 3678 σιω
830 3629 1057 3691 originis,
1095 3630 1415 3680 admittunt?

354 3721 403 3757 v.
437 3722 486 3770 g.
519 3706 728 3769 ‘jurare
771 3705 1092 3754 verissimum
1131 3708 1414 3770 pulcherri-

353 3796 597 3847 mumque
643 3781 1074 3846 jusjurandum,’
1138 3784 1153 3809 ‘
1189 3785 1413 3848 gaudere

352 3857 633 3922 gaudium}
664 3858 680 3884 ⁴
701 3872 930 3921 pugnare
952 3859 1215 3920 pugnam,-'
1249 3863 1264 3888 ‘
1287 3875 1414 3925 pug-

352 3949 475 3984 nare
495 3935 715 3998 praelia,'
734 3940 750 3963 ‘
767 3934 1015 3997 navigare
1033 3936 1244 3999 equod
1267 3942 1279 3965 ⁸
1297 3953 1409 3988 cur·

353 4026 470 4062 rere
493 4014 664 4072 viam,’
695 4019 750 4061 et
786 4011 887 4060 alia
924 4012 1125 4073 generis
1162 4014 1414 4077 ejusdem.

350 4089 515 4138 Putes
556 4085 796 4145 fortasse,
840 4087 1053 4137 verbum
1098 4091 1414 4150 transfretare

351 4179 501 4230 posse
529 4179 739 4229 prorsus
778 4163 977 4222 abesse,
998 4171 1055 4214 ut
1064 4164 1205 4224 freta
1223 4168 1413 4219 obstan·

348 4243 421 4291 tio
456 4241 619 4297 remis,
664 4248 1045 4293 connectantur
1085 4256 1201 4293 cum
1239 4245 1414 4309 verbo,

2053 339 2161 404 82.
2397 342 2571 408 1003

1502 497 1758 546 domitare.
1824 496 1925 546 Sed
1950 498 2077 548 nihil
2101 505 2262 550 muto.
2306 500 2370 549 In
2388 500 2571 551 codice

1506 572 1909 634 salisburgensi,
1932 583 1988 623 et
2013 590 2148 637 meo,
2173 591 2270 626 non
2300 577 2419 641 lego
2431 577 2570 636 freta

1503 648 1761 712 obstantia,
1785 649 1876 699 sed
1888 650 2028 709 freta
2050 653 2302 703 distantia.
2331 653 2570 704 Schwar-

1505 739 1632 773 zius.

1571 803 1708 851 Cn.
1744 816 1967 854 mxxxix.
2014 804 2286 853 Dissimilis
2306 805 2406 869 im]
2440 806 2569 857 Uni-

1505 892 1597 926 cus
1633 879 1797 927 codex
1836 879 2240 943 Salisburgensis
2279 896 2373 943 pro
2408 883 2502 944 iili,
2538 899 2570 934 a

1507 954 1671 1015 prima
1688 970 1840 1005 manu
1860 955 2015 1005 habet
2034 955 2114 1004 ille
2125 971 2145 1012 ‚·
2169 956 2567 1022 haudquaquam

1505 1028 1813 1079 inconcinne
1845 1048 1860 1092 ;
1920 1040 2040 1081 tunc
2095 1032 2231 1081 enim
2287 1032 2568 1097 diceretur,

1508 1105 1753 1160 Quantum
1775 1107 2026 1157 dissimilis
2046 1108 2145 1164 ille,
2168 1108 2368 1158 scilicet
2391 1110 2568 1159 Domi-

1507 1181 1675 1229 tianus
1701 1181 1801 1231 fuit
1823 1183 2078 1247 Trajano!
2143 1186 2221 1233 Ex
2247 1185 2453 1249 vulgata
2478 1201 2568 1235 au·

1507 1263 1608 1306 tem
1639 1259 1862 1309 lectione
1899 1261 2203 1310 invertenda
2237 1269 2313 1310 est
2339 1262 2566 1325 explica-

1506 1334 1597 1390 tio,
1624 1335 1868 1390 Quantum
1905 1337 2151 1386 dissimilis
2186 1345 2267 1388 est
2307 1339 2566 1401 Trajanua

1503 1412 1595 1468 illi.
1637 1412 1835 1462 scilicet
1881 1414 2211 1475 Domitiano;
2245 1415 2332 1479 qui
2377 1429 2566 1478 nempe

1502 1489 1683 1550 palluit
1722 1497 1882 1553 metu,
1917 1506 2033 1539 cum
2072 1491 2153 1538 vel
2190 1491 2563 1554 placidissimas

1501 1562 1692 1613 Albani
1730 1565 2015 1630 Baianique
2062 1567 2204 1615 lacus
2242 1579 2399 1632 aquas
2434 1581 2565 1616 nare

1503 1643 1785 1692 transiret!
1833 1644 1983 1692 Idem.

1566 1719 1746 1768 Albani
1790 1718 1944 1780 lacus]
1981 1720 2136 1768 Lacus
2176 1719 2367 1769 dicitur
2412 1733 2563 1770 omna

1501 1802 1768 1857 perpetum
1790 1804 1845 1842 et
1869 1809 1967 1842 non
1983 1793 2193 1844 fluentis
2214 1810 2361 1859 aquae
2386 1809 2567 1860 recep·

1500 1872 1745 1919 taculum.
1815 1871 1984 1918 Varro
2018 1870 2082 1917 de
2122 1870 2319 1933 Lingua
2345 1871 2462 1920 Lat.
2487 1885 2564 1920 tv.

1498 1952 1548 1995 5.
1582 1952 1596 1976 ⁸
1622 1948 1809 2007 Lacus,
1853 1949 2031 1996 lacuna
2072 1961 2272 2008 magna,
2319 1946 2403 1995 ubi
2427 1961 2564 2011 aqua

1496 2025 1753 2073 contineri
1782 2022 1998 2086 potest.'
2067 2022 2129 2071 In
2161 2036 2370 2071 nemore
2404 2022 2563 2072 Alba-

1498 2115 1566 2148 no
1612 2100 1847 2149 Albanus
1887 2102 2030 2150 lacus
2067 2099 2184 2162 fuit,
2225 2101 2372 2163 cujus
2415 2115 2563 2163 aquae

1498 2177 1886 2225 intumescentis
1940 2176 2176 2238 prodigio
2226 2176 2369 2238 capti
2424 2176 2563 2235 Veii,

1500 2258 1655 2315 prout
1699 2258 1878 2301 narrat
1926 2253 2037 2300 Liv.
2080 2265 2133 2301 v.
2172 2255 2251 2299 19.
2317 2252 2563 2301 Meminit

1497 2330 1650 2393 hujus
1691 2330 1934 2392 Propert.
1960 2343 2045 2377 ιιι.
2069 2333 2154 2380 21.
2183 2329 2198 2356 ‘
2218 2327 2449 2377 Albanus
2488 2330 2561 2377 la·

1498 2422 1609 2467 cus,
1645 2415 1701 2457 et
1738 2408 1863 2458 socii
1907 2406 2244 2457 Nemorensis
2285 2404 2349 2454 ab
2390 2404 2562 2455 unda.’

1499 2486 1735 2550 Uterque
1758 2486 1893 2535 enim
1920 2485 2079 2545 lacus,
2105 2483 2352 2545 Albanus,
2371 2490 2426 2531 et
2450 2484 2558 2532 Ne·

1497 2562 1765 2623 morensis,
1801 2563 1904 2627 qni,
1943 2568 2153 2610 auctore
2178 2560 2379 2620 Servio,
2410 2573 2560 2609 voca·

1497 2645 1582 2686 tus
1614 2647 1695 2686 est
1732 2639 2008 2701 Speculum
2039 2637 2246 2698 Dianae,
2286 2634 2353 2684 ab
2376 2634 2558 2685 iisdem

1496 2715 1675 2762 extitit
1719 2713 1964 2773 fontibus,
2027 2721 2083 2761 ut
2129 2712 2282 2761 docet
2324 2712 2560 2775 Scaliger

1496 2790 1561 2839 ad
1599 2791 1846 2854 Propert.
1917 2790 2054 2839 Vide
2093 2788 2325 2837 Pataroli
2360 2796 2557 2838 notam.

1499 2868 1652 2916 Idem.

1562 2942 1742 2992 Albani
1765 2943 1915 3006 lacus]
1943 2942 2044 2990 Hic
2070 2952 2183 2991 erat
2208 2942 2270 2991 ad
2297 2941 2556 2991 Albanum

1495 3027 1742 3077 montem,
1762 3026 1897 3066 teste
1921 3016 2095 3065 Strab.
2116 3016 2203 3064 lib.
2228 3031 2281 3066 v.
2320 3017 2558 3077 Uterque

1495 3111 1640 3145 mons
1666 3104 1716 3144 et
1758 3096 1919 3155 lacus,
1944 3108 2129 3143 nomen
2164 3093 2349 3143 retulit
2373 3093 2439 3142 ab
2465 3093 2557 3142 At-

1495 3171 1581 3228 ba,
1612 3173 1787 3233 opido,
1825 3170 1890 3219 ab
1930 3169 2054 3218 urbe
2096 3170 2276 3232 procul
2303 3168 2554 3218 milliariis

1493 3248 1704 3296 circiter
1761 3252 1838 3296 12.
1894 3245 2176 3295 secundum
2231 3245 2554 3306 Eutropium.

1497 3325 1823 3373 Domitianus
1863 3323 1934 3370 ibi
1959 3334 2235 3377 secessum,
2272 3327 2285 3348 ⁸
2309 3327 2556 3383 tanquam

1494 3414 1665 3447 arcem
1712 3399 1935 3461 aliquam
1975 3395 2246 3459 elegerat,'
2279 3410 2379 3459 quo
2411 3388 2555 3445 ma'x-

1496 3477 1596 3524 ime
1648 3474 2032 3534 delectabatur,
2078 3482 2213 3522 teste
2262 3474 2452 3528 Dione,
2498 3480 2556 3523 et

1493 3554 1707 3603 Sueton.
1740 3559 1857 3602 cat.
1880 3562 1932 3601 et
1961 3556 2035 3600 19.
2106 3550 2188 3599 Ibi
2220 3552 2553 3615 quinquatria

1492 3632 1744 3680 Minervae
1769 3629 2074 3684 celebravit,
2108 3644 2266 3690 seque
2303 3632 2554 3691 sagittan-

1491 3708 1544 3756 di
1570 3709 1742 3756 studio
1767 3708 2021 3756 exercuit.
2086 3708 2270 3756 Testes
2299 3706 2475 3767 iidem,
2501 3713 2555 3755 et

1491 3786 1723 3835 Martial.
1755 3799 1802 3833 v.
1829 3789 1874 3833 1.
1912 3784 2129 3833 Puturol.

1557 3861 1854 3924 Baianique]
1889 3861 2117 3909 Baianus
2144 3859 2303 3913 lacus,
2335 3872 2423 3904 seu
2452 3857 2553 3906 Lu-

1489 3939 1684 4001 crinus,
1710 3940 1760 3986 in
1800 3938 2046 3986 interiore
2069 3935 2256 3997 aiigulo
2280 3934 2463 3981 Baiani
2489 3935 2553 3984 si·

1489 4031 1605 4077 nus,
1628 4017 1713 4079 qui
1735 4029 1872 4063 nunc
1898 4013 2042 4071 Golfo
2065 4013 2116 4061 di
2142 4013 2389 4070 Pozzuvlo,
2411 4012 2551 4062 Baiis

1488 4092 1769 4152 contiguus
1809 4100 1942 4145 erat,
1985 4096 2121 4138 teste
2156 4088 2331 4137 Strab.
2364 4089 2457 4137 lib.
2501 4104 2552 4141 v.

1493 4168 1752 4216 Delicatis
1791 4166 2019 4230 piscibus
2045 4163 2375 4225 abundabat;
2411 4179 2549 4217 nunc

1490 4258 1592 4294 non
1618 4242 1713 4291 nisi
1754 4243 1900 4307 palus
1936 4249 2035 4300 est,
2060 4239 2348 4306 deperditis
2383 4248 2550 4308 aquis,
