3060 4902
544 375 677 442 696

551 553 684 601 paea,
710 546 931 588 scortum
960 538 1289 603 principale?
1328 540 1514 591 Annal.
1538 557 1611 590 iv.

549 619 630 664 23.
656 616 863 665 ‘liberti
891 617 1104 679 regii‚et
1129 620 1336 667 servilia
1361 619 1614 682 imperia?

549 704 644 753 pro
680 691 906 740 ‘libertis
926 694 1062 755 regis
1082 703 1136 743 et
1161 709 1423 744 servorum
1449 697 1613 759 impe·

548 768 674 818 riis.’
704 769 945 819 Schwarz.

619 846 889 909 Principem
922 848 1082 911 geris]
1119 849 1163 897 1.
1189 865 1234 899 e.
1258 853 1501 916 princeps
1538 868 1612 915 es,

548 923 659 970 sive
687 930 902 985 praestas
939 941 1001 974 ea
1036 942 1151 990 qnae
1195 938 1312 979 sunt
1343 930 1610 994 principis.

553 999 834 1049 Ordinarie
892 1002 1068 1051 dicere
1141 1007 1322 1068 possis,
1376 1010 1391 1034 ‘
1432 1023 1613 1069 gerere

549 1075 951 1139 principatum5’
986 1090 1139 1142 prout
1185 1083 1386 1131 Plinius
1434 1093 1613 1135 noster

548 1155 760 1217 passim,
785 1169 900 1205 cum
928 1159 975 1204 in
1007 1160 1260 1221 epistolis,
1299 1168 1404 1211 tum
1442 1164 1491 1211 in
1516 1166 1613 1215 hoc

550 1231 897 1296 Panegyrico,
942 1233 1095 1296 dixit,
1128 1240 1341 1299 ‘gerere
1378 1243 1614 1290 consula-

550 1314 678 1362 tum,
706 1311 1142 1369 proconsulatum,
1164 1314 1501 1377 tribunatum,
1524 1318 1612 1367 ho·

548 1395 722 1442 nores,
774 1385 1140 1447 magistratus!
1204 1391 1304 1438 Sed
1351 1393 1448 1439 hoc
1498 1394 1613 1442 loco

550 1458 684 1507 dixit
715 1463 935 1522 ‘gerere
967 1465 1253 1528 principem
1276 1466 1309 1529 ;'
1343 1470 1477 1518 sicut
1523 1472 1614 1520 ali·

550 1534 625 1595 bi,
661 1537 675 1563 ‘
699 1551 854 1599 agere
882 1539 1161 1597 tribunum,
1198 1546 1481 1607 consulem,
1520 1547 1613 1594 du-

550 1625 682 1666 cem,
709 1614 961 1663 matrem.’
1028 1617 1107 1665 De
1131 1635 1228 1681 qua
1253 1620 1467 1670 formula
1495 1624 1613 1673 vide

549 1704 708 1751 snpra
731 1690 793 1738 ad
822 1706 872 1753 p.
895 1695 1010 1741 448.
1051 1695 1371 1752 Buchnerus‚
1400 1701 1449 1748 in
1475 1702 1612 1750 notis

551 1766 613 1813 ad
643 1767 781 1815 Plin.
818 1768 985 1829 Epist.
1009 1784 1135 1820 vni.
1179 1777 1256 1820 14.
1296 1775 1614 1834 observavit,

549 1843 808 1905 poeticam
854 1860 967 1895 esse
1014 1848 1270 1909 ejusmodi
1326 1852 1614 1910 formulam,

548 1920 767 1981 ‘gerere
809 1921 1162 1984 principem3'
1227 1935 1379 1988 prout
1427 1945 1614 1994 nempe

550 1996 824 2046 Claudian.
876 1997 941 2047 de
988 2013 1062 2048 iv.
1103 2004 1257 2052 Cous.
1304 2006 1502 2056 Honor.
1543 2026 1613 2057 vs.

557 2078 674 2124 294.
709 2077 922 2132 cecinit,
959 2079 1063 2126 ‘'l'u
1103 2081 1292 2129 civem'
1314 2095 1614 2149 patremque

550 2152 736 2214 geras!
817 2154 1017 2203 Seneca
1057 2157 1106 2205 in
1152 2159 1341 2208 Troad.
1388 2178 1461 2212 vs.
1500 2168 1613 2213 714.

546 2229 811 2279 ‘Excidat
851 2231 1086 2294 nectum
1134 2250 1257 2296 gere
1299 2240 1615 2300 captivum,'

550 2304 585 2353 i.
636 2320 683 2355 e.
727 2308 931 2370 depone
986 2310 1210 2359 indolem
1262 2312 1524 2372 Hectoris,
1561 2324 1614 2365 et

550 2397 675 2442 gere
718 2390 768 2431 te
811 2399 949 2433 more
979 2389 1193 2449 captivi.
1264 2391 1447 2440 Florus
1486 2407 1525 2441 1.
1563 2399 1611 2444 9.

551 2463 857 2519 pronomine
894 2471 907 2492 ‘
928 2479 981 2512 se
1004 2464 1018 2485 ’
1053 2468 1279 2517 adscito:
1319 2472 1332 2495 ‘
1357 2472 1498 2533 Lupa
1527 2503 1540 2516 .
1561 2505 1574 2519 .
1599 2507 1611 2520 .

548 2544 765 2583 matrem
815 2552 870 2586 se
917 2542 1112 2601 gessit.’
1199 2545 1448 2595 Similiter
1494 2550 1614 2599 vai.

550 2610 693 2659 Max.
741 2626 823 2660 rx.
872 2618 916 2660 1.
973 2619 1020 2663 9.
1108 2619 1331 2668 Catilina
1388 2624 1611 2675 ‘eodem

549 2683 740 2732 deinde
773 2687 939 2735 animo
973 2690 1139 2740 civem
1181 2709 1235 2741 se
1271 2711 1472 2757 gerens,
1511 2716 1613 2764 qno

550 2767 751 2821 patrem
793 2762 1007 2824 egerat.'
1075 2767 1361 2833 Uirumque
1400 2776 1610 2825 verbum

550 2835 820 2897 conjunxit
845 2838 961 2886 Val.
977 2841 1118 2889 Max.
1139 2854 1193 2894 ut
1221 2861 1517 2913 appareret,
1539 2853 1612 2900 in-

549 2911 881 2962 differentem
909 2918 1176 2983 utriusque
1202 2938 1310 2971 esse
1337 2941 1502 2975 usum.
1562 2930 1614 2978 Ι·

548 2989 667 3037 dem
691 2991 809 3038 Val.
828 2993 970 3041 Max.
1001 3008 1099 3044 vn.
1124 3002 1170 3045 7.
1190 2999 1204 3024 ‘
1223 3000 1394 3050 Multo
1420 3007 1482 3055 Q.
1502 3007 1616 3055 Me-

552 3068 705 3115 tellus
732 3078 1004 3131 praetorcm
1028 3073 1274 3124 urbanum
1302 3083 1614 3132 severiorem

548 3146 676 3207 egit.
716 3163 865 3210 qnam
909 3152 1124 3199 Orestes
1161 3158 1432 3214 gesserat!
1507 3163 1614 3209 Ob·

556 3232 732 3271 servat
773 3225 1007 3272 Gronov.
1039 3229 1268 3282 Obs.1v.
1312 3238 1388 3282 14.
1431 3251 1479 3296 p.
1501 3242 1614 3287 227.

548 3298 758 3347 codices
785 3300 913 3348 Mss.
938 3303 987 3350 in
1013 3304 1087 3351 liis
1112 3305 1309 3357 duobus
1338 3312 1449 3359 vai.
1468 3315 1614 3365 Max.

548 3374 673 3422 locis
719 3388 999 3437 pronomen
1054 3396 1104 3429 se
1159 3391 1303 3435 recte
1363 3391 1614 3440 omisisse.

548 3449 719 3500 Aliter
754 3453 849 3502 hoc
885 3457 1132 3519 exprimit
1160 3461 1271 3509 Cic.
1305 3477 1397 3526 pro
1425 3467 1617 3518 Archia

548 3540 662 3589 cap.
690 3534 736 3575 5.
768 3532 784 3558 ‘
810 3531 894 3578 Ita
929 3546 985 3580 se
1018 3533 1128 3594 jam
1170 3544 1275 3585 tum
1318 3543 1477 3600 gessit
1520 3561 1613 3607 pro

547 3604 696 3652 cive—,⁹
764 3606 898 3654 Item
926 3608 1073 3657 Curt.
1100 3624 1176 3658 tv.
1199 3616 1275 3660 16.
1300 3619 1378 3662 28.
1401 3623 1414 3642 ‘
1440 3618 1612 3671 Dubio

549 3680 716 3730 adhuc
751 3696 935 3744 pugnae
964 3694 1172 3742 eventu,
1217 3703 1308 3750 pro
1335 3693 1533 3743 victore
1557 3713 1613 3746 se

550 3757 743 3822 gessit!
796 3758 962 3808 Aliam
989 3762 1249 3813 notionem
1277 3767 1393 3816 lmic
1419 3770 1613 3823 formu-

551 3835 612 3883 1ae
651 3837 835 3886 tribuit
876 3839 1135 3900 Sulpicius
1173 3842 1420 3909 Severus,
1470 3849 1612 3902 Hist.

548 3912 694 3962 Sacr.
718 3929 782 3962 ιι.
802 3919 883 3963 37.
907 3922 920 3943 ⁶
942 3915 1122 3964 Ariani
1162 3920 1429 3982 perfidiam
1469 3942 1611 3979 suam

551 3992 919 4052 occiiltabaut3
948 4027 960 4040 .
978 4026 991 4039 .
1012 4028 1023 4040 .
1045 3996 1323 4047 catholicos
1363 4017 1420 4050 se
1465 4021 1612 4068 gere.

548 4064 718 4129 bant,’
751 4069 852 4118 i.e.
881 4070 1164 4120 catholicos
1197 4079 1371 4137 specie
1407 4081 1612 4132 simula·

550 4142 706 4192 tionis
731 4159 787 4194 se
806 4148 1158 4196 ostentabant.
1191 4151 1343 4203 Idem.

616 4221 865 4271 Meliorem
885 4223 1051 4287 immo]
1085 4226 1145 4274 In
1173 4242 1289 4279 meo
1315 4232 1495 4284 codice
1516 4251 1611 4300 pro

546 4295 665 4361 imo,
690 4297 939 4361 scriptum
966 4306 1043 4352 est
1067 4317 1156 4352 imo
1171 4320 1194 4365 ,·
1227 4320 1342 4370 quae
1387 4312 1610 4368 varietas

1238 398 1454 445 NOTAE
1507 398 1917 449 VARIORUM
1971 400 2051 449 IN

1688 540 1846 591 facile
1874 545 2111 593 accidere
2129 546 2296 609 potnit
2311 561 2374 596 ex
2395 554 2576 598 vetere
2592 549 2756 613 scrip·

1691 627 1826 680 tura,
1866 623 1952 669 ubi
1996 624 2146 671 litera
2182 625 2218 685 i,
2254 625 2395 673 nullo
2435 634 2627 686 puncto
2673 644 2755 676 su·

1691 712 1848 760 perne
1874 700 2063 761 posito,
2087 701 2321 762 insigniri
2347 704 2642 752 consuevit.
2673 706 2753 753 De

1688 776 1837 823 simili
1858 778 2153 839 corruptela
2179 778 2332 841 liujus
2355 780 2496 828 vocis
2531 780 2649 829 vide
2672 796 2755 830 sn·

1689 866 1802 915 pra,
1829 868 1879 915 p.
1903 858 2016 901 534.
2053 856 2203 906 Idem.

1754 930 1916 978 Aliam
1936 933 2213 997 precabare]
2232 933 2411 984 Tacit.
2432 934 2482 983 in
2502 934 2754 987 Oratione

1690 1007 1897 1068 Galbae,
1947 1011 2303 1060 ‘Utilissimns
2341 1012 2480 1063 idem
2520 1029 2582 1063 ac
2640 1015 2754 1063 bre·

1693 1086 1925 1134 vissimus
1944 1086 2191 1138 bonarum
2212 1092 2560 1155 malarumque
2585 1105 2752 1141 rernm

1691 1162 1935 1222 dilectus,
1959 1165 2217 1227 cogitare,
2248 1167 2371 1231 qnid
2413 1175 2503 1216 aut
2526 1169 2756 1218 nolueris

1689 1238 1784 1287 sub
1810 1240 1909 1287 alio
1934 1242 2189 1304 principe,
2208 1252 2297 1293 ant
2323 1243 2582 1293 volueris.’
2621 1246 2756 1310 Lips.

1759 1317 2054 1380 Precabare]
2103 1320 2368 1369 Precabere
2407 1321 2538 1371 edit.
2588 1322 2753 1372 Rnen.

1690 1393 1780 1440 scd
1804 1395 2056 1455 precabare
2080 1396 2146 1444 H.
2168 1397 2350 1461 steph.
2385 1397 2560 1446 Faber.

1754 1470 2043 1533 precabare]
2096 1473 2361 1522 Maecenas
2398 1474 2537 1537 apud
2589 1476 2744 1526 Dion.

1691 1546 1778 1592 lib.
1803 1561 1898 1595 ιιι.
1940 1561 1990 1610 p.
2018 1553 2131 1597 564.
2164 1551 2249 1600 ‘si
2287 1550 2398 1601 haec
2441 1561 2532 1601 tua
2567 1562 2754 1616 sponte

1691 1626 1876 1685 egeris,
1902 1642 2015 1690 quae
2046 1629 2204 1677 velles
2230 1628 2384 1678 alium
2420 1629 2472 1679 in
2500 1638 2553 1678 te
2589 1631 2751 1694 impe-

1692 1701 1823 1750 rinm
1869 1702 2140 1751 habentem
2188 1719 2366 1768 agere,
2410 1707 2549 1755 nulla
2596 1707 2648 1755 in
2696 1722 2753 1755 re

1692 1776 1970 1838 peccabis!
2052 1778 2366 1837 Hadrianus,
2413 1782 2627 1830 ‘Talem
2673 1795 2753 1831 me

1695 1856 1956 1915 praestabo
1996 1857 2232 1919 privatis,
2270 1859 2471 1922 qualem
2517 1866 2752 1923 optarem

1693 1930 1805 1991 ipse
1830 1931 2102 1993 privatus.’
2137 1933 2291 1980 Bern-

1760 2009 1875 2055 Tam
1898 2008 1995 2070 eui]
2050 2010 2278 2059 Virtutis
2303 2024 2513 2059 snmmae
2540 2018 2665 2068 ωε»,
2699 2019 2754 2061 et

1694 2085 2002 2147 prudentiae.
2041 2087 2175 2149 Lips.

1760 2162 1874 2209 Tam
1901 2163 2098 2222 ignarus
2119 2164 2216 2226 sui]
2242 2164 2344 2215 Qui
2368 2163 2433 2212 ad
2458 2170 2509 2213 te
2534 2178 2636 2212 non
2664 2179 2754 2228 po·

1693 2244 1794 2286 test
1815 2239 2084 2287 accedere.
2125 2241 2271 2288 Idem.

1758 2314 1932 2361 Locum
1956 2314 2133 2377 ipsum]
2167 2315 2429 2363 Livineius
2474 2330 2504 2365 e
2547 2318 2752 2380 conjec-

1691 2395 1810 2437 tura
1845 2393 1891 2438 in
1934 2395 2166 2454 margine
2204 2392 2446 2442 editionis
2468 2409 2575 2442 snae
2607 2404 2749 2444 nota·

1692 2480 1790 2526 rat,
1827 2487 1917 2534 pro
1945 2486 2068 2519 voce
2093 2474 2261 2535 ipsum,
2302 2470 2441 2522 forte
2474 2475 2749 2536 legendnm

1690 2548 1852 2596 isium.
1923 2547 2074 2596 Hanc
2113 2551 2493 2599 correctionem
2520 2551 2750 2601 adscive-

1692 2634 1810 2672 runt
1839 2625 2059 2686 Lipsius,
2085 2625 2345 2689 Graevius,
2370 2627 2600 2685 Hearne,
2619 2628 2750 2678 Ges·

1692 2717 1869 2764 nerus,
1894 2717 2114 2766 eamque
2149 2701 2310 2752 refert
2336 2705 2477 2768 prior
2508 2706 2668 2757 Gudii
2694 2708 2754 2756 li·

1693 2778 1801 2826 ber.
1874 2778 2206 2828 Admisissem
2233 2789 2286 2829 et
2313 2781 2441 2842 ipse.
2461 2782 2558 2831 nisi
2583 2783 2749 2833 ceteri

1690 2857 1808 2903 libri
1851 2869 2027 2903 omnes
2067 2857 2220 2918 ipsum
2251 2864 2517 2906 tueantur.
2585 2860 2750 2908 Locus

1692 2941 1862 2981 autem
1905 2933 2022 2992 iste,
2062 2933 2126 2981 de
2167 2948 2267 2996 quo
2314 2934 2544 2998 loquitur
2587 2937 2750 2985 Plini-

1691 3023 1766 3063 us,
1805 3016 1884 3055 est
1925 3008 2238 3072 principatus
2275 3010 2478 3072 imperii
2519 3010 2754 3061 Romani.

1693 3088 1937 3136 Schmun-z.

1760 3167 1941 3226 Possit,
1977 3180 2114 3228 qaam
2149 3170 2202 3213 at
2243 3165 2385 3229 velit]
2427 3166 2644 3216 Tacitus
2685 3166 2751 3216 de

1690 3243 1878 3290 Pisone
1906 3243 2047 3291 Hist.
2075 3256 2109 3292 ι.
2131 3246 2211 3291 17.
2247 3245 2263 3271 ⁸
2286 3244 2466 3291 Sermo
2500 3259 2627 3307 erga
2661 3258 2749 3308 pa·

1690 3325 1819 3366 trem
1848 3320 2311 3382 imperatoremque
2330 3332 2593 3382 reverens,
2608 3321 2673 3369 de
2691 3334 2749 3370 se

1687 3396 2016 3457 moderat11s3
2072 3393 2217 3457 quasi
2265 3395 2525 3456 imperare
2571 3403 2752 3461 posset

1687 3474 1865 3531 magis,
1886 3486 2038 3536 quain
2064 3469 2259 3521 vellet.'
2307 3471 2457 3520 Idem.

1760 3551 1825 3597 Ut
1846 3549 1985 3611 velie]
2006 3548 2220 3610 Sapiens
2236 3547 2444 3610 quidem
2460 3563 2476 3609 ς
2499 3562 2618 3598 nam
2634 3560 2747 3600 sne·

1686 3626 1873 3675 cedere
1912 3626 2095 3688 aliquis
2135 3630 2311 3686 potest
2342 3631 2397 3674 et
2429 3623 2622 3688 debet3
2655 3641 2750 3690 par

1686 3718 1821 3763 esse,
1856 3712 1947 3752 aut
1983 3701 2165 3750 similis
2199 3702 2378 3758 etiarn,
2413 3713 2515 3751 non
2553 3711 2748 3767 potest·

1686 3781 1748 3828 Li
1783 3796 1823 3827 s.

1750 3796 1932 3904 §lolem
1953 3858 2115 3918 sponte
2136 3854 2326 3918 subeat]
2360 3856 2515 3906 Moles
2536 3872 2748 3910 numero

1686 3934 2030 3982 multitudinis
2087 3932 2338 3995 scriptum
2384 3940 2463 3982 est
2520 3935 2572 3983 in
2630 3935 2747 3987 eod.

1687 4012 1861 4059 Vatic.
1895 4018 1948 4058 et
1983 4008 2364 4072 Giielplterbyt.
2398 4022 2460 4058 nc
2482 4011 2750 4064 venet-2·

1682 4088 1911 4146 Scilicet,
1968 4092 2240 4148 postquam
2297 4084 2490 4141 denuo,
2534 4093 2749 4151 propter

1682 4165 1806 4213 alios
1845 4162 2063 4217 labores,
2101 4160 2289 4225 quibus
2327 4161 2614 4226 impeditus
2651 4163 2748 4225 fui,

1682 4255 1853 4289 rursus
1888 4253 2045 4302 snpra
2077 4251 2267 4286 annum
2300 4245 2562 4287 cessatum
2588 4246 2670 4288 est
2696 4240 2749 4289 in

1680 4318 1777 4370 boc
1810 4330 1972 4382 opere
2005 4313 2366 4380 imprimendo}
2389 4315 2595 4366 interea
2611 4317 2749 4369 acci·
