3060 4902
749 362 813 410 G.
861 360 1102 410 Palm!
1152 359 1486 409 ssscuum
1542 361 1815 411 PANEG.

328 502 481 553 Acad.
504 503 708 556 Quaest.
730 518 802 555 ιν.
826 508 912 555 22.
952 505 968 534 ⁸
993 505 1065 554 Ut
1090 504 1144 560 ii,
1166 503 1253 571 qui
1278 503 1376 554 snb

322 582 445 630 nnbe
467 582 625 631 solem
644 596 746 631 nou
768 580 972 641 ferunt3
995 582 1119 630 item
1140 582 1375 645 ille,cnm

324 666 577 714 estuaret.
612 667 670 709 nt
710 659 1106 719 Menianornm,
1138 660 1211 709 sic
1241 659 1373 708 Aca-

322 735 645 791 demicorum.
661 737 895 786 umbram
912 745 1118 787 secutus
1132 737 1248 785 est.'
1276 738 1375 786 Ve-

322 826 448 872 rum,
471 813 521 860 in
546 814 644 862 lioc
683 813 837 861 Plinii
873 813 987 862 loeo
1023 813 1371 862 duriusculum

322 889 530 944 videtur,
564 891 607 938 si
647 900 766 954 post
803 891 1012 938 verbnm
1036 891 1230 951 accidit,
1255 892 1394 960 aim·¹

322 966 435 1028 plex
473 968 729 1029 particula
766 974 959 1029 amnon
999 983 1090 1031 pro
1129 970 1371 1033 conjunc·

320 1045 436 1107 tin,
457 1044 547 1094 sed
569 1059 664 1108 pro
682 1046 1050 1107 comparativa,
1065 1048 1370 1108 accipiatur.

319 1124 384 1172 Et
403 1123 576 1185 quidni
603 1131 728 1173 tune
751 1124 964 1181 Plinius,
979 1125 1049 1171 rad
1074 1124 1370 1173 evitandam

318 1200 719 1262 ambiguitatem,
743 1216 838 1263 pro
855 1208 928 1261 ιιι,
952 1205 1204 1264 posuisset
1229 1202 1372 1259 sicut,

319 1278 394 1327 vei
414 1280 816 1341 quemadmodum,
839 1280 920 1328 vei
937 1281 1085 1329 aliam
1113 1280 1258 1341 liujus
1284 1295 1370 1340 ge·

316 1356 446 1403 neria
472 1358 809 1416 particulam?
857 1358 1052 1408 Quales
1088 1371 1212 1406 vero
1251 1370 1370 1418 par·

317 1428 483 1477 tirnloe
525 1430 579 1479 in
626 1432 768 1481 nullo
821 1432 951 1480 libro
1009 1430 1369 1480 observantur.

317 1505 531 1570 Deinde,
555 1522 652 1557 nec
682 1523 892 1558 necesse
922 1514 1020 1563 est,
1044 1516 1225 1556 contra
1250 1520 1369 1555 con·

311 1595 506 1632 sensnm
529 1586 757 1636 omnium
788 1586 1033 1634 librorum
1060 1585 1123 1632 de
1148 1583 1369 1647 quadam

312 1659 453 1722 hujus
512 1663 615 1712 loci
675 1663 1043 1712 emendatione
1103 1662 1368 1722 cogitare:

314 1746 602 1801 propterea,
646 1739 782 1803 quod
828 1738 1149 1802 comparatio
1210 1738 1369 1784 etiam

313 1812 415 1862 sine
436 1814 630 1878 duplici
656 1816 914 1878 particula
938 1812 1289 1875 comparativa
1313 1810 1368 1859 fi·

313 1890 384 1938 eri
409 1901 600 1953 potest.
632 1893 862 1942 Similem
884 1890 1125 1954 loquendi
1151 1888 1369 1938 formam

311 1966 361 2015 in
404 1968 555 2017 simili
602 1977 909 2030 argumento
953 1982 1111 2031 supra
1157 1980 1280 2015 νιιι.
1325 1970 1370 2013 1.

310 2044 798 2095 animadvertimus:
855 2045 989 2093 ‘Est
1034 2044 1145 2092 lure
1189 2049 1372 2090 natura

309 2120 573 2176 sideribus,
602 2129 660 2171 nt
686 2136 842 2185 parva
878 2128 933 2170 et
968 2121 1123 2170 exilia
1161 2118 1373 2167 validio-

307 2210 413 2246 rnm
447 2198 593 2246 sidus
628 2199 905 2248 obscuret:
940 2197 1173 2245 similiter
1213 2197 1371 2256 impe·

307 2277 487 2325 tatoris
532 2278 765 2327 adventu
811 2278 1096 2340 legatorum
1143 2274 1370 2336 dignitas

305 2350 662 2404 inumbratur.'
728 2355 911 2415 Vides,
953 2355 1109 2400 etiam
1150 2351 1254 2409 liic,
1295 2353 1371 2408 ut,

305 2438 539 2496 tauquam
581 2432 1025 2496 conjunctionem,
1067 2426 1370 2492 praecedere

303 2520 559 2572 comparat
571 2511 737 2558 ionem
756 2527 772 2572 ;
804 2518 858 2558 et
879 2517 1076 2560 tantum
1097 2507 1240 2570 sequi
1262 2505 1370 2554 uni·

301 2599 409 2635 cam
433 2587 741 2649 particulam
762 2588 1184 2648 comparativam,
1203 2590 1217 2611 ‘
1233 2582 1371 2629 simi-

302 2661 453 2719 liter.’
478 2679 578 2725 pro
604 2679 704 2727 qua
732 2663 929 2710 Plinius
955 2662 1117 2709 hocin
1145 2661 1258 2708 loco
1283 2674 1364 2708 ea·

301 2738 416 2788 dem
441 2741 659 2789 notione
687 2739 854 2802 posuit
879 2738 1008 2787 ilem.
1045 2737 1210 2785 Idem.

366 2816 573 2865 Tantam
596 2815 764 2878 etiam]
816 2813 1223 2865 Quatuordecim
1260 2811 1368 2860 edi·

301 2892 485 2954 tiones,
511 2907 644 2956 qttas
671 2893 887 2947 contuli,
907 2891 1098 2939 habeut
1126 2896 1259 2939 tanto
1279 2890 1369 2938 eli·

295 2984 388 3019 em.
456 2970 528 3019 At
546 2975 735 3018 lentim
752 2969 897 3018 etiam
919 2967 1170 3016 exhibent
1193 2981 1371 3015 omnes

297 3047 514 3096 codices
545 3047 679 3095 Mes.
714 3054 770 3095 et
809 3045 861 3094 in
909 3044 1050 3093 libris
1095 3044 1373 3106 impressis,

297 3125 645 3187 Puteolanus,
686 3125 991 3179 Beroaldus,
1029 3123 1215 3185 Aldus,
1245 3125 1370 3173 Cus-

296 3204 552 3266 pinianns,
568 3202 863 3257 Rhenanus,
877 3201 1225 3261 Philoninsns,
1239 3200 1273 3252 J
1280 3215 1368 3249 nn·

294 3287 367 3339 ια,
404 3280 676 3344 Gryphius
720 3292 802 3326 an.
850 3282 996 3328 1642.
1044 3278 1262 3339 Navius,
1308 3279 1370 3327 R.

290 3357 616 3421 Stephanus,
649 3356 934 3418 Livineius,
975 3354 1269 3416 sichardus,
1309 3370 1369 3404 ac

292 3448 430 3483 nune
475 3432 818 3493 Arutzenius,
851 3439 905 3480 et
933 3432 1233 3480 Gesnerus:
1272 3431 1369 3479 nisi

290 3512 432 3577 qnod
457 3512 509 3559 in
536 3524 651 3558 meo
674 3508 877 3570 codiee,
896 3522 987 3571 pro
1003 3514 1190 3556 lantum
1204 3507 1371 3570 etiam,

289 3590 548 3651 scriptum
587 3595 668 3636 est
700 3593 885 3637 tantum
916 3591 1003 3645 et,-
1036 3595 1086 3634 et
1114 3587 1165 3635 in
1187 3587 1369 3635 codice

287 3666 678 3729 salisburgenni
707 3665 964 3728 particula
982 3665 1147 3719 etiam,
1172 3664 1280 3711 sive
1303 3668 1368 3718 el,

287 3757 509 3807 prorsus
544 3743 734 3791 omissa
769 3746 867 3790 est.
933 3742 1018 3789 Sic
1052 3755 1173 3789 vero
1196 3745 1370 3801 quanto

286 3829 342 3871 et
378 3827 574 3870 natum
605 3819 765 3868 etiam
798 3818 921 3866 alibi
958 3826 1368 3881 componuntur-3

286 3911 335 3947 v.
362 3912 413 3960 g.
441 3896 585 3960 apud
613 3896 729 3944 Liv.
752 3908 829 3943 vt.
849 3899 930 3944 88.
981 3898 996 3922 ⁴
1018 3894 1367 3957 Quantojnre

283 3976 560 4038 potentior
604 3972 909 4023 intercessio
970 3980 1106 4029 erat.
1164 3979 1365 4021 tantum

284 4052 602 4101 vincebatur
653 4048 834 4097 favore
878 4049 1049 4111 legum
1095 4048 1366 4113 ipsarum!

282 4131 350 4179 Et
374 4129 524 4192 apud
540 4127 709 4176 Tacit.
732 4126 922 4176 Annal.
952 4142 1012 4176 ιι.
1036 4132 1118 4176 24.
1152 4131 1166 4155 ⁴
1189 4127 1364 4177 Quan-

281 4214 339 4254 ιο
359 4207 647 4253 violentior
670 4211 851 4252 cetero
869 4204 996 4251 mari
1022 4204 1283 4264 Oceanus,
1308 4211 1364 4254 et

282 4281 615 4332 truculentia
643 4279 761 4331 cmii
799 4286 1015 4343 proestat
1049 4279 1361 4343 Germani-3

1897 366 1942 410 1.
1988 349 2097 413 61.
2391 352 2522 418 839

1455 511 1654 554 tantum
1678 506 1767 556 illa
1791 507 1962 557 clades
1993 509 2224 559 novitate
2249 516 2304 558 et
2329 513 2523 574 magni·

1454 584 1633 632 tudine
1657 587 1919 633 excessit-⁹
1985 586 2134 635 Dixit
2158 601 2280 636 vero
2300 588 2523 651 Plinius,

1447 660 1581 710 istos
1605 664 1843 711 consules
1877 665 2033 713 tertio
2070 664 2262 727 factos,
2288 672 2341 715 et
2364 667 2523 715 colie-

1452 753 1541 801 gas
1569 740 1864 788 consulatus
1900 758 1928 790 a
1960 743 2186 803 Trajano
2223 743 2466 806 adscitos,
2491 759 2522 794 a

1452 830 1545 862 sua
1569 816 1923 875 magnitudine
1958 817 2119 866 videri
2155 819 2523 882 descendisse;

1451 898 1506 940 ut
1529 893 1849 953 ostenderet,
1873 909 2079 958 semper
2100 898 2290 944 salvam
2312 899 2523 946 mansis·

1450 983 1504 1016 se
1532 970 1851 1032 majestatem
1885 972 2122 1036 Trajani,
2151 975 2250 1021 etsi
2288 975 2519 1036 privatos

1449 1045 1575 1093 istos
1621 1059 1713 1107 per
1753 1047 2003 1109 ejusmodi
2050 1049 2269 1097 honores
2316 1048 2521 1099 delatos

1448 1120 1547 1169 sibi
1586 1136 1792 1185 aequare
1828 1123 2082 1185 voluerit;
2115 1125 2356 1188 qnoniam
2391 1127 2517 1175 Tra·

1437 1199 1564 1261 jano
1588 1201 1874 1261 comparati
1902 1201 2055 1250 nihilo
2076 1202 2243 1251 minus
2265 1217 2519 1266 apparue-

1450 1276 1557 1323 rint
1582 1274 1873 1324 inferiores.
1910 1277 2060 1326 Idem.

1518 1353 1723 1400 Tantum
1760 1353 1926 1416 eliam]
1978 1354 2131 1403 Tanto
2166 1355 2312 1405 eliam
2348 1357 2409 1405 C.
2447 1355 2516 1405 G.

1446 1428 1611 1478 Licin.

1519 1506 1641 1553 Cum
1664 1507 1829 1570 velles]
1863 1509 1963 1556 Ter
1985 1510 2223 1558 consules
2248 1516 2420 1558 tecum
2443 1508 2516 1558 fa·

1447 1583 1651 1632 ciendo.
1685 1585 1820 1647 Lips.

1513 1661 1573 1708 Iu
1610 1664 1737 1710 edito
1765 1662 2024 1725 collocasti]
2061 1663 2174 1712 Le.
2211 1662 2261 1711 in
2296 1664 2517 1712 altarum

1447 1736 1759 1799 dignitatum
1811 1739 2025 1799 gradum
2088 1741 2388 1802 provexisti.
2454 1741 2516 1789 ln

1446 1813 1631 1862 codice
1669 1815 2047 1875 Salis-burgensi
2093 1831 2122 1862 a
2163 1817 2328 1877 prima
2364 1830 2516 1865 mann

1442 1892 1692 1954 scriptum
1715 1898 1828 1939 erat
1848 1892 1896 1940 in
1918 1891 2069 1940 edicto
2086 1893 2356 1951 collocasti5
2378 1892 2515 1957 quod

1446 1981 1568 2015 vero
1593 1967 1831 2016 mendum
1858 1968 1923 2016 ab
1949 1969 2049 2016 alia
2087 1982 2239 2017 manu
2274 1968 2519 2019 emenda-

1446 2050 1553 2093 tum
1580 2052 1676 2093 est.
1744 2045 2036 2095 Annotavit
2068 2045 2398 2103 Arntzeuius,
2423 2047 2519 2095 eti·

1444 2135 1523 2168 am
1551 2136 1577 2168 a
1605 2120 1856 2184 Grypliio,
1890 2137 1983 2182 pro
2006 2123 2375 2177 edim-editum
2404 2138 2518 2173 esse

1443 2198 1627 2252 edictu
1662 2197 1752 2244 sed
1779 2199 1828 2246 in
1856 2207 2073 2261 utraque
2117 2198 2342 2247 editione
2381 2199 2516 2264 Gry-

1448 2276 1650 2336 phinon,
1674 2289 1773 2336 qua
1799 2284 1936 2334 ntor,
1960 2290 2110 2338 mque
2139 2291 2197 2325 ac
2220 2277 2269 2324 in
2298 2279 2517 2326 Cratan-

1447 2351 1525 2398 dri
1552 2361 1606 2408 et
1633 2352 1865 2400 Siciiardi
1886 2354 2283 2414 exemplaribus,
2304 2355 2515 2403 eviden-

1447 2435 1527 2478 ter
1559 2441 1860 2489 expressum
1886 2437 1987 2491 est,
2008 2431 2061 2479 in
2096 2431 2225 2479 edito
2248 2432 2345 2480 ioco
2377 2434 2515 2482 collo-

1444 2505 1607 2564 cast1'5
1641 2505 1727 2554 ubi
1753 2508 1933 2556 saltem
1959 2509 2188 2557 notanda
2210 2519 2290 2558 est
2318 2511 2405 2558 illa
2431 2525 2514 2559 ac·

1444 2583 1606 2634 cessio
1631 2584 1850 2632 nominis
1872 2586 1984 2632 loco.
2052 2585 2168 2635 Jam
2195 2585 2400 2648 quidem
2427 2601 2514 2635 ne·

1446 2675 1527 2709 mo
1554 2662 1843 2724 negaverit,
1883 2661 1979 2711 hoc
2019 2662 2337 2726 adjectivum
2376 2664 2513 2713 ‘edi-

1447 2737 1591 2798 tum,’
1610 2754 1669 2786 ex
1698 2740 1977 2802 participio
1999 2739 2213 2796 factum,
2237 2741 2370 2789 hand
2397 2757 2515 2792 raro

1445 2829 1563 2862 cum
1588 2815 1879 2863 nominibus
1912 2815 2249 2864 substantivis
2275 2818 2512 2880 conjungi

1445 2892 1651 2952 solere;
1704 2899 1760 2940 ut
1806 2892 1942 2955 apud
1987 2894 2098 2942 Cic.
2132 2894 2284 2942 Verr.
2320 2909 2396 2943 ιν.
2432 2901 2516 2947 48.

1447 2974 1459 2996 ‘
1479 2967 1575 3015 Est
1601 2967 1716 3016 loco
1742 2970 1989 3030 praecelso
2015 2977 2171 3031 atque
2191 2969 2371 3029 edito;
2410 2986 2513 3034 qno

1446 3043 1496 3090 in
1533 3058 1730 3091 summo
1766 3052 1845 3091 est
1878 3051 2081 3106 aequata
2104 3046 2213 3106 agri
2242 3046 2514 3107 planities.¹

1447 3122 1517 3171 Et
1550 3120 1687 3184 apud
1724 3123 1920 3184 Nepot.
1945 3122 2133 3185 Dione,
2163 3138 2211 3172 c.
2242 3129 2316 3173 lo.
2350 3133 2364 3152 ⁶
2384 3126 2511 3175 Cum

1445 3211 1499 3247 se
1525 3199 1665 3246 Dion
1691 3198 1825 3246 domi
1868 3206 2096 3256 teneret,
2132 3209 2284 3261 atque
2314 3201 2364 3248 in
2389 3215 2512 3250 con-

1445 3275 1578 3323 clavi
1606 3275 1747 3324 edito
1771 3275 2127 3335 recubuisset,’
2148 3280 2245 3325 διο.
2279 3278 2381 3327 Sed
2400 3280 2515 3343 quis

1446 3351 1646 3412 nescit,'
1666 3352 1788 3401 talia
1829 3353 2107 3416 adjectiva,
2129 3369 2245 3403 cnm
2270 3355 2320 3404 in
2343 3356 2517 3419 singu·

1448 3428 1563 3487 lari,
1587 3434 1691 3477 lum
1716 3428 1766 3476 in
1784 3429 2232 3492 plurali‚inprimis
2251 3431 2302 3479 in
2322 3447 2512 3493 genere

1444 3514 1648 3565 neutro,
1678 3520 1777 3554 non
1820 3520 1940 3554 raro
1976 3507 2133 3556 etiam
2166 3508 2512 3559 substantivo·

1447 3598 1560 3632 rum
1603 3592 1839 3632 naturam
1891 3584 2128 3648 induere,
2173 3593 2227 3635 et
2274 3586 2512 3636 absolute

1446 3659 1585 3722 poni.
1649 3659 1866 3709 Sueton.
1899 3660 2039 3723 Aug.
2076 3676 2189 3725 cap.
2213 3666 2294 3711 72.
2348 3665 2362 3689 ⁴
2384 3665 2514 3714 Erat

1443 3738 1588 3786 locus
1617 3739 1666 3786 in
1693 3737 1834 3786 edito
1858 3739 2169 3801 singulari-,⁹
2206 3741 2375 3791 Tacit.
2403 3742 2507 3789 An·

1443 3818 1548 3865 nal.
1571 3830 1660 3865 xv.
1684 3821 1765 3866 38.
1797 3820 1810 3844 ‘
1832 3817 2039 3881 Impetu
2068 3829 2405 3880 pervagatum
2431 3820 2504 3867 in·

1443 3893 1701 3947 cendiutn,
1746 3894 1901 3956 plana
1944 3896 2184 3957 primum,
2224 3894 2411 3942 deinde
2456 3896 2506 3945 iu

1443 3970 1584 4020 edita
1606 3971 1911 4031 adsurgens,
1936 3977 1988 4019 et
2022 3985 2221 4019 rursum
2262 3968 2508 4021 iuferiora

1442 4045 1775 4109 populando,'
1796 4053 1895 4095 ἃς.
1947 4040 2070 4108 Ipse
2094 4047 2290 4095 Plinius
2312 4053 2508 4109 noster,

1439 4124 1612 4186 Epist.
1645 4136 1694 4169 v.
1733 4127 1780 4172 6.
1811 4125 1827 4151 ⁸
1855 4124 2050 4172 AEntiva
2082 4126 2505 4187 cryptoporticus

1439 4199 1490 4248 in
1516 4197 1663 4247 edito
1687 4198 1894 4259 posita.’
1925 4198 2166 4247 Selia-urz.

1500 4276 1657 4340 Super
1677 4276 1875 4338 eeteros]
1913 4276 1974 4324 lu
1992 4274 2174 4326 codice
2192 4276 2506 4341 Guelpbico,
