3060 4902
779 355 844 401 c.
891 348 1136 402 Ρωκιι
1187 351 1517 403 suenum
1571 354 1846 404 nuno.
1923 357 1970 406 1.
2017 339 2128 406 88.

331 492 573 545 voculam
598 500 646 544 te
666 494 860 545 dudum
894 496 1171 558 excidisse,
1188 493 1314 560 'quia
1336 498 1408 546 la-

332 574 436 623 tuit
470 574 522 621 in
558 573 815 636 particula
848 585 1011 634 aare,
1037 589 1188 644 quam
1216 576 1411 624 librarii

331 657 545 698 veteres
575 649 855 713 aliquunde
894 651 1191 712 compendii
1227 666 1411 700 caussa

333 726 413 774 ita
435 729 713 788 scripsere,
735 737 791 774 nt
812 741 876 775 ne
895 727 1150 776 haberent
1175 742 1408 785 necesse,

329 815 624 865 pronomen
650 806 698 851 te
721 810 998 866 repetere;
1032 811 1117 851 sut
1153 811 1298 853 certe
1323 804 1411 853 illa

334 879 640 928 terminatio
687 880 960 942 particula
1004 885 1133 942 ante,
1180 882 1408 930 occasio-

329 968 453 1003 nem
478 953 642 1015 dedit,
681 966 738 1004 nt
774 970 995 1019 sequens
1034 971 1318 1019 pronomen
1361 963 1411 1008 te

331 1046 366 1081 a
393 1032 780 1095 negligentibus
812 1033 1036 1082 librariis
1059 1035 1407 1085 omitteretur.

333 1108 642 1171 Cujusmodi
679 1109 1086 1173 compendiosae,
1117 1117 1207 1160 aut
1243 1113 1408 1175 negli-

334 1186 508 1247 gentis
552 1187 827 1249 scriptnrae
876 1187 1116 1248 exempla
1166 1188 1405 1249 qnaedam

335 1262 583 1311 annotavi
602 1276 778 1325 supra,
802 1261 867 1310 ad
893 1274 1134 1311 mxxxvi.
1161 1268 1210 1311 2.
1256 1264 1409 1313 Simi-

337 1338 441 1386 lem
490 1338 646 1386 etiam
692 1338 1018 1387 omissionem
1064 1338 1407 1391 animadverti

336 1411 408 1463 ad
436 1428 488 1476 p.
514 1416 659 1463 1043.
702 1413 853 1463 Idem.

403 1489 552 1539 Scias
585 1488 817 1538 neminem
849 1492 962 1537 ante
984 1489 1232 1552 meruisse]
1268 1489 1404 1540 Anc-

338 1576 423 1616 tor
440 1568 610 1630 Epist.
644 1582 685 1616 ι.
709 1571 792 1617 17.
826 1574 841 1597 ⁸
864 1566 1009 1617 Scias
1045 1566 1212 1629 ipsum
1249 1569 1406 1632 pluri-

335 1644 434 1693 mis
468 1644 745 1693 virtutibus
782 1642 1066 1700 abundare,
1088 1644 1173 1708 qni
1212 1645 1405 1694 alienas

334 1721 413 1770 sic
436 1718 613 1768 amat.'
681 1721 750 1769 Et
778 1720 899 1768 alibi
939 1734 1040 1767 non
1069 1734 1201 1769 raro.
1268 1722 1404 1770 Usus

335 1803 394 1847 et
418 1796 626 1845 Seneca
650 1795 858 1859 passim.
894 1796 1057 1846 Livia.

402 1871 612 1920 Felicem
650 1870 840 1933 vocare]
884 1871 1137 1921 Senecam
1184 1872 1303 1922 vide
1337 1871 1405 1923 de

334 1947 503 1997 Clem.
530 1961 567 1997 ι.
591 1951 671 1997 14.
705 1946 842 2010 Lips.

406 2023 612 2073 Felicem
640 2024 831 2087 uocare]
874 2023 1228 2086 Imperatores
1268 2022 1403 2072 Feli-

334 2113 425 2150 ces
454 2099 600 2148 dicti.
650 2098 880 2159 Prosper
909 2099 1155 2162 Aquitan.
1178 2100 1314 2149 libro
1338 2098 1404 2147 de

336 2173 701 2239 providentia:
736 2177 752 2203 ‘
778 2174 982 2224 Felices
1017 2176 1120 2224 dici
1161 2191 1269 2224 mos
1305 2184 1405 2236 est,

334 2264 467 2313 qnos
493 2250 681 2298 blanda
705 2257 938 2314 potestas
964 2251 1024 2298 In
1052 2265 1272 2300 summos
1294 2252 1404 2315 api·

335 2340 425 2376 ces
493 2325 806 2375 tumidorum
877 2326 1055 2375 evexit
1119 2326 1406 2375 honorum!

336 2402 479 2453 Hinc
500 2403 646 2453 Felix
666 2401 974 2467 simpliciter
993 2417 1084 2466 pro
1102 2417 1242 2465 rege.
1261 2404 1406 2454 Petr.

336 2480 536 2530 Raven.
560 2482 797 2530 sermon.
822 2494 995 2531 xxm.
1033 2482 1202 2544 Epist.
1239 2495 1300 2531 rt.
1330 2485 1409 2530 18.

339 2557 405 2606 In
452 2558 598 2606 Vett.
639 2557 891 2621 Inscript.
927 2558 1241 2608 Commodus
1273 2558 1406 2606 εὗσα-

336 2632 451 2692 βὴς,
473 2632 699 2694 εὐτυχὴς.
726 2634 1057 2694 indigitetur.
1091 2633 1245 2681 Bern-

408 2710 617 2760 Felieem
637 2710 828 2773 vocare]
866 2710 1073 2773 Itajam
1099 2718 1221 2759 ante
1247 2711 1408 2773 impe-

338 2795 567 2837 ratorum
608 2793 849 2849 tempora
892 2800 1178 2848 cognomen
1222 2787 1408 2837 Felicis

338 2864 632 2914 adhaeserat
673 2864 912 2914 Cornelio
934 2864 1113 2926 Sullae,
1146 2865 1209 2913 ab
1236 2880 1409 2914 assen-

337 2944 540 2991 tatione
565 2940 802 2989 familiari
838 2948 1086 3003 coeptum.
1123 2940 1240 2990 Hoc
1269 2941 1407 2991 enim

337 3018 502 3067 tradit
530 3017 641 3066 Liv.
664 3029 805 3067 xxx.
822 3021 904 3065 45.
927 3018 942 3045 ‘
960 3015 1263 3065 Africanum
1289 3031 1406 3080 cog-

337 3106 530 3143 nomen
555 3093 792 3142 militaris
815 3094 955 3155 prins
979 3090 1149 3155 favor,
1165 3105 1227 3139 an
1244 3106 1408 3154 popu-

338 3168 463 3219 laris
481 3168 978 3229 anra,celebraverit
1001 3183 1016 3228 ς
1053 3181 1137 3222 an,
1157 3168 1293 3216 sicut
1311 3168 1408 3216 Fe·

337 3245 454 3295 licis
492 3244 669 3302 Sullae,
703 3244 987 3308 Magnique
1024 3243 1281 3304 Pompeii,
1318 3258 1407 3306 pa·

339 3328 478 3371 trnm
506 3320 773 3380 memoria,
806 3327 1035 3383 coeptum
1071 3320 1139 3368 ab
1173 3329 1408 3368 assenta-

339 3396 483 3445 tione
508 3395 747 3445 familiari
767 3396 855 3457 sit,
876 3409 1056 3457 parum
1082 3402 1406 3456 compertum

307 3498 312 3505 ·
338 3469 541 3521 habeo?
610 3471 881 3534 Appianas
920 3471 1069 3519 Alex.
1094 3472 1160 3519 B.
1182 3473 1294 3521 Civ.
1314 3472 1406 3521 lib.

342 3560 382 3595 r.
407 3560 528 3609 pag.
563 3551 677 3596 416.
711 3549 905 3596 Σύλλας
939 3544 1296 3609 εὐτυχέστατος
1328 3546 1410 3593 ἆν-

343 3624 466 3685 δρῶν
487 3620 537 3670 ἔς
559 3640 617 3670 τε
647 3620 706 3669 τὸ
725 3620 868 3671 τέλος
889 3620 1019 3676 αὐτὸ,
1054 3620 1133 3669 καὶ
1167 3624 1216 3670 ἐς
1249 3620 1410 3670 τᾶλλα

339 3697 518 3760 πάντα,
552 3698 713 3763 ὥσπερ
752 3697 830 3748 καὶ
866 3697 1152 3760 ὠνομάζετο,
1187 3696 1408 3757 γενέσθαι

343 3778 509 3825 δοκῶν·
533 3774 575 3825 εἰ
595 3776 652 3833 δή
684 3793 757 3826 τις
788 3775 1015 3836 εὐτυχίαν
1035 3775 1203 3836 ἡγοῖτο
1222 3777 1407 3835 τυχεῖν,

341 3854 470 3904 ὅσον
511 3853 572 3902 ἃν
613 3852 787 3903 ἐθέλοι.
853 3853 1012 3913 Sulla,
1051 3853 1129 3900 eir
1162 3852 1225 3899 ud
1251 3853 1409 3900 omnia

324 3929 645 3991 felicissimus
666 3943 809 3991 usque
840 3928 902 3977 ad
921 3928 1094 3993 finem,
1114 3931 1164 3975 et
1186 3928 1405 3988 quemad·

340 4009 531 4056 modum
551 4007 906 4066 cognominatus
926 4010 1016 4058 est,
1038 4004 1105 4052 sic
1120 4004 1254 4062 felix
1274 4004 1409 4052 haba·-

340 4089 457 4141 tus,·
490 4083 757 4142 siselicieus
772 4083 971 4131 dicenda
988 4086 1080 4143 ese,
1100 4094 1250 4144 posse,
1269 4080 1408 4141 quid·

340 4160 460 4225 quid
488 4160 624 4209 velis.
694 4157 830 4208 Veli.
855 4171 919 4206 11.
943 4161 1026 4207 27.
1062 4161 1079 4186 ‘
1105 4156 1294 4206 Occiso
1320 4155 1407 4205 de-

339 4249 482 4287 mum
514 4235 706 4298 Mario,
737 4233 928 4283 Felicis
952 4246 1137 4281 nomen
1169 4233 1409 4281 assumsit

2376 341 2552 408 1059

1488 498 1664 548 Sulla:
1699 500 1837 563 qnod
1875 500 2083 563 quidem
2119 508 2420 564 usurpasset
2441 502 2551 564 jus·

1488 575 1708 630 tissime,
1732 576 1772 623 si
1800 576 2022 625 eundern
2047 585 2103 626 et
2137 578 2377 627 vincendi
2399 586 2456 628 et
2479 578 2553 628 vl-

1488 653 1642 701 vendi
1674 651 1825 701 finem
1861 652 2161 704 habuisset.'
2233 657 2375 704 Ptin.
2409 656 2552 708 Hist.

1489 728 1617 776 Nat.
1641 741 1740 775 vn.
1757 732 1839 777 43.
1870 737 1884 760 ⁰
1909 730 2054 778 Unus
2083 731 2343 780 hominum
2364 731 2426 779 ad
2452 733 2553 782 hoc

1488 805 1608 859 aevi,
1641 804 1827 854 Felicis
1858 805 1956 854 sibi
1995 819 2281 866 cognomen
2328 808 2552 857 asseruit

1488 879 1548 927 L.
1581 880 1741 941 Sulla,
1775 880 1914 928 civili
1951 894 2137 943 nempe
2175 882 2447 946 sangnine,
2487 898 2550 933 ac

1485 956 1671 1019 patriae
1695 956 2082 1020 oppugnatione
2109 957 2430 1020 adoptatum.
2478 961 2552 1009 Et

1484 1032 1673 1096 quibus
1698 1030 1967 1082 felicitatis
1999 1032 2240 1082 inductus
2275 1048 2550 1097 argumen-

1487 1109 1592 1158 tis?
1623 1110 1759 1173 qnod
1802 1108 2127 1172 proscribere
2168 1116 2246 1158 tot
2284 1110 2445 1159 millia
2479 1111 2551 1161 ci.

1486 1185 1623 1234 vium
1648 1200 1710 1234 ac
1736 1185 1998 1235 trucidare
2024 1185 2299 1248 potuisset.
2359 1185 2408 1234 0
2432 1202 2550 1249 pra-

1484 1276 1548 1309 va
1572 1263 1939 1325 interpretatio
1957 1269 2011 1310 et
2031 1262 2209 1311 futuro
2233 1262 2283 1310 in
2309 1270 2548 1325 tempore

1484 1335 1668 1385 infelix
1689 1339 1720 1385 l·
1786 1337 1973 1385 Felicis
2031 1337 2335 1401 appellatio,
2390 1338 2548 1403 8511ae

1484 1416 1743 1476 exemplo,
1769 1414 2013 1477 deinceps
2049 1418 2205 1464 etiam
2238 1416 2307 1464 ab
2325 1418 2547 1480 impera-

1484 1494 1683 1542 toribus
1708 1501 1789 1542 est
1813 1499 2043 1555 recepta.
2111 1495 2312 1542 Seneca
2337 1494 2401 1542 de
2427 1495 2547 1544 Cle·

1483 1577 1642 1618 ment.
1678 1584 1716 1619 ι.
1761 1574 1837 1619 14.
1880 1570 1897 1596 ‘
1922 1569 2218 1632 Principem
2259 1571 2542 1632 appellavi·

1480 1660 1594 1694 mus
1633 1654 1835 1708 patrem
1871 1645 2076 1708 patria‘‚
2111 1659 2212 1693 non
2249 1645 2545 1698 adulatione

1483 1736 1611 1770 vana
1659 1722 1875 1771 inducti.
1943 1722 2136 1771 Cetera
2173 1723 2307 1770 enim
2352 1736 2547 1787 cogno-

1483 1799 1622 1846 mina
1657 1798 1835 1846 honori
1865 1797 1988 1845 data
2026 1804 2180 1845 sunt:
2217 1798 2452 1861 Magnos,
2487 1806 2547 1850 et

1483 1875 1710 1937 Felices,
1726 1885 1780 1923 et
1805 1876 2092 1937 Augustos,
2107 1876 2346 1937 diximus,
2369 1885 2424 1927 et
2438 1892 2546 1927 am·

1482 1950 1685 2000 bitiosae
1710 1951 1987 2015 majestati,
2010 1952 2256 2015 quidquid
2284 1952 2544 2015 potuimus

1483 2027 1773 2086 titulorum,
1796 2025 2185 2089 congessimus!
2248 2028 2335 2077 Sic
2370 2029 2386 2056 ‘
2413 2029 2544 2078 Feli-

1481 2100 1594 2150 cis'
1631 2103 2032 2165 appellationem
2069 2102 2350 2151 Commodo
2382 2103 2547 2165 impe·

1480 2178 1660 2238 taturi,
1677 2179 1917 2226 Perenne
1934 2178 2122 2238 occiso,
2142 2179 2361 2240 primum
2387 2192 2546 2241 pecu-

1480 2255 1596 2302 liari
1621 2259 1834 2302 senatus
1856 2253 2066 2301 decreto
2104 2266 2420 2314 concessam,
2444 2261 2548 2304 tra·

1482 2330 1562 2379 dit
1589 2329 1919 2391 Lampridius
1945 2329 1997 2376 in
2027 2327 2327 2388 Commodo,
2355 2344 2472 2393 cap.
2496 2335 2545 2381 8.

1482 2409 1498 2433 ⁸
1521 2404 1671 2454 Inter
1691 2406 1803 2455 haec
1825 2402 2156 2460 Commodus,
2172 2412 2353 2451 senatu
2378 2411 2551 2455 semet

1484 2482 1708 2541 ridente,
1723 2496 1839 2530 curn
1860 2480 2149 2530 adulterum
2167 2481 2347 2528 matris
2363 2495 2550 2530 consu·

1484 2561 1586 2607 lem
1610 2558 1955 2621 designasset.
1972 2558 2261 2620 appellatus
2278 2565 2362 2607 est
2385 2557 2515 2608 Pius
2537 2575 2552 2618 3

1485 2649 1603 2683 cnm
1621 2636 1899 2683 occidisset
1926 2634 2237 2688 Perennem,
2256 2635 2550 2697 appellatus

1486 2718 1570 2760 est
1629 2712 1795 2760 Felix.
1873 2710 2019 2759 Inter
2075 2710 2322 2772 plurimas
2379 2711 2550 2760 caedes

1488 2787 1769 2835 multorum
1800 2786 2008 2846 civium,
2042 2786 2191 2850 qnasi
2229 2784 2433 2850 qnidam
2462 2800 2552 2834 no-

1487 2875 1581 2908 vus
1605 2861 1764 2914 Sulla,
1786 2861 1924 2908 idem
1948 2859 2277 2921 Commodus,
2295 2861 2379 2908 ille
2409 2861 2549 2916 Pius,

1486 2936 1575 2983 ille
1609 2934 1788 2989 Felix.'
1810 2939 1910 2984 dcc.
1982 2937 2062 2983 De
2100 2935 2114 2961 ‘
2141 2935 2360 2991 Felicis'
2397 2936 2551 2986 titulo

1488 3013 1538 3060 in
1576 3012 1793 3059 nummis
1828 3013 2196 3073 imperatorum
2234 3010 2349 3057 vide
2383 3012 2553 3074 Span-

1485 3088 1623 3136 hem.
1649 3088 1712 3134 de
1743 3088 1929 3136 Praest.
1951 3093 2007 3135 et
2030 3086 2139 3134 Usu
2163 3085 2418 3133 Numism.
2444 3086 2553 3135 An.

1488 3166 1581 3223 tiq.
1609 3170 1730 3212 tom.
1758 3176 1794 3211 r.
1819 3176 1937 3223 pag.
1958 3165 2074 3210 441.
2107 3160 2351 3209 sclerum.

1553 3239 1809 3302 Fortuna]
1846 3240 2013 3288 Etiam
2038 3238 2178 3302 Sylla
2204 3238 2365 3300 tnagis
2386 3237 2552 3288 fortn-

1487 3323 1659 3377 natus‚
1683 3330 1834 3379 qnam
1862 3315 2040 3364 bonus.
2074 3315 2226 3362 Beru-

1550 3392 1718 3441 Satius
1742 3389 2004 3451 Magnum]
2038 3391 2368 3452 cognomen·
2394 3389 2547 3452 Mag-

1486 3469 1539 3517 ni
1561 3467 1577 3491 '
1599 3468 1872 3517 adhaesisse
1892 3466 1986 3515 Cn.
2012 3465 2282 3528 Pompeio,
2302 3465 2352 3512 in
2376 3465 2549 3527 proxi-

1484 3560 1569 3593 ma
1593 3552 1717 3594 nota
1751 3559 1815 3592 ex
1844 3543 1990 3593 Livio
2013 3541 2236 3591 ostendi.
2303 3541 2399 3590 Cui
2425 3542 2551 3590 ado-

1486 3621 1705 3669 lescenti
1751 3621 1847 3669 hoc
1893 3633 1959 3668 ex
2015 3620 2211 3667 virtute
2259 3630 2547 3680 cognomen

1485 3697 1625 3745 Sulla
1660 3696 1888 3745 dictator
1929 3695 2111 3755 dedit;
2156 3694 2292 3744 bello
2337 3695 2547 3743 demum

1483 3773 1783 3823 Sertoriano
1817 3774 1928 3836 ipse
1957 3773 2236 3835 Pompeius
2270 3772 2321 3819 in
2357 3771 2545 3819 litteris

1485 3857 1541 3900 et
1573 3850 1756 3899 edictis
1791 3865 1848 3899 se
1883 3858 1896 3878 ·
1922 3848 2204 3912 Magnum·
2245 3845 2548 3896 describere

1482 3929 1662 3992 coepit,
1681 3934 1736 3976 ut
1762 3927 2076 3975 Plutarchus
2098 3926 2146 3973 in
2172 3924 2283 3986 ejns
2310 3924 2416 3970 vita
2444 3930 2546 3971 trs·

1485 4004 1581 4052 dit.
1650 4004 1718 4052 Et
1739 4003 1834 4051 hoc
1857 4003 1963 4049 solo
1985 4000 2290 4064 cognomine
2315 4011 2454 4059 saepe
2479 3997 2546 4045 ab

1485 4080 1708 4143 antiquis
1726 4077 2067 4140 scriptoribus
2082 4076 2400 4138 designatur.
2442 4074 2550 4135 Sic,

1488 4167 1538 4202 v.
1583 4169 1633 4217 g.
1678 4153 1863 4203 Cicero
1907 4165 2001 4213 pro
2047 4150 2255 4213 Archia,
2300 4164 2416 4213 cap.
2469 4154 2548 4200 10.

1487 4232 1503 4260 ⁸
1527 4229 1701 4282 Quid?
1735 4235 1912 4278 noster
1934 4227 2016 4275 liic
2051 4227 2297 4290 Magnus,
2319 4226 2405 4291 qui
2429 4239 2545 4275 eum
