3060 4902
763 365 826 410 Ο.
875 360 1118 410 PLtNtl

320 505 607 570 terpretari
648 504 934 569 ‘accepit2'
968 519 1085 555 nom
1123 518 1393 567 opponun-

320 594 410 632 tnr
427 585 527 632 hoc
548 585 663 633 loco
687 590 701 611 ⁸
727 586 942 646 capere’
965 590 1019 631 et
1036 584 1051 611 ‘
1079 581 1241 630 dare.’
1291 582 1391 630 Ve-

320 677 434 711 rum
459 661 560 710 dici
599 667 792 725 potest,
824 659 1071 722 ‘praemia
1107 658 1215 707 dari
1236 658 1249 677 '
1290 671 1390 706 non

318 738 384 787 iis
407 744 632 798 tantum,
652 737 737 801 qui
761 751 823 785 ea
846 736 1170 799 simpliciter,
1191 745 1242 784 et
1270 749 1393 798 quo·

320 828 529 880 cunque
551 816 719 863 animo
743 813 1028 876 accipiunt,
1044 809 1134 860 sed
1153 811 1307 860 etism
1329 811 1391 859 iis

321 893 414 956 qui
453 891 680 954 praemiis
720 904 870 954 peres
908 898 1044 943 sunt,
1066 895 1118 938 et
1145 893 1391 952 tanquam

322 967 474 1029 digni
513 966 749 1031 gratique
789 981 851 1015 ea
895 965 1125 1029 capiunt.
1191 965 1393 1028 Sequor

321 1058 452 1106 ergo
467 1057 584 1092 cnm
603 1041 883 1092 Arntzenio
901 1041 1390 1104 interpretationem

323 1120 620 1185 Lipsianam
645 1134 661 1178 ;
698 1118 1005 1182 prasertim,
1029 1132 1163 1172 cum,
1190 1132 1289 1180 quo
1313 1131 1392 1165 ar-

323 1197 502 1260 gutior
526 1210 705 1244 sensns
737 1195 1032 1255 verborum,
1056 1210 1118 1243 eo
1148 1192 1387 1243 conveni·

321 1275 499 1323 entior
538 1273 659 1322 stilo
702 1272 940 1321 Pliniano
978 1286 1094 1321 esse
1137 1269 1393 1320 videatur.

321 1353 459 1403 Qua:
488 1365 603 1401 cnm
628 1351 704 1400 ita
736 1350 855 1405 sint,
890 1349 1029 1397 nihili
1053 1346 1292 1396 facienda
1314 1353 1393 1396 est

322 1428 550 1477 varietas
587 1426 783 1477 codicis
808 1425 1282 1489 Guelpherbytani,
1303 1423 1392 1472 nbi

324 1515 425 1566 pro
444 1504 591 1566 cepit,
613 1502 804 1565 legitur
825 1501 997 1564 recepit
1018 1515 1037 1555 ,·
1071 1507 1125 1548 et
1147 1499 1391 1549 editionis

325 1579 678 1635 Gedanrnsis,
699 1578 785 1627 ubi
811 1591 904 1640 pro
927 1576 1154 1639 capienti,
1177 1590 1391 1640 expres·

324 1672 441 1709 sum
466 1666 546 1707 est
568 1656 835 1720 accipienti.
870 1655 1128 1704 Scliwsrz.

391 1736 532 1784 Duos
557 1732 765 1797 pariter]
795 1732 958 1796 AEquo
993 1729 1244 1792 temporis
1273 1744 1393 1793 sps·

322 1811 424 1872 tio,
445 1810 648 1860 dnobus
672 1822 877 1871 nempe,
898 1813 986 1856 aut
1016 1808 1228 1856 circiter
1251 1822 1391 1856 men-

321 1887 488 1937 sibus.
544 1887 629 1935 Sic
654 1884 914 1946 intelligo:
953 1883 1087 1932 Nam
1113 1882 1391 1945 aliquando

320 1966 668 2028 imperatores
700 1960 1019 2011 consulatum
1053 1958 1252 2007 inibant
1273 1973 1390 2008 cum

323 2045 530 2105 collega
552 2039 797 2090 Calendis
818 2038 1113 2091 Janunriis:
1152 2037 1269 2086 inde
1304 2052 1391 2086 au-

324 2126 434 2169 tem
471 2117 711 2167 Calendis
744 2114 957 2164 Martiis
981 2114 1283 2177 magistratu
1307 2128 1392 2163 ce·

323 2196 547 2257 debent,
582 2194 908 2255 alterumque
948 2191 999 2239 in
1038 2191 1203 2239 locum
1243 2206 1391 2239 sunm

321 2272 685 2324 intrudebant.
730 2271 982 2334 Trajanus
1005 2283 1126 2318 vero
1149 2269 1292 2318 tertii
1315 2269 1391 2317 sui

322 2350 626 2401 consulatus
648 2347 780 2396 duos
802 2347 992 2410 primos
1015 2360 1212 2394 menses
1234 2346 1393 2408 gessit

322 2442 444 2479 cum
470 2427 762 2485 Frontone3
796 2423 922 2473 duos
944 2427 1221 2487 sequentes
1245 2423 1393 2478 alios,

322 2513 419 2557 aut
441 2505 668 2560 circiter,
688 2517 802 2551 cum
827 2500 948 2548 alio.
1010 2500 1097 2548 Sic
1120 2498 1291 2548 factus
1315 2506 1395 2549 est

326 2583 530 2647 paritor
564 2588 620 2630 et
653 2594 717 2629 ex
747 2592 896 2643 oequo
926 2578 1126 2640 collega
1156 2576 1391 2639 duobus3

323 2657 418 2707 sed
454 2671 561 2707 non
591 2656 807 2718 singulis
841 2668 935 2718 per
965 2669 1056 2703 sex
1090 2668 1307 2711 menses,
1335 2664 1392 2704 nt

324 2734 526 2784 criticis
562 2733 676 2783 eliis
713 2733 873 2781 visum
912 2739 1023 2793 est;
1056 2745 1172 2779 nam
1211 2732 1391 2781 eodem

324 2827 462 2862 anno
494 2811 732 2862 consules
764 2808 908 2858 fuere
933 2809 1087 2857 etiam
1114 2808 1313 2858 Plinius
1336 2816 1393 2859 et

324 2890 618 2954 Tertullus,
640 2888 865 2951 itemque
890 2886 994 2935 alii.
1033 2886 1247 2935 Patarot.

266 3021 284 3037 ι
393 2968 533 3018 Duos
565 2966 790 3029 collegas]
832 2966 1066 3013 Venatus
1104 2964 1189 3012 bic
1231 2963 1392 3013 locus.

327 3044 563 3094 Primum
588 3042 812 3106 Lipsius,
828 3041 876 3090 in
894 3040 1265 3089 commentario
1284 3054 1396 3102 suo,

325 3120 567 3180 tradidit,
597 3131 690 3181 pro
725 3117 975 3165 vocabulo
1007 3117 1227 3178 collegas,
1251 3116 1393 3164 meli-

325 3210 414 3257 us,
438 3202 530 3244 ant
563 3201 705 3243 certe
729 3193 979 3257 apertius,
1004 3193 1218 3241 rescribi
1244 3207 1397 3256 posse

325 3270 542 3332 collegii.
564 3270 696 3318 hunc
723 3269 775 3316 in
799 3266 1035 3316 modum:
1077 3269 1238 3324 Quid?
1273 3271 1396 3331 quod

324 3350 447 3398 daos
470 3347 651 3410 pariter
682 3346 822 3395 tertio
846 3344 1090 3393 consulatu
1113 3346 1301 3407 collegii
1322 3346 1396 3394 tui

324 3425 589 3476 sanctitate
606 3422 856 3473 decorasti.
914 3422 1065 3471 Hanc
1091 3422 1251 3486 Lipsii
1277 3437 1394 3471 con·

313 3504 580 3567 jeetnram
616 3498 940 3562 Panegyrico
965 3498 1121 3547 Plinii
1147 3498 1394 3563 deinceps

324 3580 556 3630 intulere
568 3575 1399 3639 Berneggerus,}-1ackius,Kircb·

323 3656 573 3717 materne,
585 3652 1015 3715 Gottscblingius,
1028 3654 1397 3715 Weinricliius3

325 3733 424 3784 sed
459 3746 563 3783 non
600 3728 796 3779 inferre
818 3743 971 3778 ausus
1002 3736 1116 3779 erat
1140 3730 1248 3792 ipse
1275 3731 1396 3793 Lip-

322 3811 453 3860 sius·
523 3807 742 3868 Collegae
763 3804 900 3854 enim
923 3805 1150 3854 unanimi
1174 3807 1395 3855 omnium

325 3885 574 3936 codicum
589 3883 718 3932 Mus.
732 3887 1129 3945 ceterorumque
1150 3882 1396 3932 librorum

323 3972 639 4014 exeuntum
651 3971 906 4008 consensu
918 3957 1265 4008 confirmatur.
1289 3959 1398 4007 Ad-

326 4038 465 4101 huc,
497 4037 513 4064 ‘
533 4032 834 4098 collegium'
866 4035 1078 4097 proprie
1110 4042 1257 4084 notat
1295 4049 1398 4084 coe·

328 4123 443 4169 tum
477 4112 830 4176 colleg-rum
861 4123 979 4175 quoe
1005 4111 1149 4160 notio
1173 4112 1271 4161 buc
1295 4127 1398 4162 non

325 4191 575 4259 quadrat.
619 4188 690 4237 Et
711 4185 1011 4237 dubitabam
1031 4193 1204 4244 antea,
1221 4201 1285 4237 an
1303 4189 1399 4239 eti·

325 4270 417 4320 ἰιι
455 4277 552 4333 pro
583 4260 757 4316 officio
793 4261 1030 4326 collegae,
1060 4268 1116 4312 et
1145 4265 1401 4318 societate

1172 359 1502 410 SBOUNDI
1556 357 1833 407 PANEG.
1912 358 1965 408 1.

2010 341 2120 408 61.
2396 338 2529 407 841

1465 502 1714 565 muneris,
1746 501 1975 562 dicatum
2011 498 2101 549 sed
2136 498 2366 549 ostendit
2399 500 2530 549 Ges·

1465 592 1619 627 nerns
1642 580 1809 626 locum
1835 593 1901 627 ex
1923 577 2107 626 Tacito
2133 576 2321 626 Annal.
2345 590 2432 626 ιιι.
2450 583 2533 627 31.

1465 654 1744 717 ‘Sequitur
1777 655 1971 703 Tiberii
2004 660 2235 717 quartus,
2261 655 2420 703 Drusi
2451 670 2532 704 se-

1467 732 1664 781 cundus
1697 734 2009 788 consulatus,
2046 733 2207 793 patris
2247 740 2403 798 atque
2437 733 2531 784 filii

1468 810 1693 872 collegio
1717 807 1970 871 insignis!
2019 809 2210 858 Verum
2234 823 2336 858 non
2357 818 2532 858 osten·

1467 886 1592 934 dere
1619 885 1789 949 potuit
1813 884 2079 950 antiquum
2103 885 2335 935 codicem
2362 888 2534 936 Pane·

1467 962 1630 1027 gyrici
1672 963 1919 1024 Pliniani,
1941 977 1969 1011 u
2003 978 2103 1025 quo
2139 963 2301 1026 Lipsii
2330 965 2532 1027 conjec-

1468 1051 1587 1093 tura
1627 1042 2011 1105 comprobetur.
2079 1042 2344 1090 Livineius
2381 1043 2532 1092 aliam

1467 1120 1585 1170 iniit
1625 1120 1778 1180 viam,
1823 1118 1943 1166 dum
1988 1117 2101 1166 boec
2152 1124 2533 1167 commentatus

1467 1205 1584 1246 est:
1619 1198 1635 1224 ⁸
1663 1194 1870 1244 Dubius
1901 1208 1961 1242 ac
1991 1200 2265 1257 suspectus
2291 1195 2452 1253 locus,
2475 1200 2533 1242 et

1467 1287 1622 1336 quem
1644 1286 1741 1321 non
1767 1284 2100 1334 concoquam.
2157 1268 2398 1320 Arbitror
2417 1284 2533 1332 ger·

1468 1361 1694 1396 inanum.
1740 1346 1902 1402 Quid?
1934 1347 2054 1409 quod
2071 1347 2186 1395 duos
2203 1346 2405 1410 pariter,
2419 1349 2535 1398 daos

1465 1428 1686 1487 collegas,
1714 1424 1912 1487 [liabet,
1944 1424 2116 1474 nescio
2152 1439 2301 1487 qinom
2340 1425 2439 1472 vim
2472 1438 2534 1474 ac

1469 1509 1815 1562 venustatem,
1829 1501 2095 1563 repetitio,
2108 1501 2264 1564 ἅψῃ]
2280 1503 2535 1550 tertiicon·

1465 1581 1651 1629 calatus
1673 1579 1745 1627 tui
1766 1578 2021 1627 sanctitate
2041 1578 2311 1629 decorasti.'
2376 1579 2534 1642 Equi·

1468 1655 1586 1705 dem
1613 1655 1858 1718 repetitio
1881 1653 2118 1703 vocabuli
2141 1656 2272 1711 duos,
2297 1669 2447 1719 quam
2469 1668 2534 1705 ex

1466 1748 1557 1781 sno
1593 1741 1773 1781 vetere
1809 1730 1992 1780 codice
2022 1731 2123 1780 Ms.
2150 1733 2362 1794 protulit
2398 1731 2533 1779 Livi·

1467 1809 1635 1868 neius,
1658 1807 1990 1857 confirmatur
2025 1807 2202 1869 utique
2238 1822 2267 1856 a
2302 1808 2535 1869 pluribus

1467 1885 1756 1947 codicibus,
1791 1899 1977 1948 nempe
2012 1899 2043 1932 a
2075 1884 2359 1945 Vaticanis,
2384 1885 2537 1933 Pari-

1465 1965 1644 2019 siensi‚
1699 1966 1904 2013 Veneto
1948 1969 1998 2015 2.
2054 1963 2534 2027 Gnelpberbytnno,

1467 2055 1604 2099 meo,
1645 2049 1700 2090 et
1747 2042 1876 2090 libro
1916 2042 2206 2103 Vossiano;
2249 2041 2301 2089 in
2347 2041 2533 2104 quibus

1468 2118 1726 2180 omnibus,
1750 2117 2009 2182 (adeoque
2040 2126 2091 2166 et
2123 2120 2173 2166 in
2210 2117 2535 2166 accuratissi-

1468 2199 1564 2246 mis
1592 2197 1858 2259 excerptis
1884 2198 2008 2244 meis
2028 2195 2220 2244 codicis
2245 2196 2535 2256 Guelplicr·

1470 2274 1670 2337 bytani,
1693 2282 1743 2321 et
1779 2272 1898 2321 libri
1935 2272 2195 2329 Vossiani,
2222 2277 2281 2318 ut
2317 2269 2536 2318 Arutze-

1468 2352 1585 2401 nius
1608 2353 1798 2401 nullam
1823 2351 1887 2400 de
1910 2351 1988 2398 his
2015 2349 2280 2398 dubitandi
2300 2363 2532 2399 caussam

1468 2429 1702 2493 habeat‚)
1725 2431 1834 2479 lia-c
1869 2428 2028 2479 verba
2059 2427 2132 2477 sic
2161 2434 2373 2475 exarata
2407 2427 2536 2489 legi·

1471 2522 1600 2564 mns,
1643 2508 1811 2562 Quid?
1858 2507 1977 2570 quod
2018 2506 2133 2553 duos
2169 2504 2354 2567 pariter
2392 2504 2536 2551 tertio

1468 2586 1735 2646 consulatu,
1763 2585 1881 2632 duos
1914 2584 2137 2644 collegas,
2170 2582 2243 2630 tui
2277 2582 2538 2629 sanctitate

1466 2661 1719 2712 decorasti.
1788 2661 1980 2710 Unicus
2015 2657 2183 2708 codex
2218 2658 2451 2707 Venetus
2492 2662 2537 2704 l.

1470 2754 1650 2788 vocem
1689 2740 1809 2787 duos
1846 2751 1947 2786 non
1990 2735 2219 2798 repetit;
2262 2741 2316 2783 at
2349 2735 2535 2783 unicus

1470 2816 1637 2865 codex
1662 2813 2057 2875 salisburgensis
2081 2826 2174 2876 pro
2201 2813 2345 2861 tertio
2371 2826 2539 2860 consu·

1468 2896 1590 2955 latu,
1609 2893 1766 2942 habet
1788 2892 1928 2941 tertio
1946 2892 2173 2950 consules,
2191 2889 2328 2938 hunc
2353 2889 2403 2937 in
2426 2903 2538 2937 mo-

1471 2970 1611 3029 dum,
1654 2970 1819 3025 Quid?
1862 2970 1981 3032 qnod
2017 2969 2132 3015 duos
2174 2966 2358 3028 pariter
2390 2967 2537 3013 tertio

1469 3048 1699 3102 consules,
1742 3048 1858 3094 duos
1900 3046 2120 3103 collegas,
2164 3041 2235 3088 tui
2280 3042 2538 3090 sanctitate

1469 3124 1723 3173 decorasti.
1761 3122 1992 3170 Maxima
2012 3116 2283 3167 difficultas
2301 3123 2398 3178 est,
2413 3118 2535 3179 quid

1471 3201 1537 3249 de
1575 3201 1668 3247 ista
1702 3197 1943 3262 loquendi
1983 3195 2222 3256 formula,
2254 3194 2326 3242 tui
2357 3195 2535 3242 sancti-

1468 3282 1585 3331 tate,
1611 3275 1873 3324 faciamus.
1945 3273 2101 3320 Ratio
2121 3271 2255 3319 enim
2275 3270 2539 3332 ἀναλογίας

1470 3352 1820 3416 grammaticae
1843 3351 2105 3413 postulare
2133 3350 2352 3404 videtur,
2378 3356 2434 3396 ut
2459 3348 2534 3397 di·

1470 3436 1620 3480 catur
1653 3435 1735 3478 tua
1765 3429 2033 3477 sanctitate.
2104 3427 2239 3477 Num
2273 3434 2536 3489 putemus,

1470 3509 1621 3557 istam
1667 3506 1912 3571 loquendi
1962 3504 2215 3553 rationem
2262 3514 2292 3551 a
2335 3503 2536 3566 vulgari

1471 3584 1678 3650 quidem
1717 3584 1900 3645 linguae
1935 3580 2135 3629 Latinae
2178 3594 2291 3634 usn,
2319 3593 2420 3628 non
2457 3586 2536 3628 ta·

1471 3676 1587 3711 men
1617 3674 1824 3723 prorsus
1852 3672 1880 3705 a
1909 3658 2067 3708 Plinii
2094 3656 2234 3717 stilo,
2261 3654 2419 3704 videri
2446 3656 2536 3704 ali-

1471 3752 1658 3796 enam3
1703 3750 1818 3784 cnm
1865 3734 1999 3783 idem
2049 3734 2269 3795 Plinius,
2310 3732 2534 3794 exempli

1472 3829 1674 3876 caussa,
1697 3815 1745 3862 iu
1771 3815 1869 3863 hoc
1893 3812 2242 3875 Panegyrico,
2268 3823 2466 3858 mxxvi.
2490 3813 2535 3858 1.

1471 3892 1632 3951 dicat,
1670 3899 1687 3923 ³
1711 3890 1935 3941 triduum
1981 3897 2141 3938 totum
2177 3894 2405 3939 senatus,
2440 3884 2535 3934 sub

1473 3969 1715 4029 exemplo
1752 3968 1848 4026 tui,
1882 3965 2020 4028 [pro,
2056 3969 2073 3993 ³
2097 3963 2335 4024 exemplo
2382 3960 2537 4025 tuo‚']

1471 4042 1647 4093 sedit.’
1716 4045 1783 4093 Et
1810 4044 1979 4105 Epist.
2004 4054 2059 4089 x.
2078 4044 2159 4088 29.
2192 4040 2206 4067 ⁸
2223 4037 2312 4101 qui
2335 4035 2397 4083 sd
2423 4051 2537 4084 eos-

1473 4119 1591 4169 dem
1616 4120 1715 4169 mei
1739 4120 1856 4168 loco
1880 4114 2196 4165 mittereris-⁹
2250 4111 2332 4160 An
2359 4112 2541 4160 existi.

1472 4210 1689 4259 memus,
1731 4195 1956 4245 Plinium
1998 4191 2183 4239 saltem
2228 4190 2543 4239 ἐλλειπικῦε

1474 4273 1558 4324 hic
1581 4273 1749 4340 loqoi;
1783 4281 1969 4334 nempe
1993 4273 2050 4317 ut
2071 4279 2137 4316 ex
2158 4265 2405 4330 proximis
2427 4280 2541 4315 ver-
