3060 4902
462 363 594 429 556

464 528 520 572 et
543 520 807 586 praefectis
830 520 1026 570 alarum
1058 520 1275 570 alterum
1301 524 1523 574 tantum,

462 598 575 647 dari
600 599 902 657 consuevit3
935 602 996 647 ut
1014 598 1077 646 ad
1101 596 1449 659 Capitolinum
1472 597 1523 643 in

467 673 730 722 Antonino
754 674 950 723 Philos.
987 689 1033 723 c.
1056 678 1105 722 7.
1132 675 1402 722 annotavit
1425 673 1524 721 Ca·

463 750 738 800 saubonns.
808 751 910 802 Qui
949 757 1119 800 tamen
1157 752 1333 800 modus
1370 753 1523 800 etiam

463 827 698 876 variavit.
749 827 960 877 Sueten.
985 827 1152 889 Calig.
1176 843 1223 877 c.
1247 832 1331 877 46.
1366 829 1525 877 ‘Pro-

460 902 734 958 nuntiato‚’
784 905 971 967 inquit,
1020 904 1205 954 ‘militi
1261 905 1522 961 donativo,

464 980 619 1030 Caius
653 982 832 1030 Caesar
862 983 1096 1030 centenis
1131 982 1325 1031 viritim
1362 982 1521 1030 dena-

461 1056 571 1121 riis,
590 1058 734 1120 quasi
757 1072 906 1106 omne
930 1059 1219 1121 exemplum
1240 1058 1522 1108 liberalita-

460 1132 527 1181 tis
561 1147 954 1196 supergressus:
992 1133 1152 1194 abite,
1178 1134 1362 1198 inquit,
1389 1134 1523 1196 laetu

462 1207 604 1257 abite
629 1208 914 1271 locupletes
932 1208 964 1256 ξ’
1030 1209 1339 1273 Hujusniodi
1364 1210 1521 1260 dona-

460 1285 620 1334 tivum
665 1285 939 1349 aliquando
982 1286 1139 1334 etiam
1177 1287 1488 1334 ‘clavarium

459 1357 662 1409 dictum'
692 1360 896 1408 invenio
920 1360 1058 1422 apud
1081 1360 1250 1410 Tacit.
1272 1360 1411 1410 Hist.
1433 1375 1521 1410 ιιι.

455 1440 538 1485 60.
572 1435 878 1485 ‘Seditiosae
911 1437 1132 1485 militum
1158 1451 1330 1491 voces,
1351 1438 1521 1485 clava-

457 1513 607 1575 rium,
631 1513 885 1576 (donativi
917 1526 1101 1561 nomen
1135 1512 1263 1576 est,)
1286 1512 1520 1574 flagitan-

459 1590 584 1638 tium
604 1588 639 1650 ;’
687 1589 825 1654 quod
870 1588 1170 1637 donativum
1214 1589 1405 1637 milites
1448 1589 1522 1638 sic

456 1666 749 1729 appellasse
782 1664 1043 1726 videntur,
1074 1663 1209 1727 quod
1245 1662 1308 1712 ad
1347 1678 1519 1713 emen-

457 1740 553 1790 dos
599 1741 698 1789 sibi
733 1742 747 1769 ‘
772 1741 943 1788 clavos
989 1738 1267 1802 caligares'
1300 1739 1518 1789 faceret.

453 1815 779 1865 Vocabulum
796 1823 968 1864 autem
989 1814 1350 1871 ‘donativum.'
1365 1831 1520 1880 quau·

456 1897 563 1941 tum
591 1893 713 1941 mihi
741 1898 965 1947 constat,
988 1890 1192 1940 demum
1227 1891 1324 1939 sub
1356 1892 1520 1954 impe·

452 1965 710 2016 tatoribus
737 1965 981 2015 Romanis
1006 1967 1057 2015 in
1080 1980 1224 2015 usum
1249 1974 1331 2015 est
1354 1966 1519 2016 intro·

452 2043 687 2092 ductum.
757 2041 949 2092 Nescio
983 2056 1126 2101 vero,
1167 2056 1234 2091 an
1272 2042 1517 2092 Claudius

450 2119 736 2183 imperator
776 2119 1000 2168 omnium
1039 2119 1231 2182 primus
1271 2119 1518 2169 dicendus

453 2197 541 2257 sit,
578 2197 665 2261 qui
710 2196 1057 2259 principatum
1105 2195 1325 2258 adeptus
1363 2194 1518 2248 militi

451 2273 783 2337 promiserit;

452 2349 637 2399 Claud.
660 2365 708 2397 c.
737 2353 812 2398 10.
849 2347 1055 2397 tradere
1080 2347 1313 2397 videturt
1350 2353 1364 2374 ⁸
1385 2348 1516 2397 Pro·

449 2427 591 2478 misit
635 2424 885 2488 singulis,’
919 2425 1106 2489 inquit,
1150 2423 1337 2487 ‘quina
1379 2422 1516 2473 dena

451 2518 539 2554 ns.
586 2505 778 2567 primus
822 2504 1083 2553 Coesarum
1132 2500 1287 2549 fidem
1337 2501 1516 2549 militis

451 2582 609 2629 etiam
653 2579 869 2643 praemio
918 2579 1257 2640 pigneratus.'
1324 2574 1512 2626 Annon

449 2658 607 2707 etiam
643 2654 905 2716 Augustus
940 2653 1184 2701 ‘militem
1218 2652 1384 2713 donis,
1422 2668 1511 2716 po·

447 2734 622 2796 pulum
640 2746 858 2789 annona,
872 2738 1088 2779 cunctos
1106 2729 1381 2779 dulcedine
1400 2732 1514 2794 otii,

447 2806 712 2873 pellexit?
749 2806 898 2858 Quod
940 2806 1099 2855 tradit
1126 2806 1297 2855 Tacit.
1323 2806 1513 2858 Annal.

447 2899 487 2935 1.
512 2889 561 2935 2.
600 2885 784 2933 Annon
811 2892 863 2933 et
887 2883 995 2933 Jul.
1028 2883 1223 2938 Caesar,
1255 2884 1511 2933 ‘muueri-

448 2962 563 3026 bus,
600 2962 962 3017 monumentis.
994 2961 1289 3025 congiariis,
1323 2963 1510 3025 epulis,

444 3039 829 3089 multitudinem
884 3038 1179 3099 imperitam
1237 3038 1510 3088 lenierat?’

445 3115 600 3166 Quod
639 3116 711 3163 ait
748 3115 859 3163 Cic.
897 3113 1125 3175 Philipp.
1162 3126 1225 3161 ιι.
1255 3116 1337 3160 45.
1405 3113 1508 3162 Ve-

444 3203 558 3238 rum
585 3205 667 3238 ars
688 3190 788 3238 ista
812 3187 1041 3236 favorem
1067 3187 1283 3236 militum
1309 3188 1508 3251 largiti·

441 3281 543 3316 one
566 3266 867 3316 demerendi
887 3267 1043 3315 etiam
1065 3265 1382 3327 temporibus
1408 3267 1507 3315 rei-

442 3343 667 3407 publicae
695 3342 870 3391 liberae
906 3356 1008 3391 non
1044 3342 1220 3405 ignota
1251 3341 1407 3392 fuisse
1435 3344 1507 3392 vi·

441 3419 596 3468 detur
614 3435 629 3480 3
654 3419 885 3484 quamvis
905 3430 1028 3469 tunc
1045 3420 1229 3482 alio,et
1247 3420 1505 3468 interdum

440 3496 697 3546 communi
733 3495 1047 3557 ‘congiarii'
1082 3495 1286 3543 nomine
1335 3496 1505 3559 desig·

439 3579 686 3633 naretur3
719 3578 777 3620 ut
811 3577 893 3620 est
927 3569 1062 3633 apud
1103 3571 1213 3620 Cic.
1250 3570 1313 3618 ad
1340 3570 1504 3624 Attic.

438 3660 557 3697 xvt.
580 3652 629 3697 8.
667 3646 682 3675 ‘
698 3646 953 3710 Legiones
974 3646 1287 3709 congiarium
1310 3646 1373 3695 ab
1398 3648 1502 3697 Au-

441 3725 583 3774 tonio
607 3725 845 3787 accipere
868 3724 1161 3778 noluerunt,
1180 3731 1233 3772 et
1257 3725 1302 3771 ei
1326 3726 1501 3774 couvi·

439 3800 574 3850 cium
610 3813 768 3863 grave
802 3797 1502 3861 fecerunt,oonciouantem·

437 3891 536 3941 que
582 3873 939 3940 reliquerunt-³
1006 3873 1183 3940 Atque
1226 3876 1299 3924 ita
1344 3877 1502 3929 etiam

437 3953 715 4016 scriptores
740 3951 879 4000 Hist.
902 3950 1035 4014 Aug.
1057 3951 1291 4015 quamvis
1312 3952 1502 4018 alioqui

436 4027 740 4077 discernant
773 4025 1151 4089 ‘congiarium’
1183 4035 1238 4076 et
1270 4026 1503 4080 ‘donati-

435 4105 592 4169 vum,'
626 4104 887 4155 interdum
928 4110 1100 4153 tamen
1145 4105 1255 4153 bec
1291 4106 1501 4155 nomina

435 4183 727 4246 promiscue
749 4187 1034 4244 usurpant3
1068 4194 1117 4229 v.
1139 4196 1191 4244 g.
1247 4181 1500 4244 Capitoli-

432 4267 526 4307 nus
551 4255 604 4305 in
628 4255 898 4309 Antonino
924 4255 1042 4313 Pio,
1062 4269 1179 4321 cap.
1199 4259 1250 4306 4.
1280 4256 1295 4284 ‘
1311 4257 1497 4321 Congi-

852 2270 988 2336 quod
1045 2271 1253 2336 quidem
1306 2271 1521 2320 Sueton-

1159 374 1380 425 NOTAE
1433 372 1843 422 VAmoRUM
1893 373 1970 421 m

1599 516 1760 567 arium
1787 516 2039 566 militibus
2062 529 2123 566 ac
2147 515 2342 580 populo
2364 513 2429 564 de
2454 516 2668 580 proprio

1601 593 1784 642 dedit:
1869 595 2120 643 Similiter
2174 594 2190 621 ‘
2208 591 2538 643 donativum'
2597 593 2667 643 de

1599 671 1918 733 muneribus,
1953 686 2068 734 qum
2104 671 2314 731 milites,
2351 678 2407 718 et
2443 669 2664 733 populus

1600 755 1930 810 acceperant,
1955 746 2241 809 promiscue
2277 745 2411 793 dixit
2431 745 2665 807 Spartia-

1600 836 1695 871 nus
1735 823 1787 871 iu
1831 821 2119 877 Hadriano,
2156 835 2270 883 cap.
2294 824 2376 871 28.
2407 819 2663 869 ‘Donati-

1599 916 1717 949 vum
1766 901 1957 964 populo
1996 914 2056 949 ac
2090 899 2342 948 militibus
2377 896 2667 962 expendit-⁹

1600 976 1749 1025 Cous.
1793 978 2074 1039 Spanbem.
2116 974 2180 1023 de
2227 975 2416 1024 Proest.
2452 982 2509 1023 et
2550 974 2661 1023 Usu

1600 1054 1852 1103 Numism.
1880 1062 2003 1103 tom.
2031 1067 2092 1102 u.
2117 1067 2169 1116 p.
2191 1056 2310 1102 538.
2359 1051 2464 1101 Cur
2485 1059 2660 1100 autem

1597 1132 1851 1194 Trajanus
1878 1139 2001 1180 tunc
2025 1131 2210 1179 saltem
2237 1136 2435 1192 partem
2458 1127 2662 1177 donati·

1598 1208 1648 1255 vi
1674 1207 1921 1256 militibus
1944 1206 2171 1268 dederit,
2191 1205 2405 1269 exponit
2430 1206 2570 1269 Lips.
2593 1204 2659 1255 ad

1507 1287 1523 1309 '
1595 1283 1648 1331 h.
1671 1283 1704 1330 l.
1740 1284 1982 1332 Schwurz.

1664 1359 2054 1423 Repraesentare]
2095 1360 2302 1408 Donate
2343 1358 2661 1422 interpreta-

1601 1442 1683 1484 tur
1707 1436 2003 1496 Catanaeus‚
2040 1451 2129 1485 seu
2168 1435 2414 1500 pecunias
2451 1448 2658 1483 enume-

1599 1525 1735 1572 rare,
1759 1512 2058 1574 persolvere
2080 1527 2096 1571 ς
2133 1510 2269 1575 quod
2296 1510 2455 1573 magis
2475 1510 2659 1574 probo.

1595 1588 1811 1637 ‘Totum
1843 1590 1893 1636 in
1937 1589 2182 1652 praesenti
2217 1587 2455 1643 solvere‚'
2490 1588 2660 1653 inquit

1598 1666 1838 1729 Lipsius3
1875 1665 2008 1729 quod
2036 1665 2245 1731 quidem
2274 1666 2435 1728 tnagis
2473 1679 2658 1715 conso·

1595 1756 1716 1790 num
1739 1741 1890 1806 hujus
1916 1741 2015 1791 loci
2041 1741 2339 1790 senteutiae.
2370 1741 2595 1790 Pater-ol.

1645 1817 2032 1880 Repraesentare]
2057 1818 2221 1867 Recte
2236 1817 2515 1881 explicavit
2536 1817 2661 1880 Lip-

1595 1893 1700 1941 sius
1725 1895 1819 1942 boc
1845 1895 2077 1954 verbum,
2104 1892 2241 1958 quod
2281 1908 2345 1942 ex
2373 1894 2492 1957 jure
2518 1907 2657 1942 sum·

1596 1977 1705 2019 tum
1738 1969 1963 2019 videtur.
2027 1968 2276 2021 Quamvis
2299 1978 2471 2018 autem
2496 1982 2658 2032 gene·

1595 2047 1748 2096 ratim
1775 2062 1874 2096 uon
1909 2053 2077 2109 notet,
2099 2045 2219 2105 nisi,
2242 2045 2435 2109 aliquid
2459 2045 2658 2100 statim,

1593 2128 1649 2171 et
1682 2123 1793 2172 sine
1831 2137 1991 2182 mora,
2017 2135 2246 2185 praesens
2269 2120 2540 2182 exhibere,
2563 2129 2657 2171 aut

1592 2200 1816 2264 exequi;
1854 2201 2066 2264 proprie
2112 2205 2303 2261 tannen,
2347 2207 2403 2248 et
2445 2198 2659 2261 potissi·

1592 2292 1730 2327 mum
1755 2278 1823 2326 de
1854 2279 2076 2342 pecunia
2109 2277 2285 2326 statim
2311 2274 2657 2339 persolvenda

1591 2352 1819 2402 dicitur:
1857 2362 2012 2416 prout
2042 2354 2275 2403 Gronov.
2318 2352 2385 2400 de
2418 2352 2660 2402 Pecunia

1592 2432 1716 2482 Vet.
1759 2446 1803 2482 1.
1845 2436 1892 2481 ὃ.
1918 2430 2166 2485 ostendit,
2200 2430 2273 2480 sic
2309 2430 2423 2480 Cic.
2461 2430 2655 2481 Senec-

1591 2509 1808 2557 Sueton.
1850 2509 2103 2572 aliosque,
2151 2509 2350 2557 locutos
2380 2522 2515 2556 esse.
2581 2508 2655 2558 Et

1590 2585 1777 2633 Cicero
1813 2585 2021 2648 quidem
2068 2585 2132 2633 ad
2176 2584 2359 2633 Famil.
2408 2598 2530 2633 xvt.
2572 2588 2654 2635 14.

1590 2667 1603 2688 ⁸
1630 2661 1791 2723 Dies,'
1824 2661 2012 2721 inquit,
2037 2666 2050 2688 ⁴
2073 2662 2437 2722 promissorum
2463 2659 2614 2709 adest
2636 2676 2653 2722 ς

1590 2752 1704 2801 qua·
1729 2738 1883 2786 etiam
1925 2736 2331 2798 repraesentabo,
2357 2737 2399 2784 si
2426 2735 2653 2786 advene-

1589 2812 1695 2860 ris-⁹
1763 2813 1937 2875 Atque
1980 2813 2091 2860 haec
2134 2811 2444 2874 significatio
2489 2812 2651 2861 etiam

1587 2889 1723 2951 apud
1751 2889 1977 2937 Plinium
2004 2888 2170 2936 locum
2196 2888 2371 2937 habet.
2439 2887 2652 2939 Deinde

1586 2978 1710 3012 vero
1754 2964 1849 3011 lioc
1906 2963 2117 3010 verbum
2175 2963 2238 3011 ad
2290 2962 2391 3010 alia
2439 2978 2651 3028 quoque

1587 3037 1924 3100 transfertur,
1947 3053 2058 3102 quae
2076 3038 2299 3088 dicimur
2314 3040 2522 3102 exequi,
2543 3055 2651 3089 ma·

1588 3121 1781 3172 turare,
1806 3123 1857 3161 et
1882 3128 2001 3161 mox
2021 3112 2084 3161 ad
2102 3111 2347 3176 effectum
2364 3114 2650 3168 adducere.

1585 3189 1673 3237 Sic
1695 3190 1874 3239 Caesar
1895 3188 1963 3237 de
1994 3190 2056 3237 B.
2087 3189 2154 3237 G.
2179 3202 2217 3237 ι.
2241 3192 2325 3239 40.
2349 3189 2503 3254 dixit,
2539 3197 2555 3219 ‘
2574 3206 2651 3249 se,

1584 3264 1720 3328 quod
1767 3266 1818 3312 in
1863 3264 2146 3326 longiorem
2186 3263 2321 3312 diem
2361 3267 2648 3316 collaturus

1583 3347 1743 3396 esset,
1781 3339 2317 3403 repraeseutaturum,'
2350 3342 2401 3391 b.
2440 3358 2487 3391 e.
2532 3344 2648 3394 sine

1581 3430 1726 3465 mora
1774 3422 2161 3479 praestaturum.
2229 3417 2300 3466 Et
2339 3417 2545 3468 Hirtius
2581 3421 2652 3471 do

1582 3493 1647 3542 B.
1670 3492 1826 3542 Alex.
1851 3507 1899 3541 c.
1921 3495 2003 3540 70.
2036 3493 2051 3520 ‘
2073 3493 2250 3541 Coesar
2275 3495 2564 3557 respondit,
2586 3512 2647 3548 se

1580 3567 1692 3617 fore
1729 3569 2077 3633 &quissimum
2118 3568 2394 3627 Pharnaci,
2431 3571 2494 3627 si,
2528 3587 2647 3637 quas

1582 3644 1935 3707 polliceretur,
1973 3652 2444 3706 repraesentaturus
2475 3649 2650 3699 esset!

1581 3723 1752 3773 Etiam
1794 3723 1942 3772 Curt.
1968 3735 2024 3771 x.
2060 3725 2108 3769 1.
2135 3722 2229 3770 hac
2263 3724 2475 3774 notione
2509 3726 2647 3778 dixit

1579 3802 1995 3865 ‘reproesentare
2035 3799 2327 3862 supplicis:
2360 3810 2415 3849 et
2449 3815 2524 3851 vx.
2554 3807 2639 3855 83.

1579 3883 1593 3904 ⁸
1615 3881 1992 3938 repraesentare
2012 3873 2318 3924 consilium!
2369 3877 2525 3927 Quod
2550 3893 2644 3929 gu.

1579 3958 1684 4001 tem
1705 3951 1905 4000 Plinius
1928 3950 2084 4013 dixit,
2107 3964 2210 3999 non
2235 3951 2508 4003 mediocris
2533 3957 2646 4006 anl-

1577 4028 1645 4077 mi
1685 4039 1816 4083 esse,
1856 4026 2048 4089 populo
2088 4025 2266 4088 potius
2300 4035 2357 4077 et
2390 4030 2533 4091 prius
2560 4045 2645 4082 re-

1578 4111 1897 4167 praesentare
1944 4103 2288 4164 congiarium,
2337 4106 2422 4155 cui
2474 4110 2647 4172 magia·

1576 4179 1751 4242 negari
1777 4179 2030 4243 potuerit,
2053 4193 2206 4241 quam
2229 4178 2531 4233 donativum
2546 4186 2645 4235 mi·

1574 4254 1753 4305 litibus
1770 4270 1785 4315 ς
1810 4254 1862 4303 id
1885 4260 2090 4318 spectat
2107 4253 2172 4302 ad
2192 4254 2397 4306 laudem
2410 4257 2642 4326 Trajani,
