<?xml version="1.0" encoding="UTF-8"?>
<!DOCTYPE html PUBLIC "-//W3C//DTD XHTML 1.0 Transitional//EN"
    "http://www.w3.org/TR/xhtml1/DTD/xhtml1-transitional.dtd">
<html xmlns="http://www.w3.org/1999/xhtml" xml:lang="en" lang="en">
 <head>
  <title>
</title>
<meta http-equiv="Content-Type" content="text/html;charset=utf-8" />
  <meta name='ocr-system' content='tesseract 3.04.00' />
  <meta name='ocr-capabilities' content='ocr_page ocr_carea ocr_par ocr_line ocrx_word'/>
</head>
<body>
  <div class='ocr_page' id='page_1' title='image "./panegyriciveter02unkngoog_0078.png"; bbox 0 0 3060 4902; ppageno 0'>
   <div class='ocr_carea' id='block_1_1' title="bbox 463 351 595 416">
    <p class='ocr_par' dir='ltr' id='par_1_1' title="bbox 463 351 595 416">
     <span class='ocr_line' id='line_1_1' title="bbox 463 351 595 416; baseline 0 -1"><span class='ocrx_word' id='word_1_1' title='bbox 463 351 595 416; x_wconf 69' lang='lat'>520</span> 
     </span>
    </p>
   </div>
   <div class='ocr_carea' id='block_1_2' title="bbox 466 509 1579 4316">
    <p class='ocr_par' dir='ltr' id='par_1_2' title="bbox 466 509 1565 2395">
     <span class='ocr_line' id='line_1_2' title="bbox 466 509 1542 573; baseline -0.002 -14"><span class='ocrx_word' id='word_1_2' title='bbox 466 509 596 560; x_wconf 84' lang='lat' dir='ltr'>bent</span> <span class='ocrx_word' id='word_1_3' title='bbox 639 514 826 558; x_wconf 72' lang='lat' dir='ltr'>tantam</span> <span class='ocrx_word' id='word_1_4' title='bbox 868 513 1096 567; x_wconf 72' lang='lat' dir='ltr'>coastat,-</span> <span class='ocrx_word' id='word_1_5' title='bbox 1157 509 1366 573; x_wconf 87' lang='lat' dir='ltr'>plurimi</span> <span class='ocrx_word' id='word_1_6' title='bbox 1412 509 1542 558; x_wconf 74' lang='lat' dir='ltr'>tanti</span> 
     </span>
     <span class='ocr_line' id='line_1_3' title="bbox 466 583 1541 649; baseline 0.001 -13"><span class='ocrx_word' id='word_1_7' title='bbox 466 590 602 636; x_wconf 70' lang='lat' dir='ltr'>tuum</span> <span class='ocrx_word' id='word_1_8' title='bbox 637 583 863 635; x_wconf 76' lang='lat' dir='ltr'>constat!</span> <span class='ocrx_word' id='word_1_9' title='bbox 923 584 1123 649; x_wconf 79' lang='lat' dir='ltr'>Aliqui,</span> <span class='ocrx_word' id='word_1_10' title='bbox 1155 585 1312 634; x_wconf 73' lang='lat' dir='ltr'>sciunt</span> <span class='ocrx_word' id='word_1_11' title='bbox 1351 591 1541 637; x_wconf 68' lang='lat' dir='ltr'>camene</span> 
     </span>
     <span class='ocr_line' id='line_1_4' title="bbox 469 661 1541 724; baseline 0 -15"><span class='ocrx_word' id='word_1_12' title='bbox 469 666 670 724; x_wconf 73' lang='lat' dir='ltr'>constet,</span> <span class='ocrx_word' id='word_1_13' title='bbox 707 661 1076 724; x_wconf 76' lang='lat' dir='ltr'>propositisque,</span> <span class='ocrx_word' id='word_1_14' title='bbox 1114 665 1197 722; x_wconf 56' lang='grc' dir='ltr'>ξε.</span> <span class='ocrx_word' id='word_1_15' title='bbox 1285 661 1445 718; x_wconf 83' lang='grc' dir='ltr'><strong>Ριιιο.</strong></span> <span class='ocrx_word' id='word_1_16' title='bbox 1489 661 1541 710; x_wconf 91' lang='lat' dir='ltr'>iu</span> 
     </span>
     <span class='ocr_line' id='line_1_5' title="bbox 472 737 1543 801; baseline 0.002 -18"><span class='ocrx_word' id='word_1_17' title='bbox 472 737 840 787; x_wconf 79' lang='lat' dir='ltr'>vetustioribus</span> <span class='ocrx_word' id='word_1_18' title='bbox 897 737 1204 801; x_wconf 84' lang='lat' dir='ltr'>quibusdam</span> <span class='ocrx_word' id='word_1_19' title='bbox 1273 737 1543 787; x_wconf 74' lang='lat' dir='ltr'><strong>codicibus</strong></span> 
     </span>
     <span class='ocr_line' id='line_1_6' title="bbox 472 812 1544 876; baseline -0.001 -14"><span class='ocrx_word' id='word_1_20' title='bbox 472 814 721 875; x_wconf 87' lang='lat' dir='ltr'>scriptum</span> <span class='ocrx_word' id='word_1_21' title='bbox 748 812 931 869; x_wconf 80' lang='lat' dir='ltr'>fuisse,</span> <span class='ocrx_word' id='word_1_22' title='bbox 957 818 1043 870; x_wconf 69' lang='lat' dir='ltr'>ma,</span> <span class='ocrx_word' id='word_1_23' title='bbox 1069 828 1163 876; x_wconf 90' lang='lat' dir='ltr'>pro</span> <span class='ocrx_word' id='word_1_24' title='bbox 1192 819 1388 871; x_wconf 64' lang='lat' dir='ltr'>tumn,-</span> <span class='ocrx_word' id='word_1_25' title='bbox 1422 812 1544 862; x_wconf 87' lang='lat' dir='ltr'>iude</span> 
     </span>
     <span class='ocr_line' id='line_1_7' title="bbox 473 890 1545 954; baseline 0 -16"><span class='ocrx_word' id='word_1_26' title='bbox 473 904 540 938; x_wconf 81' lang='lat' dir='ltr'>ex</span> <span class='ocrx_word' id='word_1_27' title='bbox 573 890 869 952; x_wconf 70' lang='lat' dir='ltr'><strong>ignorantia</strong></span> <span class='ocrx_word' id='word_1_28' title='bbox 912 904 942 938; x_wconf 87' lang='lat' dir='ltr'>a</span> <span class='ocrx_word' id='word_1_29' title='bbox 970 891 1284 954; x_wconf 86' lang='lat' dir='ltr'>quibusdam</span> <span class='ocrx_word' id='word_1_30' title='bbox 1322 891 1545 939; x_wconf 90' lang='lat' dir='ltr'>librariis</span> 
     </span>
     <span class='ocr_line' id='line_1_8' title="bbox 472 964 1545 1029; baseline -0.002 -13"><span class='ocrx_word' id='word_1_31' title='bbox 472 971 697 1024; x_wconf 69' lang='lat' dir='ltr'>tantuna,-</span> <span class='ocrx_word' id='word_1_32' title='bbox 732 966 797 1016; x_wconf 90' lang='lat' dir='ltr'>ab</span> <span class='ocrx_word' id='word_1_33' title='bbox 830 966 945 1015; x_wconf 87' lang='lat' dir='ltr'>aliis</span> <span class='ocrx_word' id='word_1_34' title='bbox 981 971 1131 1022; x_wconf 70' lang='lat' dir='ltr'>tuum,</span> <span class='ocrx_word' id='word_1_35' title='bbox 1165 964 1325 1015; x_wconf 83' lang='lat' dir='ltr'>fuisse</span> <span class='ocrx_word' id='word_1_36' title='bbox 1351 966 1545 1029; x_wconf 87' lang='lat' dir='ltr'>reposi-</span> 
     </span>
     <span class='ocr_line' id='line_1_9' title="bbox 477 1043 1548 1108; baseline 0.001 -17"><span class='ocrx_word' id='word_1_37' title='bbox 477 1052 616 1104; x_wconf 85' lang='lat' dir='ltr'>tum;</span> <span class='ocrx_word' id='word_1_38' title='bbox 676 1051 731 1093; x_wconf 91' lang='lat' dir='ltr'>et</span> <span class='ocrx_word' id='word_1_39' title='bbox 789 1058 855 1092; x_wconf 80' lang='lat' dir='ltr'>ex</span> <span class='ocrx_word' id='word_1_40' title='bbox 902 1043 1168 1108; x_wconf 84' lang='lat' dir='ltr'>adscripto</span> <span class='ocrx_word' id='word_1_41' title='bbox 1216 1045 1548 1107; x_wconf 76' lang='lat' dir='ltr'><strong>glossemate,</strong></span> 
     </span>
     <span class='ocr_line' id='line_1_10' title="bbox 478 1121 1548 1186; baseline -0.001 -15"><span class='ocrx_word' id='word_1_42' title='bbox 478 1122 644 1186; x_wconf 74' lang='lat' dir='ltr'>quanti</span> <span class='ocrx_word' id='word_1_43' title='bbox 684 1126 885 1177; x_wconf 72' lang='lat' dir='ltr'>constet,</span> <span class='ocrx_word' id='word_1_44' title='bbox 930 1121 1070 1170; x_wconf 85' lang='lat' dir='ltr'>forte</span> <span class='ocrx_word' id='word_1_45' title='bbox 1112 1130 1381 1184; x_wconf 84' lang='lat' dir='ltr'>receptum</span> <span class='ocrx_word' id='word_1_46' title='bbox 1429 1135 1548 1170; x_wconf 80' lang='lat' dir='ltr'>esse</span> 
     </span>
     <span class='ocr_line' id='line_1_11' title="bbox 476 1197 1551 1261; baseline 0.002 -16"><span class='ocrx_word' id='word_1_47' title='bbox 476 1198 692 1247; x_wconf 76' lang='lat' dir='ltr'>verbum</span> <span class='ocrx_word' id='word_1_48' title='bbox 717 1203 937 1255; x_wconf 58' lang='lat' dir='ltr'>constan</span> <span class='ocrx_word' id='word_1_49' title='bbox 972 1206 1129 1261; x_wconf 83' lang='lat' dir='ltr'>atque</span> <span class='ocrx_word' id='word_1_50' title='bbox 1160 1197 1224 1245; x_wconf 87' lang='lat' dir='ltr'>ab</span> <span class='ocrx_word' id='word_1_51' title='bbox 1257 1197 1371 1246; x_wconf 89' lang='lat' dir='ltr'>aliis</span> <span class='ocrx_word' id='word_1_52' title='bbox 1395 1197 1551 1247; x_wconf 84' lang='lat' dir='ltr'>aliter</span> 
     </span>
     <span class='ocr_line' id='line_1_12' title="bbox 479 1275 1548 1339; baseline 0 -15"><span class='ocrx_word' id='word_1_53' title='bbox 479 1276 579 1325; x_wconf 87' lang='lat' dir='ltr'>ista</span> <span class='ocrx_word' id='word_1_54' title='bbox 605 1276 769 1325; x_wconf 83' lang='lat' dir='ltr'>verba</span> <span class='ocrx_word' id='word_1_55' title='bbox 800 1289 915 1324; x_wconf 88' lang='lat' dir='ltr'>esse</span> <span class='ocrx_word' id='word_1_56' title='bbox 949 1275 1145 1325; x_wconf 83' lang='lat' dir='ltr'>reficta.</span> <span class='ocrx_word' id='word_1_57' title='bbox 1213 1276 1354 1339; x_wconf 82' lang='lat' dir='ltr'>Ergo</span> <span class='ocrx_word' id='word_1_58' title='bbox 1376 1276 1548 1324; x_wconf 90' lang='lat' dir='ltr'>malim</span> 
     </span>
     <span class='ocr_line' id='line_1_13' title="bbox 482 1352 1549 1415; baseline -0.001 -14"><span class='ocrx_word' id='word_1_59' title='bbox 482 1353 621 1401; x_wconf 85' lang='lat' dir='ltr'>lutuc</span> <span class='ocrx_word' id='word_1_60' title='bbox 664 1353 830 1401; x_wconf 88' lang='lat' dir='ltr'>locum</span> <span class='ocrx_word' id='word_1_61' title='bbox 881 1352 955 1401; x_wconf 90' lang='lat' dir='ltr'>ita</span> <span class='ocrx_word' id='word_1_62' title='bbox 1001 1353 1338 1411; x_wconf 86' lang='lat' dir='ltr'>concinnare,</span> <span class='ocrx_word' id='word_1_63' title='bbox 1383 1353 1549 1415; x_wconf 70' lang='lat' dir='ltr'>velint,</span> 
     </span>
     <span class='ocr_line' id='line_1_14' title="bbox 480 1428 1551 1492; baseline -0.005 -12"><span class='ocrx_word' id='word_1_64' title='bbox 480 1429 651 1492; x_wconf 71' lang='lat' dir='ltr'>nolint,</span> <span class='ocrx_word' id='word_1_65' title='bbox 674 1428 831 1479; x_wconf 76' lang='lat' dir='ltr'>sciunt</span> <span class='ocrx_word' id='word_1_66' title='bbox 865 1434 1057 1485; x_wconf 64' lang='lat' dir='ltr'>lumem</span> <span class='ocrx_word' id='word_1_67' title='bbox 1087 1428 1451 1491; x_wconf 70' lang='lat' dir='ltr'>propositisque,</span> <span class='ocrx_word' id='word_1_68' title='bbox 1469 1429 1551 1490; x_wconf 58' lang='grc' dir='ltr'>ξε.</span> 
     </span>
     <span class='ocr_line' id='line_1_15' title="bbox 483 1504 1553 1567; baseline -0.002 -13"><span class='ocrx_word' id='word_1_69' title='bbox 483 1504 566 1554; x_wconf 86' lang='lat' dir='ltr'>Ne</span> <span class='ocrx_word' id='word_1_70' title='bbox 593 1518 714 1553; x_wconf 78' lang='lat' dir='ltr'>vero</span> <span class='ocrx_word' id='word_1_71' title='bbox 739 1504 888 1553; x_wconf 87' lang='lat' dir='ltr'>nimis</span> <span class='ocrx_word' id='word_1_72' title='bbox 907 1505 1075 1554; x_wconf 81' lang='lat' dir='ltr'>audax</span> <span class='ocrx_word' id='word_1_73' title='bbox 1100 1504 1329 1567; x_wconf 82' lang='lat' dir='ltr'>viderer,</span> <span class='ocrx_word' id='word_1_74' title='bbox 1353 1504 1394 1552; x_wconf 80' lang='lat' dir='ltr'>si</span> <span class='ocrx_word' id='word_1_75' title='bbox 1420 1505 1553 1552; x_wconf 85' lang='lat' dir='ltr'>banc</span> 
     </span>
     <span class='ocr_line' id='line_1_16' title="bbox 480 1581 1552 1645; baseline -0.003 -12"><span class='ocrx_word' id='word_1_76' title='bbox 480 1581 837 1645; x_wconf 77' lang='lat' dir='ltr'>conjecturam</span> <span class='ocrx_word' id='word_1_77' title='bbox 867 1581 977 1644; x_wconf 82' lang='lat' dir='ltr'>jam</span> <span class='ocrx_word' id='word_1_78' title='bbox 1016 1581 1298 1630; x_wconf 76' lang='lat' dir='ltr'>insererem</span> <span class='ocrx_word' id='word_1_79' title='bbox 1337 1590 1552 1630; x_wconf 81' lang='lat' dir='ltr'>contex-</span> 
     </span>
     <span class='ocr_line' id='line_1_17' title="bbox 484 1656 1553 1719; baseline -0.004 -12"><span class='ocrx_word' id='word_1_80' title='bbox 484 1658 594 1718; x_wconf 80' lang='lat' dir='ltr'>tui3</span> <span class='ocrx_word' id='word_1_81' title='bbox 641 1658 921 1719; x_wconf 82' lang='lat' dir='ltr'>tantisper,</span> <span class='ocrx_word' id='word_1_82' title='bbox 968 1658 1087 1705; x_wconf 88' lang='lat' dir='ltr'>dum</span> <span class='ocrx_word' id='word_1_83' title='bbox 1137 1658 1332 1706; x_wconf 87' lang='lat' dir='ltr'>certius</span> <span class='ocrx_word' id='word_1_84' title='bbox 1381 1656 1553 1704; x_wconf 87' lang='lat' dir='ltr'>lumen</span> 
     </span>
     <span class='ocr_line' id='line_1_18' title="bbox 486 1729 1554 1795; baseline -0.004 -13"><span class='ocrx_word' id='word_1_85' title='bbox 486 1731 697 1783; x_wconf 88' lang='lat' dir='ltr'>aliunde</span> <span class='ocrx_word' id='word_1_86' title='bbox 743 1730 1011 1792; x_wconf 76' lang='lat' dir='ltr'>afferatur,</span> <span class='ocrx_word' id='word_1_87' title='bbox 1057 1733 1318 1795; x_wconf 80' lang='lat' dir='ltr'>vulgatam</span> <span class='ocrx_word' id='word_1_88' title='bbox 1365 1729 1554 1781; x_wconf 85' lang='lat' dir='ltr'>retinui</span> 
     </span>
     <span class='ocr_line' id='line_1_19' title="bbox 486 1807 1556 1870; baseline -0.004 -12"><span class='ocrx_word' id='word_1_89' title='bbox 486 1808 784 1861; x_wconf 85' lang='lat' dir='ltr'>lectionem,</span> <span class='ocrx_word' id='word_1_90' title='bbox 827 1808 1179 1869; x_wconf 68' lang='lat' dir='ltr'>praetermisso</span> <span class='ocrx_word' id='word_1_91' title='bbox 1226 1807 1335 1855; x_wconf 91' lang='lat' dir='ltr'>solo</span> <span class='ocrx_word' id='word_1_92' title='bbox 1371 1820 1556 1870; x_wconf 88' lang='lat' dir='ltr'>prono-</span> 
     </span>
     <span class='ocr_line' id='line_1_20' title="bbox 488 1883 1557 1949; baseline -0.003 -14"><span class='ocrx_word' id='word_1_93' title='bbox 488 1886 628 1936; x_wconf 85' lang='lat' dir='ltr'>mine</span> <span class='ocrx_word' id='word_1_94' title='bbox 652 1890 801 1940; x_wconf 69' lang='lat' dir='ltr'>tuum,</span> <span class='ocrx_word' id='word_1_95' title='bbox 834 1883 972 1949; x_wconf 88' lang='lat' dir='ltr'>quod</span> <span class='ocrx_word' id='word_1_96' title='bbox 1000 1884 1169 1932; x_wconf 86' lang='lat' dir='ltr'>necin</span> <span class='ocrx_word' id='word_1_97' title='bbox 1208 1884 1385 1946; x_wconf 87' lang='lat' dir='ltr'>paucis</span> <span class='ocrx_word' id='word_1_98' title='bbox 1410 1884 1557 1933; x_wconf 85' lang='lat' dir='ltr'>libris</span> 
     </span>
     <span class='ocr_line' id='line_1_21' title="bbox 490 1957 1561 2024; baseline -0.004 -13"><span class='ocrx_word' id='word_1_99' title='bbox 490 1971 575 2011; x_wconf 90' lang='lat' dir='ltr'>est</span> <span class='ocrx_word' id='word_1_100' title='bbox 640 1960 1066 2024; x_wconf 77' lang='lat' dir='ltr'>praetermissuur.</span> <span class='ocrx_word' id='word_1_101' title='bbox 1137 1959 1282 2008; x_wconf 72' lang='lat' dir='ltr'>Tanti</span> <span class='ocrx_word' id='word_1_102' title='bbox 1334 1957 1561 2008; x_wconf 73' lang='lat' dir='ltr'>constat!</span> 
     </span>
     <span class='ocr_line' id='line_1_22' title="bbox 490 2034 1559 2099; baseline -0.006 -11"><span class='ocrx_word' id='word_1_103' title='bbox 490 2039 528 2088; x_wconf 87' lang='lat' dir='ltr'>i.</span> <span class='ocrx_word' id='word_1_104' title='bbox 553 2052 604 2087; x_wconf 89' lang='lat' dir='ltr'>e.</span> <span class='ocrx_word' id='word_1_105' title='bbox 630 2037 760 2085; x_wconf 87' lang='lat' dir='ltr'>tanti</span> <span class='ocrx_word' id='word_1_106' title='bbox 784 2045 883 2093; x_wconf 87' lang='lat' dir='ltr'>est,</span> <span class='ocrx_word' id='word_1_107' title='bbox 913 2042 972 2084; x_wconf 89' lang='lat' dir='ltr'>ut</span> <span class='ocrx_word' id='word_1_108' title='bbox 1006 2034 1192 2097; x_wconf 87' lang='lat' dir='ltr'>sciant,</span> <span class='ocrx_word' id='word_1_109' title='bbox 1215 2034 1337 2099; x_wconf 88' lang='lat' dir='ltr'>quid</span> <span class='ocrx_word' id='word_1_110' title='bbox 1362 2036 1559 2097; x_wconf 87' lang='lat' dir='ltr'>impen-</span> 
     </span>
     <span class='ocr_line' id='line_1_23' title="bbox 492 2112 1560 2176; baseline -0.005 -13"><span class='ocrx_word' id='word_1_111' title='bbox 492 2128 606 2164; x_wconf 87' lang='lat' dir='ltr'>sum</span> <span class='ocrx_word' id='word_1_112' title='bbox 635 2113 1034 2176; x_wconf 85' lang='lat' dir='ltr'>absumtumque</span> <span class='ocrx_word' id='word_1_113' title='bbox 1059 2112 1144 2161; x_wconf 89' lang='lat' dir='ltr'>sit.</span> <span class='ocrx_word' id='word_1_114' title='bbox 1198 2113 1445 2161; x_wconf 72' lang='lat' dir='ltr'>Rationes</span> <span class='ocrx_word' id='word_1_115' title='bbox 1467 2112 1560 2159; x_wconf 80' lang='lat' dir='ltr'>lin-</span> 
     </span>
     <span class='ocr_line' id='line_1_24' title="bbox 483 2189 1564 2255; baseline -0.004 -14"><span class='ocrx_word' id='word_1_116' title='bbox 483 2192 573 2255; x_wconf 77' lang='lat' dir='ltr'>jus</span> <span class='ocrx_word' id='word_1_117' title='bbox 597 2192 913 2253; x_wconf 80' lang='lat' dir='ltr'>conjecturae</span> <span class='ocrx_word' id='word_1_118' title='bbox 939 2199 994 2238; x_wconf 90' lang='lat' dir='ltr'>et</span> <span class='ocrx_word' id='word_1_119' title='bbox 1013 2189 1392 2239; x_wconf 77' lang='lat' dir='ltr'>emendationis</span> <span class='ocrx_word' id='word_1_120' title='bbox 1419 2190 1564 2252; x_wconf 85' lang='lat' dir='ltr'>paul·</span> 
     </span>
     <span class='ocr_line' id='line_1_25' title="bbox 493 2266 1565 2332; baseline -0.003 -15"><span class='ocrx_word' id='word_1_121' title='bbox 493 2270 544 2317; x_wconf 90' lang='lat' dir='ltr'>lo</span> <span class='ocrx_word' id='word_1_122' title='bbox 569 2268 802 2332; x_wconf 87' lang='lat' dir='ltr'>pluribus</span> <span class='ocrx_word' id='word_1_123' title='bbox 827 2266 1088 2330; x_wconf 85' lang='lat' dir='ltr'>expositas</span> <span class='ocrx_word' id='word_1_124' title='bbox 1128 2267 1247 2317; x_wconf 80' lang='lat' dir='ltr'>vide</span> <span class='ocrx_word' id='word_1_125' title='bbox 1271 2268 1322 2317; x_wconf 89' lang='lat' dir='ltr'>iu</span> <span class='ocrx_word' id='word_1_126' title='bbox 1347 2267 1565 2316; x_wconf 82' lang='lat' dir='ltr'>Excurs.</span> 
     </span>
     <span class='ocr_line' id='line_1_26' title="bbox 500 2345 831 2395; baseline -0.006 0"><span class='ocrx_word' id='word_1_127' title='bbox 500 2358 639 2395; x_wconf 79' lang='lat' dir='ltr'>xxv·</span> <span class='ocrx_word' id='word_1_128' title='bbox 677 2345 831 2394; x_wconf 79' lang='lat' dir='ltr'>Idem.</span> 
     </span>
    </p>

    <p class='ocr_par' dir='ltr' id='par_1_3' title="bbox 495 2420 1567 2624">
     <span class='ocr_line' id='line_1_27' title="bbox 568 2420 1566 2487; baseline 0 -16"><span class='ocrx_word' id='word_1_129' title='bbox 568 2420 714 2471; x_wconf 78' lang='lat' dir='ltr'>Tanti</span> <span class='ocrx_word' id='word_1_130' title='bbox 756 2422 967 2487; x_wconf 73' lang='lat' dir='ltr'>constal]</span> <span class='ocrx_word' id='word_1_131' title='bbox 1016 2421 1219 2472; x_wconf 76' lang='lat' dir='ltr'>Tantum</span> <span class='ocrx_word' id='word_1_132' title='bbox 1253 2425 1459 2481; x_wconf 74' lang='lat' dir='ltr'>constat,</span> <span class='ocrx_word' id='word_1_133' title='bbox 1491 2422 1566 2471; x_wconf 88' lang='lat' dir='ltr'>ita</span> 
     </span>
     <span class='ocr_line' id='line_1_28' title="bbox 495 2496 1567 2562; baseline 0.005 -17"><span class='ocrx_word' id='word_1_134' title='bbox 495 2496 748 2560; x_wconf 78' lang='lat' dir='ltr'>scriptum</span> <span class='ocrx_word' id='word_1_135' title='bbox 774 2505 829 2547; x_wconf 89' lang='lat' dir='ltr'>et</span> <span class='ocrx_word' id='word_1_136' title='bbox 866 2500 918 2547; x_wconf 92' lang='lat' dir='ltr'>in</span> <span class='ocrx_word' id='word_1_137' title='bbox 955 2499 1022 2548; x_wconf 91' lang='lat' dir='ltr'>V.</span> <span class='ocrx_word' id='word_1_138' title='bbox 1047 2512 1217 2562; x_wconf 89' lang='lat' dir='ltr'>neque</span> <span class='ocrx_word' id='word_1_139' title='bbox 1250 2499 1404 2548; x_wconf 89' lang='lat' dir='ltr'>aliter</span> <span class='ocrx_word' id='word_1_140' title='bbox 1428 2500 1480 2547; x_wconf 94' lang='lat' dir='ltr'>in</span> <span class='ocrx_word' id='word_1_141' title='bbox 1506 2500 1567 2550; x_wconf 93' lang='lat' dir='ltr'>C.</span> 
     </span>
     <span class='ocr_line' id='line_1_29' title="bbox 502 2572 772 2624; baseline 0.004 -1"><span class='ocrx_word' id='word_1_142' title='bbox 502 2572 572 2624; x_wconf 88' lang='lat' dir='ltr'>G.</span> <span class='ocrx_word' id='word_1_143' title='bbox 608 2573 772 2624; x_wconf 70' lang='lat' dir='ltr'>Livia.</span> 
     </span>
    </p>

    <p class='ocr_par' dir='ltr' id='par_1_4' title="bbox 499 2649 1572 3326">
     <span class='ocr_line' id='line_1_30' title="bbox 567 2649 1569 2713; baseline 0.003 -16"><span class='ocrx_word' id='word_1_144' title='bbox 567 2649 716 2697; x_wconf 74' lang='lat' dir='ltr'>Tanti</span> <span class='ocrx_word' id='word_1_145' title='bbox 756 2650 965 2713; x_wconf 78' lang='lat' dir='ltr'>constat]</span> <span class='ocrx_word' id='word_1_146' title='bbox 1012 2649 1157 2699; x_wconf 73' lang='lat' dir='ltr'>Tanti</span> <span class='ocrx_word' id='word_1_147' title='bbox 1191 2655 1324 2699; x_wconf 72' lang='lat' dir='ltr'>tuum</span> <span class='ocrx_word' id='word_1_148' title='bbox 1367 2655 1569 2700; x_wconf 71' lang='lat' dir='ltr'>constat.</span> 
     </span>
     <span class='ocr_line' id='line_1_31' title="bbox 499 2724 1569 2789; baseline 0.001 -13"><span class='ocrx_word' id='word_1_149' title='bbox 499 2724 865 2776; x_wconf 76' lang='lat' dir='ltr'>Admiuieuler</span> <span class='ocrx_word' id='word_1_150' title='bbox 900 2741 1016 2789; x_wconf 77' lang='lat' dir='ltr'>ego,</span> <span class='ocrx_word' id='word_1_151' title='bbox 1041 2734 1094 2776; x_wconf 86' lang='lat' dir='ltr'>et</span> <span class='ocrx_word' id='word_1_152' title='bbox 1129 2727 1408 2777; x_wconf 75' lang='lat' dir='ltr'>rescribam</span> <span class='ocrx_word' id='word_1_153' title='bbox 1440 2729 1569 2778; x_wconf 73' lang='lat' dir='ltr'>tanti</span> 
     </span>
     <span class='ocr_line' id='line_1_32' title="bbox 499 2803 1567 2859; baseline 0.002 -6"><span class='ocrx_word' id='word_1_154' title='bbox 499 2804 623 2853; x_wconf 73' lang='lat' dir='ltr'>itum</span> <span class='ocrx_word' id='word_1_155' title='bbox 643 2810 846 2859; x_wconf 72' lang='lat' dir='ltr'>censeat,</span> <span class='ocrx_word' id='word_1_156' title='bbox 865 2803 1139 2854; x_wconf 78' lang='lat' dir='ltr'>manifesta</span> <span class='ocrx_word' id='word_1_157' title='bbox 1163 2807 1441 2855; x_wconf 89' lang='lat' dir='ltr'>sententia.</span> <span class='ocrx_word' id='word_1_158' title='bbox 1479 2807 1567 2856; x_wconf 92' lang='lat' dir='ltr'>In·</span> 
     </span>
     <span class='ocr_line' id='line_1_33' title="bbox 502 2879 1568 2947; baseline 0.001 -17"><span class='ocrx_word' id='word_1_159' title='bbox 502 2879 586 2930; x_wconf 79' lang='lat' dir='ltr'>fra</span> <span class='ocrx_word' id='word_1_160' title='bbox 618 2895 841 2946; x_wconf 87' lang='lat' dir='ltr'>quoque,</span> <span class='ocrx_word' id='word_1_161' title='bbox 872 2882 889 2909; x_wconf 78' lang='lat'>⁸</span> <span class='ocrx_word' id='word_1_162' title='bbox 924 2881 1066 2932; x_wconf 83' lang='lat' dir='ltr'>Quin</span> <span class='ocrx_word' id='word_1_163' title='bbox 1100 2881 1257 2932; x_wconf 81' lang='lat' dir='ltr'>etiam</span> <span class='ocrx_word' id='word_1_164' title='bbox 1294 2883 1464 2932; x_wconf 68' lang='lat' dir='ltr'>Deu&#39;m</span> <span class='ocrx_word' id='word_1_165' title='bbox 1491 2884 1568 2947; x_wconf 89' lang='lat' dir='ltr'>ip·</span> 
     </span>
     <span class='ocr_line' id='line_1_34' title="bbox 505 2959 1570 3024; baseline 0.001 -15"><span class='ocrx_word' id='word_1_166' title='bbox 505 2972 619 3009; x_wconf 84' lang='lat' dir='ltr'>sum</span> <span class='ocrx_word' id='word_1_167' title='bbox 656 2966 798 3008; x_wconf 91' lang='lat' dir='ltr'>tuum</span> <span class='ocrx_word' id='word_1_168' title='bbox 835 2959 1048 3023; x_wconf 82' lang='lat' dir='ltr'>praerip.</span> <span class='ocrx_word' id='word_1_169' title='bbox 1085 2961 1285 3021; x_wconf 87' lang='lat' dir='ltr'>volupt.</span> <span class='ocrx_word' id='word_1_170' title='bbox 1308 2974 1456 3024; x_wconf 87' lang='lat' dir='ltr'>oper.</span> <span class='ocrx_word' id='word_1_171' title='bbox 1490 2961 1570 3010; x_wconf 84' lang='lat' dir='ltr'>sul</span> 
     </span>
     <span class='ocr_line' id='line_1_35' title="bbox 509 3033 1572 3099; baseline 0.002 -15"><span class='ocrx_word' id='word_1_172' title='bbox 509 3044 747 3099; x_wconf 76' lang='lat' dir='ltr'>percepi.</span> <span class='ocrx_word' id='word_1_173' title='bbox 772 3033 1123 3097; x_wconf 85' lang='lat' dir='ltr'>crediderim,&#39;</span> <span class='ocrx_word' id='word_1_174' title='bbox 1156 3035 1385 3086; x_wconf 83' lang='lat' dir='ltr'>fidenter</span> <span class='ocrx_word' id='word_1_175' title='bbox 1408 3037 1572 3086; x_wconf 81' lang='lat' dir='ltr'>corri-</span> 
     </span>
     <span class='ocr_line' id='line_1_36' title="bbox 506 3111 1571 3176; baseline 0.005 -17"><span class='ocrx_word' id='word_1_176' title='bbox 506 3125 643 3172; x_wconf 73' lang='lat' dir='ltr'>gam,</span> <span class='ocrx_word' id='word_1_177' title='bbox 667 3118 682 3139; x_wconf 78' lang='lat'><em>‘</em></span> <span class='ocrx_word' id='word_1_178' title='bbox 706 3112 879 3161; x_wconf 83' lang='lat' dir='ltr'>Deum</span> <span class='ocrx_word' id='word_1_179' title='bbox 905 3111 1070 3174; x_wconf 88' lang='lat' dir='ltr'>ipsum</span> <span class='ocrx_word' id='word_1_180' title='bbox 1099 3119 1203 3161; x_wconf 90' lang='lat' dir='ltr'>tum</span> <span class='ocrx_word' id='word_1_181' title='bbox 1223 3113 1448 3176; x_wconf 79' lang='lat' dir='ltr'>praerip.&#39;</span> <span class='ocrx_word' id='word_1_182' title='bbox 1483 3114 1571 3164; x_wconf 87' lang='lat' dir='ltr'>Iu·</span> 
     </span>
     <span class='ocr_line' id='line_1_37' title="bbox 508 3187 1572 3255; baseline 0.006 -19"><span class='ocrx_word' id='word_1_183' title='bbox 508 3187 701 3249; x_wconf 75' lang='lat' dir='ltr'>telligit</span> <span class='ocrx_word' id='word_1_184' title='bbox 739 3197 912 3237; x_wconf 87' lang='lat' dir='ltr'>autem</span> <span class='ocrx_word' id='word_1_185' title='bbox 955 3189 1160 3245; x_wconf 80' lang='lat' dir='ltr'>Jovem,</span> <span class='ocrx_word' id='word_1_186' title='bbox 1205 3191 1290 3254; x_wconf 90' lang='lat' dir='ltr'>qui</span> <span class='ocrx_word' id='word_1_187' title='bbox 1336 3191 1572 3255; x_wconf 81' lang='lat' dir='ltr'>capitolii</span> 
     </span>
     <span class='ocr_line' id='line_1_38' title="bbox 509 3263 911 3326; baseline 0.007 -16"><span class='ocrx_word' id='word_1_188' title='bbox 509 3276 716 3326; x_wconf 63' lang='lat' dir='ltr'>preses.</span> <span class='ocrx_word' id='word_1_189' title='bbox 749 3263 911 3314; x_wconf 75' lang='lat' dir='ltr'>Lis-in.</span> 
     </span>
    </p>

    <p class='ocr_par' dir='ltr' id='par_1_5' title="bbox 507 3339 1579 3867">
     <span class='ocr_line' id='line_1_39' title="bbox 576 3339 1572 3404; baseline 0.009 -16"><span class='ocrx_word' id='word_1_190' title='bbox 576 3339 723 3388; x_wconf 73' lang='lat' dir='ltr'>Tanti</span> <span class='ocrx_word' id='word_1_191' title='bbox 759 3340 969 3404; x_wconf 67' lang='lat' dir='ltr'>comtos]</span> <span class='ocrx_word' id='word_1_192' title='bbox 1026 3341 1171 3392; x_wconf 76' lang='lat' dir='ltr'>Tanti</span> <span class='ocrx_word' id='word_1_193' title='bbox 1213 3349 1348 3393; x_wconf 75' lang='lat' dir='ltr'>tuum</span> <span class='ocrx_word' id='word_1_194' title='bbox 1389 3351 1572 3397; x_wconf 67' lang='lat' dir='ltr'>contat</span> 
     </span>
     <span class='ocr_line' id='line_1_40' title="bbox 511 3414 1573 3484; baseline 0.008 -21"><span class='ocrx_word' id='word_1_195' title='bbox 511 3414 655 3478; x_wconf 82' lang='lat' dir='ltr'>Lips.</span> <span class='ocrx_word' id='word_1_196' title='bbox 727 3415 944 3465; x_wconf 86' lang='lat' dir='ltr'>Rectum</span> <span class='ocrx_word' id='word_1_197' title='bbox 959 3426 1060 3482; x_wconf 86' lang='lat' dir='ltr'>est,</span> <span class='ocrx_word' id='word_1_198' title='bbox 1082 3433 1180 3468; x_wconf 86' lang='lat' dir='ltr'>nec</span> <span class='ocrx_word' id='word_1_199' title='bbox 1203 3421 1463 3484; x_wconf 76' lang='lat' dir='ltr'>patienter</span> <span class='ocrx_word' id='word_1_200' title='bbox 1484 3437 1573 3471; x_wconf 89' lang='lat' dir='ltr'>au·</span> 
     </span>
     <span class='ocr_line' id='line_1_41' title="bbox 510 3491 1574 3558; baseline 0.007 -18"><span class='ocrx_word' id='word_1_201' title='bbox 510 3491 616 3549; x_wconf 82' lang='lat' dir='ltr'>dio,</span> <span class='ocrx_word' id='word_1_202' title='bbox 654 3491 740 3556; x_wconf 85' lang='lat' dir='ltr'>qui</span> <span class='ocrx_word' id='word_1_203' title='bbox 769 3502 1042 3558; x_wconf 88' lang='lat' dir='ltr'>conantur,</span> <span class='ocrx_word' id='word_1_204' title='bbox 1077 3497 1204 3545; x_wconf 74' lang='lat' dir='ltr'>tanti</span> <span class='ocrx_word' id='word_1_205' title='bbox 1240 3497 1379 3545; x_wconf 74' lang='lat' dir='ltr'>itum.</span> <span class='ocrx_word' id='word_1_206' title='bbox 1443 3500 1574 3551; x_wconf 84' lang='lat' dir='ltr'>Quis</span> 
     </span>
     <span class='ocr_line' id='line_1_42' title="bbox 512 3569 1577 3635; baseline 0.005 -15"><span class='ocrx_word' id='word_1_207' title='bbox 512 3569 628 3620; x_wconf 85' lang='lat' dir='ltr'>finis</span> <span class='ocrx_word' id='word_1_208' title='bbox 666 3572 862 3621; x_wconf 64' lang='lat' dir='ltr'>critice.</span> <span class='ocrx_word' id='word_1_209' title='bbox 906 3574 1220 3635; x_wconf 81' lang='lat' dir='ltr'>pruriginis?</span> <span class='ocrx_word' id='word_1_210' title='bbox 1263 3574 1488 3624; x_wconf 85' lang='lat' dir='ltr'>Rectum</span> <span class='ocrx_word' id='word_1_211' title='bbox 1522 3583 1577 3625; x_wconf 80' lang='lat' dir='ltr'>et</span> 
     </span>
     <span class='ocr_line' id='line_1_43' title="bbox 510 3648 1579 3715; baseline 0.005 -18"><span class='ocrx_word' id='word_1_212' title='bbox 510 3648 706 3697; x_wconf 86' lang='lat' dir='ltr'>clarum</span> <span class='ocrx_word' id='word_1_213' title='bbox 740 3656 840 3702; x_wconf 87' lang='lat' dir='ltr'>est,</span> <span class='ocrx_word' id='word_1_214' title='bbox 875 3656 931 3696; x_wconf 88' lang='lat' dir='ltr'>ut</span> <span class='ocrx_word' id='word_1_215' title='bbox 966 3649 1094 3699; x_wconf 81' lang='lat' dir='ltr'>dixi.</span> <span class='ocrx_word' id='word_1_216' title='bbox 1159 3650 1364 3713; x_wconf 84' lang='lat' dir='ltr'>Sciant,</span> <span class='ocrx_word' id='word_1_217' title='bbox 1388 3651 1579 3715; x_wconf 88' lang='lat' dir='ltr'>inquit,</span> 
     </span>
     <span class='ocr_line' id='line_1_44' title="bbox 507 3726 1578 3792; baseline 0.006 -18"><span class='ocrx_word' id='word_1_218' title='bbox 507 3726 729 3790; x_wconf 75' lang='lat' dir='ltr'>posteri,</span> <span class='ocrx_word' id='word_1_219' title='bbox 767 3727 900 3776; x_wconf 86' lang='lat' dir='ltr'>tanti</span> <span class='ocrx_word' id='word_1_220' title='bbox 936 3734 1078 3776; x_wconf 87' lang='lat' dir='ltr'>tuum</span> <span class='ocrx_word' id='word_1_221' title='bbox 1116 3727 1217 3777; x_wconf 89' lang='lat' dir='ltr'>iter</span> <span class='ocrx_word' id='word_1_222' title='bbox 1245 3729 1578 3792; x_wconf 86' lang='lat' dir='ltr'>constitisse;</span> 
     </span>
     <span class='ocr_line' id='line_1_45' title="bbox 514 3803 1091 3867; baseline -0.003 -13"><span class='ocrx_word' id='word_1_223' title='bbox 514 3805 667 3867; x_wconf 87' lang='lat' dir='ltr'>tanti,</span> <span class='ocrx_word' id='word_1_224' title='bbox 691 3803 924 3854; x_wconf 85' lang='lat' dir='ltr'>alterius.</span> <span class='ocrx_word' id='word_1_225' title='bbox 957 3804 1091 3867; x_wconf 76' lang='lat' dir='ltr'>Lips.</span> 
     </span>
    </p>

    <p class='ocr_par' dir='ltr' id='par_1_6' title="bbox 512 3879 1579 4087">
     <span class='ocr_line' id='line_1_46' title="bbox 586 3879 1579 3943; baseline 0.005 -14"><span class='ocrx_word' id='word_1_226' title='bbox 586 3879 732 3930; x_wconf 75' lang='lat' dir='ltr'>Tanti</span> <span class='ocrx_word' id='word_1_227' title='bbox 775 3879 983 3943; x_wconf 73' lang='lat' dir='ltr'>constat]</span> <span class='ocrx_word' id='word_1_228' title='bbox 1045 3881 1207 3931; x_wconf 68' lang='lat' dir='ltr'>Lirin.</span> <span class='ocrx_word' id='word_1_229' title='bbox 1268 3882 1415 3932; x_wconf 73' lang='lat' dir='ltr'>Teati</span> <span class='ocrx_word' id='word_1_230' title='bbox 1457 3886 1579 3934; x_wconf 69' lang='lat' dir='ltr'>itum</span> 
     </span>
     <span class='ocr_line' id='line_1_47' title="bbox 513 3956 1578 4014; baseline 0.003 -7"><span class='ocrx_word' id='word_1_231' title='bbox 513 3962 716 4007; x_wconf 68' lang='lat' dir='ltr'>conatae.</span> <span class='ocrx_word' id='word_1_232' title='bbox 784 3956 984 4014; x_wconf 87' lang='lat' dir='ltr'>Malim,</span> <span class='ocrx_word' id='word_1_233' title='bbox 1022 3957 1149 4006; x_wconf 74' lang='lat' dir='ltr'>tanti</span> <span class='ocrx_word' id='word_1_234' title='bbox 1180 3957 1275 4007; x_wconf 73' lang='lat' dir='ltr'>iter</span> <span class='ocrx_word' id='word_1_235' title='bbox 1302 3964 1437 4008; x_wconf 69' lang='lat' dir='ltr'>tuum</span> <span class='ocrx_word' id='word_1_236' title='bbox 1468 3976 1578 4010; x_wconf 79' lang='lat' dir='ltr'>con·</span> 
     </span>
     <span class='ocr_line' id='line_1_48' title="bbox 512 4035 919 4087; baseline -0.01 0"><span class='ocrx_word' id='word_1_237' title='bbox 512 4041 632 4087; x_wconf 72' lang='lat' dir='ltr'>slat.</span> <span class='ocrx_word' id='word_1_238' title='bbox 665 4035 919 4085; x_wconf 83' lang='lat' dir='ltr'>Rittersb.</span> 
     </span>
    </p>

    <p class='ocr_par' dir='ltr' id='par_1_7' title="bbox 516 4108 1579 4316">
     <span class='ocr_line' id='line_1_49' title="bbox 583 4108 1579 4175; baseline -0.001 -13"><span class='ocrx_word' id='word_1_239' title='bbox 583 4112 807 4170; x_wconf 57' lang='lat' dir='ltr'>Homul</span> <span class='ocrx_word' id='word_1_240' title='bbox 828 4108 972 4173; x_wconf 69' lang='lat' dir='ltr'>iuna]</span> <span class='ocrx_word' id='word_1_241' title='bbox 1018 4109 1307 4160; x_wconf 86' lang='lat' dir='ltr'>Domitiani</span> <span class='ocrx_word' id='word_1_242' title='bbox 1342 4125 1579 4175; x_wconf 79' lang='lat' dir='ltr'>pravum,</span> 
     </span>
     <span class='ocr_line' id='line_1_50' title="bbox 516 4186 1578 4252; baseline 0.004 -17"><span class='ocrx_word' id='word_1_243' title='bbox 516 4195 608 4236; x_wconf 88' lang='lat' dir='ltr'>aut</span> <span class='ocrx_word' id='word_1_244' title='bbox 631 4188 885 4252; x_wconf 87' lang='lat' dir='ltr'>optimum</span> <span class='ocrx_word' id='word_1_245' title='bbox 905 4186 1117 4250; x_wconf 84' lang='lat' dir='ltr'>Trajani</span> <span class='ocrx_word' id='word_1_246' title='bbox 1142 4187 1455 4251; x_wconf 79' lang='lat' dir='ltr'>exemplum.</span> <span class='ocrx_word' id='word_1_247' title='bbox 1474 4190 1578 4239; x_wconf 85' lang='lat' dir='ltr'>Pu·</span> 
     </span>
     <span class='ocr_line' id='line_1_51' title="bbox 516 4270 659 4316; baseline -0.028 -1"><span class='ocrx_word' id='word_1_248' title='bbox 516 4270 659 4316; x_wconf 63' lang='lat' dir='ltr'>torol.</span> 
     </span>
    </p>
   </div>
   <div class='ocr_carea' id='block_1_3' title="bbox 1162 362 1981 415">
    <p class='ocr_par' dir='ltr' id='par_1_8' title="bbox 1162 362 1981 415">
     <span class='ocr_line' id='line_1_52' title="bbox 1162 362 1981 415; baseline -0.004 -1"><span class='ocrx_word' id='word_1_249' title='bbox 1162 366 1383 415; x_wconf 76' lang='lat' dir='ltr'>No&#39;rAE</span> <span class='ocrx_word' id='word_1_250' title='bbox 1439 364 1848 413; x_wconf 66' lang='lat' dir='ltr'>vamoRuM</span> <span class='ocrx_word' id='word_1_251' title='bbox 1901 362 1981 412; x_wconf 73' lang='lat' dir='ltr'>m</span> 
     </span>
    </p>
   </div>
   <div class='ocr_carea' id='block_1_4' title="bbox 1617 504 2723 4335">
    <p class='ocr_par' dir='ltr' id='par_1_9' title="bbox 1617 504 2686 634">
     <span class='ocr_line' id='line_1_53' title="bbox 1684 504 2686 573; baseline -0.003 -16"><span class='ocrx_word' id='word_1_252' title='bbox 1684 508 1826 558; x_wconf 66' lang='lat' dir='ltr'>Cu.</span> <span class='ocrx_word' id='word_1_253' title='bbox 1871 519 1993 556; x_wconf 81' lang='lat' dir='ltr'>xxr.</span> <span class='ocrx_word' id='word_1_254' title='bbox 2049 505 2239 556; x_wconf 78' lang='grc' dir='ltr'><strong>Νοιιιειι</strong></span> <span class='ocrx_word' id='word_1_255' title='bbox 2276 505 2437 568; x_wconf 76' lang='lat' dir='ltr'>patris</span> <span class='ocrx_word' id='word_1_256' title='bbox 2481 504 2686 573; x_wconf 74' lang='lat' dir='ltr'>patrie]</span> 
     </span>
     <span class='ocr_line' id='line_1_54' title="bbox 1617 581 2649 634; baseline -0.003 -1"><span class='ocrx_word' id='word_1_257' title='bbox 1617 585 1732 634; x_wconf 84' lang='lat' dir='ltr'>Vox</span> <span class='ocrx_word' id='word_1_258' title='bbox 1757 599 1924 633; x_wconf 81' lang='lat' dir='ltr'>nomen</span> <span class='ocrx_word' id='word_1_259' title='bbox 1950 582 2101 631; x_wconf 88' lang='lat' dir='ltr'>abest</span> <span class='ocrx_word' id='word_1_260' title='bbox 2123 583 2188 631; x_wconf 89' lang='lat' dir='ltr'>V.</span> <span class='ocrx_word' id='word_1_261' title='bbox 2211 589 2373 631; x_wconf 85' lang='lat' dir='ltr'>recte.</span> <span class='ocrx_word' id='word_1_262' title='bbox 2408 581 2649 631; x_wconf 68' lang='lat' dir='ltr'>Ritus-sh-</span> 
     </span>
    </p>

    <p class='ocr_par' dir='ltr' id='par_1_10' title="bbox 1619 658 2697 1630">
     <span class='ocr_line' id='line_1_55' title="bbox 1684 658 2689 724; baseline -0.003 -15"><span class='ocrx_word' id='word_1_263' title='bbox 1684 661 1857 710; x_wconf 78' lang='lat' dir='ltr'>Putrs&#39;s</span> <span class='ocrx_word' id='word_1_264' title='bbox 1897 659 2100 724; x_wconf 71' lang='lat' dir='ltr'>patric]</span> <span class='ocrx_word' id='word_1_265' title='bbox 2162 658 2460 722; x_wconf 75' lang='lat' dir='ltr'>Principes,</span> <span class='ocrx_word' id='word_1_266' title='bbox 2519 672 2689 722; x_wconf 69' lang='lat' dir='ltr'>reges,</span> 
     </span>
     <span class='ocr_line' id='line_1_56' title="bbox 1619 734 2691 799; baseline -0.002 -13"><span class='ocrx_word' id='word_1_267' title='bbox 1619 737 1964 799; x_wconf 89' lang='lat' dir='ltr'>imperatores</span> <span class='ocrx_word' id='word_1_268' title='bbox 2000 734 2339 799; x_wconf 79' lang='lat' dir='ltr'>appellabant</span> <span class='ocrx_word' id='word_1_269' title='bbox 2375 742 2553 797; x_wconf 86' lang='lat' dir='ltr'>patres</span> <span class='ocrx_word' id='word_1_270' title='bbox 2596 748 2691 798; x_wconf 89' lang='lat' dir='ltr'>pa·</span> 
     </span>
     <span class='ocr_line' id='line_1_57' title="bbox 1619 810 2687 876; baseline -0.002 -14"><span class='ocrx_word' id='word_1_271' title='bbox 1619 814 1751 875; x_wconf 80' lang='lat' dir='ltr'>triae,</span> <span class='ocrx_word' id='word_1_272' title='bbox 1812 820 2057 876; x_wconf 90' lang='lat' dir='ltr'>parentes</span> <span class='ocrx_word' id='word_1_273' title='bbox 2123 810 2381 875; x_wconf 87' lang='lat' dir='ltr'>publicos,</span> <span class='ocrx_word' id='word_1_274' title='bbox 2436 810 2687 860; x_wconf 85' lang='lat' dir='ltr'>bonarum</span> 
     </span>
     <span class='ocr_line' id='line_1_58' title="bbox 1621 888 2690 950; baseline -0.004 -11"><span class='ocrx_word' id='word_1_275' title='bbox 1621 898 1859 939; x_wconf 87' lang='lat' dir='ltr'>auctores</span> <span class='ocrx_word' id='word_1_276' title='bbox 1884 889 2172 950; x_wconf 89' lang='lat' dir='ltr'>literarum,</span> <span class='ocrx_word' id='word_1_277' title='bbox 2194 894 2254 937; x_wconf 89' lang='lat' dir='ltr'>ut</span> <span class='ocrx_word' id='word_1_278' title='bbox 2268 895 2541 936; x_wconf 86' lang='lat' dir='ltr'>mouerent</span> <span class='ocrx_word' id='word_1_279' title='bbox 2565 888 2690 936; x_wconf 84' lang='lat' dir='ltr'>sub·</span> 
     </span>
     <span class='ocr_line' id='line_1_59' title="bbox 1621 963 2690 1028; baseline 0.001 -15"><span class='ocrx_word' id='word_1_280' title='bbox 1621 965 1778 1026; x_wconf 83' lang='lat' dir='ltr'>ditos,</span> <span class='ocrx_word' id='word_1_281' title='bbox 1820 967 1896 1014; x_wconf 92' lang='lat' dir='ltr'>uti</span> <span class='ocrx_word' id='word_1_282' title='bbox 1946 965 2196 1028; x_wconf 80' lang='lat' dir='ltr'>pietatem</span> <span class='ocrx_word' id='word_1_283' title='bbox 2243 963 2377 1019; x_wconf 83' lang='lat' dir='ltr'>Deo,</span> <span class='ocrx_word' id='word_1_284' title='bbox 2434 964 2690 1027; x_wconf 81' lang='lat' dir='ltr'>pietatem</span> 
     </span>
     <span class='ocr_line' id='line_1_60' title="bbox 1621 1040 2694 1106; baseline -0.001 -16"><span class='ocrx_word' id='word_1_285' title='bbox 1621 1042 1830 1106; x_wconf 66' lang='lat' dir='ltr'>patriar,</span> <span class='ocrx_word' id='word_1_286' title='bbox 1853 1042 2105 1105; x_wconf 80' lang='lat' dir='ltr'>pietatem</span> <span class='ocrx_word' id='word_1_287' title='bbox 2132 1040 2456 1104; x_wconf 88' lang='lat' dir='ltr'>parentibus,</span> <span class='ocrx_word' id='word_1_288' title='bbox 2482 1047 2694 1089; x_wconf 85' lang='lat' dir='ltr'>natura·</span> 
     </span>
     <span class='ocr_line' id='line_1_61' title="bbox 1622 1116 2692 1183; baseline -0.001 -15"><span class='ocrx_word' id='word_1_289' title='bbox 1622 1120 1743 1169; x_wconf 89' lang='lat' dir='ltr'>liter</span> <span class='ocrx_word' id='word_1_290' title='bbox 1793 1128 1848 1167; x_wconf 90' lang='lat' dir='ltr'>et</span> <span class='ocrx_word' id='word_1_291' title='bbox 1885 1119 2009 1183; x_wconf 84' lang='lat' dir='ltr'>jure</span> <span class='ocrx_word' id='word_1_292' title='bbox 2056 1118 2290 1180; x_wconf 74' lang='lat' dir='ltr'>gentium</span> <span class='ocrx_word' id='word_1_293' title='bbox 2326 1116 2574 1181; x_wconf 85' lang='lat' dir='ltr'>debeant,</span> <span class='ocrx_word' id='word_1_294' title='bbox 2614 1117 2692 1168; x_wconf 87' lang='lat' dir='ltr'>lta</span> 
     </span>
     <span class='ocr_line' id='line_1_62' title="bbox 1625 1192 2696 1260; baseline -0.003 -15"><span class='ocrx_word' id='word_1_295' title='bbox 1625 1196 1848 1260; x_wconf 81' lang='lat' dir='ltr'>principi</span> <span class='ocrx_word' id='word_1_296' title='bbox 1884 1210 1974 1244; x_wconf 86' lang='lat' dir='ltr'>suo</span> <span class='ocrx_word' id='word_1_297' title='bbox 2003 1201 2249 1259; x_wconf 85' lang='lat' dir='ltr'>tauquam</span> <span class='ocrx_word' id='word_1_298' title='bbox 2282 1193 2487 1258; x_wconf 84' lang='lat' dir='ltr'>parenti</span> <span class='ocrx_word' id='word_1_299' title='bbox 2527 1192 2696 1257; x_wconf 88' lang='lat' dir='ltr'>publi-</span> 
     </span>
     <span class='ocr_line' id='line_1_63' title="bbox 1626 1270 2697 1335; baseline -0.003 -13"><span class='ocrx_word' id='word_1_300' title='bbox 1626 1288 1710 1322; x_wconf 84' lang='lat' dir='ltr'>co.</span> <span class='ocrx_word' id='word_1_301' title='bbox 1779 1274 1868 1322; x_wconf 86' lang='lat' dir='ltr'>Sic</span> <span class='ocrx_word' id='word_1_302' title='bbox 1896 1272 2090 1335; x_wconf 85' lang='lat' dir='ltr'>primus</span> <span class='ocrx_word' id='word_1_303' title='bbox 2125 1271 2298 1320; x_wconf 84' lang='lat' dir='ltr'>dictus</span> <span class='ocrx_word' id='word_1_304' title='bbox 2333 1270 2540 1320; x_wconf 87' lang='lat' dir='ltr'>Cicero.</span> <span class='ocrx_word' id='word_1_305' title='bbox 2566 1270 2697 1319; x_wconf 86' lang='lat' dir='ltr'>Plu·</span> 
     </span>
     <span class='ocr_line' id='line_1_64' title="bbox 1626 1346 2695 1400; baseline 0 -3"><span class='ocrx_word' id='word_1_306' title='bbox 1626 1350 1794 1398; x_wconf 81' lang='lat' dir='ltr'>tarcli.</span> <span class='ocrx_word' id='word_1_307' title='bbox 1828 1350 2069 1400; x_wconf 83' lang='lat' dir='ltr'>Juvenal.</span> <span class='ocrx_word' id='word_1_308' title='bbox 2108 1349 2223 1397; x_wconf 85' lang='lat' dir='ltr'>Sat.</span> <span class='ocrx_word' id='word_1_309' title='bbox 2263 1360 2390 1396; x_wconf 79' lang='lat' dir='ltr'>vin.</span> <span class='ocrx_word' id='word_1_310' title='bbox 2429 1346 2568 1395; x_wconf 87' lang='lat' dir='ltr'>Plin.</span> <span class='ocrx_word' id='word_1_311' title='bbox 2600 1348 2695 1397; x_wconf 81' lang='lat' dir='ltr'>Se·-</span> 
     </span>
     <span class='ocr_line' id='line_1_65' title="bbox 1627 1424 2696 1488; baseline -0.002 -13"><span class='ocrx_word' id='word_1_312' title='bbox 1627 1426 1739 1476; x_wconf 89' lang='lat' dir='ltr'>uior</span> <span class='ocrx_word' id='word_1_313' title='bbox 1762 1427 1851 1475; x_wconf 86' lang='lat' dir='ltr'>lib.</span> <span class='ocrx_word' id='word_1_314' title='bbox 1880 1439 1977 1474; x_wconf 83' lang='lat' dir='ltr'>vn.</span> <span class='ocrx_word' id='word_1_315' title='bbox 2003 1424 2228 1488; x_wconf 82' lang='lat' dir='ltr'>Appian.</span> <span class='ocrx_word' id='word_1_316' title='bbox 2264 1425 2357 1473; x_wconf 87' lang='lat' dir='ltr'>lib.</span> <span class='ocrx_word' id='word_1_317' title='bbox 2393 1437 2453 1474; x_wconf 92' lang='grc' dir='ltr'>ιι.</span> <span class='ocrx_word' id='word_1_318' title='bbox 2490 1425 2556 1472; x_wconf 89' lang='lat' dir='ltr'>ab</span> <span class='ocrx_word' id='word_1_319' title='bbox 2590 1424 2696 1474; x_wconf 89' lang='lat' dir='ltr'>isto</span> 
     </span>
     <span class='ocr_line' id='line_1_66' title="bbox 1628 1500 2694 1566; baseline -0.003 -13"><span class='ocrx_word' id='word_1_320' title='bbox 1628 1504 1772 1553; x_wconf 82' lang='lat' dir='ltr'>veuit</span> <span class='ocrx_word' id='word_1_321' title='bbox 1799 1503 1848 1551; x_wconf 91' lang='lat' dir='ltr'>iu</span> <span class='ocrx_word' id='word_1_322' title='bbox 1887 1502 2195 1566; x_wconf 79' lang='lat' dir='ltr'>Augustum,</span> <span class='ocrx_word' id='word_1_323' title='bbox 2216 1502 2433 1552; x_wconf 87' lang='lat' dir='ltr'>Sueton.</span> <span class='ocrx_word' id='word_1_324' title='bbox 2468 1500 2611 1564; x_wconf 75' lang='lat' dir='ltr'>Aug.</span> <span class='ocrx_word' id='word_1_325' title='bbox 2644 1514 2694 1551; x_wconf 88' lang='lat' dir='ltr'>e.</span> 
     </span>
     <span class='ocr_line' id='line_1_67' title="bbox 1628 1580 1903 1630; baseline -0.018 -1"><span class='ocrx_word' id='word_1_326' title='bbox 1628 1585 1711 1630; x_wconf 81' lang='lat'>58.</span> <span class='ocrx_word' id='word_1_327' title='bbox 1746 1580 1903 1628; x_wconf 82' lang='lat' dir='ltr'>Bern.</span> 
     </span>
    </p>

    <p class='ocr_par' dir='ltr' id='par_1_11' title="bbox 1631 1653 2700 2180">
     <span class='ocr_line' id='line_1_68' title="bbox 1696 1653 2696 1720; baseline -0.002 -15"><span class='ocrx_word' id='word_1_328' title='bbox 1696 1656 1872 1705; x_wconf 76' lang='lat' dir='ltr'>Patris</span> <span class='ocrx_word' id='word_1_329' title='bbox 1908 1654 2109 1720; x_wconf 70' lang='lat' dir='ltr'>patria]</span> <span class='ocrx_word' id='word_1_330' title='bbox 2163 1656 2368 1706; x_wconf 85' lang='lat' dir='ltr'>Nomen</span> <span class='ocrx_word' id='word_1_331' title='bbox 2408 1655 2505 1704; x_wconf 85' lang='lat' dir='ltr'>boe</span> <span class='ocrx_word' id='word_1_332' title='bbox 2546 1653 2696 1703; x_wconf 75' lang='lat' dir='ltr'>valde</span> 
     </span>
     <span class='ocr_line' id='line_1_69' title="bbox 1631 1730 2696 1792; baseline -0.003 -10"><span class='ocrx_word' id='word_1_333' title='bbox 1631 1732 1900 1783; x_wconf 79' lang='lat' dir='ltr'>decorum.</span> <span class='ocrx_word' id='word_1_334' title='bbox 1968 1732 2175 1781; x_wconf 79' lang='lat' dir='ltr'>Primus</span> <span class='ocrx_word' id='word_1_335' title='bbox 2204 1730 2331 1780; x_wconf 84' lang='lat' dir='ltr'>illud</span> <span class='ocrx_word' id='word_1_336' title='bbox 2367 1731 2590 1792; x_wconf 85' lang='lat' dir='ltr'>accepit,</span> <span class='ocrx_word' id='word_1_337' title='bbox 2627 1744 2696 1780; x_wconf 82' lang='lat' dir='ltr'>ex</span> 
     </span>
     <span class='ocr_line' id='line_1_70' title="bbox 1632 1807 2698 1867; baseline 0 -10"><span class='ocrx_word' id='word_1_338' title='bbox 1632 1817 1838 1858; x_wconf 90' lang='lat' dir='ltr'>senatus</span> <span class='ocrx_word' id='word_1_339' title='bbox 1863 1807 2086 1857; x_wconf 83' lang='lat' dir='ltr'>universi</span> <span class='ocrx_word' id='word_1_340' title='bbox 2110 1809 2394 1867; x_wconf 84' lang='lat' dir='ltr'>sententia,</span> <span class='ocrx_word' id='word_1_341' title='bbox 2419 1808 2497 1856; x_wconf 80' lang='lat' dir='ltr'>M.</span> <span class='ocrx_word' id='word_1_342' title='bbox 2522 1808 2585 1856; x_wconf 81' lang='lat' dir='ltr'>T.</span> <span class='ocrx_word' id='word_1_343' title='bbox 2608 1808 2698 1857; x_wconf 85' lang='lat' dir='ltr'>Ci-</span> 
     </span>
     <span class='ocr_line' id='line_1_71' title="bbox 1633 1884 2697 1950; baseline -0.004 -12"><span class='ocrx_word' id='word_1_344' title='bbox 1633 1903 1791 1948; x_wconf 71' lang='grc' dir='ltr'><strong>(εει-ος</strong></span> <span class='ocrx_word' id='word_1_345' title='bbox 1824 1896 1883 1936; x_wconf 80' lang='grc' dir='ltr'>ιιι</span> <span class='ocrx_word' id='word_1_346' title='bbox 1917 1887 2027 1950; x_wconf 86' lang='lat' dir='ltr'>ipse</span> <span class='ocrx_word' id='word_1_347' title='bbox 2064 1893 2307 1946; x_wconf 86' lang='lat' dir='ltr'>testatur,</span> <span class='ocrx_word' id='word_1_348' title='bbox 2331 1884 2484 1934; x_wconf 89' lang='lat' dir='ltr'>Orat.</span> <span class='ocrx_word' id='word_1_349' title='bbox 2518 1884 2570 1934; x_wconf 92' lang='lat' dir='ltr'>iu</span> <span class='ocrx_word' id='word_1_350' title='bbox 2605 1885 2697 1934; x_wconf 83' lang='lat' dir='ltr'>Pi·</span> 
     </span>
     <span class='ocr_line' id='line_1_72' title="bbox 1634 1962 2698 2026; baseline -0.002 -11"><span class='ocrx_word' id='word_1_351' title='bbox 1634 1981 1744 2015; x_wconf 91' lang='lat' dir='ltr'>son.</span> <span class='ocrx_word' id='word_1_352' title='bbox 1776 1972 1830 2013; x_wconf 81' lang='lat' dir='ltr'>et</span> <span class='ocrx_word' id='word_1_353' title='bbox 1865 1963 2137 2014; x_wconf 80' lang='lat' dir='ltr'>coufirmat</span> <span class='ocrx_word' id='word_1_354' title='bbox 2183 1977 2289 2026; x_wconf 72' lang='lat' dir='ltr'>proe</span> <span class='ocrx_word' id='word_1_355' title='bbox 2327 1962 2520 2012; x_wconf 87' lang='lat' dir='ltr'>ceteris</span> <span class='ocrx_word' id='word_1_356' title='bbox 2557 1962 2698 2013; x_wconf 88' lang='lat' dir='ltr'>Plin.</span> 
     </span>
     <span class='ocr_line' id='line_1_73' title="bbox 1637 2039 2700 2106; baseline -0.004 -14"><span class='ocrx_word' id='word_1_357' title='bbox 1637 2043 1808 2106; x_wconf 84' lang='lat' dir='ltr'>Epist.</span> <span class='ocrx_word' id='word_1_358' title='bbox 1835 2054 1933 2089; x_wconf 85' lang='lat' dir='ltr'>vn.</span> <span class='ocrx_word' id='word_1_359' title='bbox 1950 2045 2032 2089; x_wconf 74' lang='lat'>30.</span> <span class='ocrx_word' id='word_1_360' title='bbox 2055 2048 2070 2069; x_wconf 74' lang='lat'>⁸</span> <span class='ocrx_word' id='word_1_361' title='bbox 2087 2040 2240 2089; x_wconf 81' lang='lat' dir='ltr'>Salve</span> <span class='ocrx_word' id='word_1_362' title='bbox 2260 2040 2449 2102; x_wconf 83' lang='lat' dir='ltr'>primns</span> <span class='ocrx_word' id='word_1_363' title='bbox 2474 2039 2700 2088; x_wconf 75' lang='lat' dir='ltr'>omniun</span> 
     </span>
     <span class='ocr_line' id='line_1_74' title="bbox 1638 2115 2604 2180; baseline -0.004 -13"><span class='ocrx_word' id='word_1_364' title='bbox 1638 2118 1805 2167; x_wconf 85' lang='lat' dir='ltr'>Pater</span> <span class='ocrx_word' id='word_1_365' title='bbox 1832 2117 2026 2166; x_wconf 80' lang='lat' dir='ltr'>Patriae</span> <span class='ocrx_word' id='word_1_366' title='bbox 2049 2115 2350 2180; x_wconf 65' lang='lat' dir='ltr'>appellate!</span> <span class='ocrx_word' id='word_1_367' title='bbox 2385 2116 2604 2165; x_wconf 72' lang='lat' dir='ltr'>Palm!-</span> 
     </span>
    </p>

    <p class='ocr_par' dir='ltr' id='par_1_12' title="bbox 1636 2191 2711 3239">
     <span class='ocr_line' id='line_1_75' title="bbox 1704 2191 2701 2255; baseline 0 -14"><span class='ocrx_word' id='word_1_368' title='bbox 1704 2193 1889 2241; x_wconf 75' lang='lat' dir='ltr'>Nomeu</span> <span class='ocrx_word' id='word_1_369' title='bbox 1918 2192 2091 2241; x_wconf 71' lang='lat' dir='ltr'>Putris</span> <span class='ocrx_word' id='word_1_370' title='bbox 2124 2191 2337 2255; x_wconf 69' lang='lat' dir='ltr'>Putria]</span> <span class='ocrx_word' id='word_1_371' title='bbox 2372 2191 2701 2241; x_wconf 78' lang='lat' dir='ltr'>Vocabulum</span> 
     </span>
     <span class='ocr_line' id='line_1_76' title="bbox 1636 2269 2700 2334; baseline 0 -16"><span class='ocrx_word' id='word_1_372' title='bbox 1636 2284 1803 2318; x_wconf 70' lang='lat' dir='ltr'>nomen</span> <span class='ocrx_word' id='word_1_373' title='bbox 1827 2270 1877 2317; x_wconf 91' lang='lat' dir='ltr'>in</span> <span class='ocrx_word' id='word_1_374' title='bbox 1902 2270 2073 2333; x_wconf 89' lang='lat' dir='ltr'>nullis,</span> <span class='ocrx_word' id='word_1_375' title='bbox 2096 2284 2226 2334; x_wconf 83' lang='lat' dir='ltr'>qnos</span> <span class='ocrx_word' id='word_1_376' title='bbox 2247 2270 2485 2330; x_wconf 83' lang='lat' dir='ltr'>vidimus,</span> <span class='ocrx_word' id='word_1_377' title='bbox 2509 2269 2700 2318; x_wconf 80' lang='lat' dir='ltr'>codici·</span> 
     </span>
     <span class='ocr_line' id='line_1_77' title="bbox 1639 2345 2704 2410; baseline -0.001 -13"><span class='ocrx_word' id='word_1_378' title='bbox 1639 2347 1737 2397; x_wconf 88' lang='lat' dir='ltr'>bus</span> <span class='ocrx_word' id='word_1_379' title='bbox 1774 2347 1902 2396; x_wconf 87' lang='lat' dir='ltr'>Mss.</span> <span class='ocrx_word' id='word_1_380' title='bbox 1928 2356 2111 2407; x_wconf 77' lang='lat' dir='ltr'>extat3</span> <span class='ocrx_word' id='word_1_381' title='bbox 2146 2360 2315 2410; x_wconf 89' lang='lat' dir='ltr'>neque</span> <span class='ocrx_word' id='word_1_382' title='bbox 2349 2345 2401 2395; x_wconf 88' lang='lat' dir='ltr'>id</span> <span class='ocrx_word' id='word_1_383' title='bbox 2434 2354 2704 2408; x_wconf 86' lang='lat' dir='ltr'>repererat</span> 
     </span>
     <span class='ocr_line' id='line_1_78' title="bbox 1644 2422 2706 2487; baseline -0.002 -14"><span class='ocrx_word' id='word_1_384' title='bbox 1644 2423 1903 2473; x_wconf 83' lang='lat' dir='ltr'>Livineius</span> <span class='ocrx_word' id='word_1_385' title='bbox 1959 2424 2009 2472; x_wconf 92' lang='lat' dir='ltr'>iu</span> <span class='ocrx_word' id='word_1_386' title='bbox 2067 2422 2294 2487; x_wconf 85' lang='lat' dir='ltr'>antiquis</span> <span class='ocrx_word' id='word_1_387' title='bbox 2360 2422 2706 2485; x_wconf 84' lang='lat' dir='ltr'>membranis;</span> 
     </span>
     <span class='ocr_line' id='line_1_79' title="bbox 1641 2499 2707 2565; baseline -0.003 -15"><span class='ocrx_word' id='word_1_388' title='bbox 1641 2516 1737 2552; x_wconf 86' lang='lat' dir='ltr'>uec</span> <span class='ocrx_word' id='word_1_389' title='bbox 1755 2500 2032 2565; x_wconf 82' lang='lat' dir='ltr'>prodidere</span> <span class='ocrx_word' id='word_1_390' title='bbox 2050 2500 2329 2549; x_wconf 85' lang='lat' dir='ltr'>Sicbardus</span> <span class='ocrx_word' id='word_1_391' title='bbox 2346 2506 2398 2548; x_wconf 77' lang='lat' dir='ltr'>et</span> <span class='ocrx_word' id='word_1_392' title='bbox 2423 2499 2707 2563; x_wconf 76' lang='lat' dir='ltr'>Gryphius.</span> 
     </span>
     <span class='ocr_line' id='line_1_80' title="bbox 1641 2575 2706 2642; baseline -0.002 -14"><span class='ocrx_word' id='word_1_393' title='bbox 1641 2578 1723 2628; x_wconf 85' lang='lat' dir='ltr'>Ac</span> <span class='ocrx_word' id='word_1_394' title='bbox 1763 2592 1908 2639; x_wconf 81' lang='lat' dir='ltr'>saue,</span> <span class='ocrx_word' id='word_1_395' title='bbox 1942 2590 2037 2642; x_wconf 88' lang='lat' dir='ltr'>pro</span> <span class='ocrx_word' id='word_1_396' title='bbox 2073 2576 2193 2625; x_wconf 91' lang='lat' dir='ltr'>stilo</span> <span class='ocrx_word' id='word_1_397' title='bbox 2228 2576 2487 2637; x_wconf 72' lang='lat' dir='ltr'>Pliniana,</span> <span class='ocrx_word' id='word_1_398' title='bbox 2522 2575 2706 2626; x_wconf 82' lang='lat' dir='ltr'>abesse</span> 
     </span>
     <span class='ocr_line' id='line_1_81' title="bbox 1644 2651 2710 2718; baseline -0.003 -14"><span class='ocrx_word' id='word_1_399' title='bbox 1644 2660 1887 2718; x_wconf 86' lang='lat' dir='ltr'>poterat;</span> <span class='ocrx_word' id='word_1_400' title='bbox 1921 2667 2037 2702; x_wconf 89' lang='lat' dir='ltr'>curu</span> <span class='ocrx_word' id='word_1_401' title='bbox 2062 2653 2302 2717; x_wconf 80' lang='lat' dir='ltr'>proxima</span> <span class='ocrx_word' id='word_1_402' title='bbox 2332 2653 2496 2701; x_wconf 79' lang='lat' dir='ltr'>verba</span> <span class='ocrx_word' id='word_1_403' title='bbox 2513 2651 2710 2702; x_wconf 68' lang='lat' dir='ltr'>honam</span> 
     </span>
     <span class='ocr_line' id='line_1_82' title="bbox 1643 2729 2707 2782; baseline -0.003 0"><span class='ocrx_word' id='word_1_404' title='bbox 1643 2741 1697 2782; x_wconf 91' lang='lat' dir='ltr'>et</span> <span class='ocrx_word' id='word_1_405' title='bbox 1722 2732 1887 2781; x_wconf 73' lang='lat' dir='ltr'>titulos</span> <span class='ocrx_word' id='word_1_406' title='bbox 1907 2729 2063 2781; x_wconf 83' lang='lat' dir='ltr'>facile</span> <span class='ocrx_word' id='word_1_407' title='bbox 2086 2729 2257 2779; x_wconf 82' lang='lat' dir='ltr'>adbuc</span> <span class='ocrx_word' id='word_1_408' title='bbox 2289 2730 2572 2779; x_wconf 76' lang='lat' dir='ltr'>iuboereaut</span> <span class='ocrx_word' id='word_1_409' title='bbox 2597 2730 2707 2779; x_wconf 83' lang='lat' dir='ltr'>ani-</span> 
     </span>
     <span class='ocr_line' id='line_1_83' title="bbox 1645 2808 2709 2870; baseline -0.003 -12"><span class='ocrx_word' id='word_1_410' title='bbox 1645 2824 1727 2858; x_wconf 85' lang='lat' dir='ltr'>mo</span> <span class='ocrx_word' id='word_1_411' title='bbox 1753 2808 1998 2864; x_wconf 78' lang='lat' dir='ltr'>lectoris3</span> <span class='ocrx_word' id='word_1_412' title='bbox 2033 2813 2088 2855; x_wconf 87' lang='lat' dir='ltr'>et</span> <span class='ocrx_word' id='word_1_413' title='bbox 2108 2821 2225 2855; x_wconf 89' lang='lat' dir='ltr'>cum</span> <span class='ocrx_word' id='word_1_414' title='bbox 2263 2820 2445 2870; x_wconf 89' lang='lat' dir='ltr'>parum</span> <span class='ocrx_word' id='word_1_415' title='bbox 2479 2812 2632 2869; x_wconf 74' lang='lat' dir='ltr'>grata</span> <span class='ocrx_word' id='word_1_416' title='bbox 2652 2820 2709 2855; x_wconf 87' lang='lat' dir='ltr'>e·</span> 
     </span>
     <span class='ocr_line' id='line_1_84' title="bbox 1640 2881 2706 2947; baseline -0.002 -12"><span class='ocrx_word' id='word_1_417' title='bbox 1640 2885 1848 2947; x_wconf 84' lang='lat' dir='ltr'>jusdem</span> <span class='ocrx_word' id='word_1_418' title='bbox 1890 2885 2030 2933; x_wconf 82' lang='lat' dir='ltr'>vocis</span> <span class='ocrx_word' id='word_1_419' title='bbox 2068 2883 2338 2946; x_wconf 83' lang='lat' dir='ltr'>repetitio,</span> <span class='ocrx_word' id='word_1_420' title='bbox 2375 2883 2485 2932; x_wconf 88' lang='lat' dir='ltr'>sine</span> <span class='ocrx_word' id='word_1_421' title='bbox 2523 2881 2706 2945; x_wconf 63' lang='lat' dir='ltr'>figura</span> 
     </span>
     <span class='ocr_line' id='line_1_85' title="bbox 1647 2960 2709 3023; baseline -0.003 -12"><span class='ocrx_word' id='word_1_422' title='bbox 1647 2968 1977 3013; x_wconf 85' lang='lat' dir='ltr'>ornamento,</span> <span class='ocrx_word' id='word_1_423' title='bbox 2004 2966 2275 3021; x_wconf 55' lang='lat' dir='ltr'>recurram</span> <span class='ocrx_word' id='word_1_424' title='bbox 2309 2960 2431 3023; x_wconf 89' lang='lat' dir='ltr'>quia</span> <span class='ocrx_word' id='word_1_425' title='bbox 2465 2973 2582 3008; x_wconf 79' lang='lat' dir='ltr'>mox</span> <span class='ocrx_word' id='word_1_426' title='bbox 2625 2971 2709 3009; x_wconf 76' lang='lat' dir='ltr'>se·</span> 
     </span>
     <span class='ocr_line' id='line_1_86' title="bbox 1648 3036 2711 3103; baseline -0.002 -16"><span class='ocrx_word' id='word_1_427' title='bbox 1648 3038 1843 3103; x_wconf 86' lang='lat' dir='ltr'>quitur,</span> <span class='ocrx_word' id='word_1_428' title='bbox 1879 3038 2064 3086; x_wconf 74' lang='lat' dir='ltr'>Nomen</span> <span class='ocrx_word' id='word_1_429' title='bbox 2098 3036 2236 3086; x_wconf 72' lang='lat' dir='ltr'>illud.</span> <span class='ocrx_word' id='word_1_430' title='bbox 2305 3036 2415 3085; x_wconf 86' lang='lat' dir='ltr'>Per</span> <span class='ocrx_word' id='word_1_431' title='bbox 2461 3050 2542 3085; x_wconf 88' lang='lat' dir='ltr'>me</span> <span class='ocrx_word' id='word_1_432' title='bbox 2579 3048 2711 3099; x_wconf 68' lang='lat' dir='ltr'>ergo</span> 
     </span>
     <span class='ocr_line' id='line_1_87' title="bbox 1645 3111 2711 3178; baseline -0.001 -14"><span class='ocrx_word' id='word_1_433' title='bbox 1645 3116 1798 3164; x_wconf 84' lang='lat' dir='ltr'>istam</span> <span class='ocrx_word' id='word_1_434' title='bbox 1818 3127 1998 3163; x_wconf 82' lang='lat' dir='ltr'>vocem</span> <span class='ocrx_word' id='word_1_435' title='bbox 2016 3118 2299 3178; x_wconf 82' lang='lat' dir='ltr'>expungat,</span> <span class='ocrx_word' id='word_1_436' title='bbox 2316 3112 2545 3177; x_wconf 86' lang='lat' dir='ltr'>quisquis</span> <span class='ocrx_word' id='word_1_437' title='bbox 2562 3111 2711 3163; x_wconf 80' lang='lat' dir='ltr'>velit.</span> 
     </span>
     <span class='ocr_line' id='line_1_88' title="bbox 1647 3190 2567 3239; baseline -0.004 0"><span class='ocrx_word' id='word_1_438' title='bbox 1647 3190 1890 3239; x_wconf 67' lang='grc' dir='ltr'>δώωσι-τ.</span> <span class='ocrx_word' id='word_1_439' title='bbox 2272 3190 2275 3194; x_wconf 81' lang='grc'><em>’</em></span> <span class='ocrx_word' id='word_1_440' title='bbox 2563 3221 2567 3225; x_wconf 92' lang='grc'>-</span> 
     </span>
    </p>

    <p class='ocr_par' dir='ltr' id='par_1_13' title="bbox 1648 3264 2723 4335">
     <span class='ocr_line' id='line_1_89' title="bbox 1715 3264 2712 3330; baseline 0 -14"><span class='ocrx_word' id='word_1_441' title='bbox 1715 3266 1819 3317; x_wconf 72' lang='lat' dir='ltr'>Atii</span> <span class='ocrx_word' id='word_1_442' title='bbox 1863 3266 2019 3329; x_wconf 76' lang='lat' dir='ltr'>primo</span> <span class='ocrx_word' id='word_1_443' title='bbox 2061 3265 2251 3330; x_wconf 70' lang='lat' dir='ltr'>statim]</span> <span class='ocrx_word' id='word_1_444' title='bbox 2305 3265 2426 3315; x_wconf 89' lang='lat' dir='ltr'>Non</span> <span class='ocrx_word' id='word_1_445' title='bbox 2480 3264 2712 3326; x_wconf 78' lang='lat' dir='ltr'>invenio,</span> 
     </span>
     <span class='ocr_line' id='line_1_90' title="bbox 1650 3341 2711 3408; baseline -0.001 -16"><span class='ocrx_word' id='word_1_446' title='bbox 1650 3344 1858 3408; x_wconf 87' lang='lat' dir='ltr'>quinam</span> <span class='ocrx_word' id='word_1_447' title='bbox 1903 3341 1956 3390; x_wconf 83' lang='grc' dir='ltr'>1ιί</span> <span class='ocrx_word' id='word_1_448' title='bbox 1998 3341 2196 3391; x_wconf 80' lang='lat' dir='ltr'>fuerint</span> <span class='ocrx_word' id='word_1_449' title='bbox 2233 3349 2357 3391; x_wconf 87' lang='lat' dir='ltr'>aute</span> <span class='ocrx_word' id='word_1_450' title='bbox 2401 3342 2711 3405; x_wconf 68' lang='lat' dir='ltr'>Trajanumg</span> 
     </span>
     <span class='ocr_line' id='line_1_91' title="bbox 1648 3418 2711 3482; baseline 0 -13"><span class='ocrx_word' id='word_1_451' title='bbox 1648 3435 1785 3477; x_wconf 91' lang='lat' dir='ltr'>uam,</span> <span class='ocrx_word' id='word_1_452' title='bbox 1821 3420 1863 3469; x_wconf 93' lang='lat' dir='ltr'>si</span> <span class='ocrx_word' id='word_1_453' title='bbox 1894 3420 2219 3482; x_wconf 85' lang='lat' dir='ltr'>Suetonium,</span> <span class='ocrx_word' id='word_1_454' title='bbox 2263 3418 2711 3482; x_wconf 70' lang='lat' dir='ltr'>diligenti-simum</span> 
     </span>
     <span class='ocr_line' id='line_1_92' title="bbox 1650 3496 2715 3563; baseline -0.002 -15"><span class='ocrx_word' id='word_1_455' title='bbox 1650 3497 1896 3563; x_wconf 86' lang='lat' dir='ltr'>alioquin,</span> <span class='ocrx_word' id='word_1_456' title='bbox 1929 3498 2196 3559; x_wconf 73' lang='lat' dir='ltr'>consulas,</span> <span class='ocrx_word' id='word_1_457' title='bbox 2229 3496 2358 3546; x_wconf 84' lang='lat' dir='ltr'>alios</span> <span class='ocrx_word' id='word_1_458' title='bbox 2394 3509 2581 3545; x_wconf 80' lang='lat' dir='ltr'>nomen</span> <span class='ocrx_word' id='word_1_459' title='bbox 2615 3496 2715 3546; x_wconf 81' lang='lat' dir='ltr'>boc</span> 
     </span>
     <span class='ocr_line' id='line_1_93' title="bbox 1652 3572 2714 3638; baseline -0.002 -14"><span class='ocrx_word' id='word_1_460' title='bbox 1652 3590 1755 3624; x_wconf 90' lang='lat' dir='ltr'>uon</span> <span class='ocrx_word' id='word_1_461' title='bbox 1793 3575 2073 3638; x_wconf 82' lang='lat' dir='ltr'>recepisse,</span> <span class='ocrx_word' id='word_1_462' title='bbox 2106 3574 2232 3623; x_wconf 88' lang='lat' dir='ltr'>alios</span> <span class='ocrx_word' id='word_1_463' title='bbox 2261 3572 2544 3630; x_wconf 82' lang='lat' dir='ltr'>distulisse,</span> <span class='ocrx_word' id='word_1_464' title='bbox 2570 3573 2714 3622; x_wconf 77' lang='lat' dir='ltr'>iuve-</span> 
     </span>
     <span class='ocr_line' id='line_1_94' title="bbox 1654 3649 2713 3714; baseline -0.004 -13"><span class='ocrx_word' id='word_1_465' title='bbox 1654 3652 1800 3714; x_wconf 86' lang='lat' dir='ltr'>nies;</span> <span class='ocrx_word' id='word_1_466' title='bbox 1833 3666 1934 3700; x_wconf 88' lang='lat' dir='ltr'>uno</span> <span class='ocrx_word' id='word_1_467' title='bbox 1960 3652 2020 3702; x_wconf 91' lang='lat' dir='ltr'>C.</span> <span class='ocrx_word' id='word_1_468' title='bbox 2042 3651 2098 3703; x_wconf 86' lang='lat' dir='ltr'>J.</span> <span class='ocrx_word' id='word_1_469' title='bbox 2122 3651 2330 3700; x_wconf 67' lang='lat' dir='ltr'>Caesare</span> <span class='ocrx_word' id='word_1_470' title='bbox 2356 3657 2601 3713; x_wconf 80' lang='lat' dir='ltr'>excepto,</span> <span class='ocrx_word' id='word_1_471' title='bbox 2624 3649 2713 3714; x_wconf 90' lang='lat' dir='ltr'>qni</span> 
     </span>
     <span class='ocr_line' id='line_1_95' title="bbox 1653 3725 2715 3792; baseline -0.002 -15"><span class='ocrx_word' id='word_1_472' title='bbox 1653 3730 1903 3777; x_wconf 82' lang='lat' dir='ltr'>honorum</span> <span class='ocrx_word' id='word_1_473' title='bbox 1941 3726 2276 3792; x_wconf 85' lang='lat' dir='ltr'>appetentior</span> <span class='ocrx_word' id='word_1_474' title='bbox 2308 3725 2501 3775; x_wconf 86' lang='lat' dir='ltr'>dicitur</span> <span class='ocrx_word' id='word_1_475' title='bbox 2533 3725 2602 3775; x_wconf 85' lang='lat' dir='ltr'>ab</span> <span class='ocrx_word' id='word_1_476' title='bbox 2625 3738 2715 3775; x_wconf 78' lang='lat' dir='ltr'>oo·</span> 
     </span>
     <span class='ocr_line' id='line_1_96' title="bbox 1652 3804 2717 3868; baseline -0.001 -13"><span class='ocrx_word' id='word_1_477' title='bbox 1652 3807 1773 3856; x_wconf 85' lang='lat' dir='ltr'>dem</span> <span class='ocrx_word' id='word_1_478' title='bbox 1792 3822 1838 3856; x_wconf 88' lang='lat' dir='ltr'>c.</span> <span class='ocrx_word' id='word_1_479' title='bbox 1860 3811 1941 3857; x_wconf 77' lang='grc'>76.</span> <span class='ocrx_word' id='word_1_480' title='bbox 2008 3804 2160 3859; x_wconf 83' lang='lat' dir='ltr'>Quod</span> <span class='ocrx_word' id='word_1_481' title='bbox 2185 3804 2351 3868; x_wconf 73' lang='lat' dir='ltr'>magis</span> <span class='ocrx_word' id='word_1_482' title='bbox 2385 3805 2540 3854; x_wconf 86' lang='lat' dir='ltr'>etlam</span> <span class='ocrx_word' id='word_1_483' title='bbox 2566 3811 2717 3868; x_wconf 79' lang='lat' dir='ltr'>patet</span> 
     </span>
     <span class='ocr_line' id='line_1_97' title="bbox 1653 3881 2716 3947; baseline -0.005 -12"><span class='ocrx_word' id='word_1_484' title='bbox 1653 3899 1720 3935; x_wconf 85' lang='lat' dir='ltr'>ex</span> <span class='ocrx_word' id='word_1_485' title='bbox 1744 3886 1855 3936; x_wconf 81' lang='lat' dir='ltr'>Jul.</span> <span class='ocrx_word' id='word_1_486' title='bbox 1881 3884 2055 3947; x_wconf 83' lang='lat' dir='ltr'>Capit.</span> <span class='ocrx_word' id='word_1_487' title='bbox 2078 3897 2197 3933; x_wconf 88' lang='lat' dir='ltr'>cum</span> <span class='ocrx_word' id='word_1_488' title='bbox 2216 3881 2284 3932; x_wconf 83' lang='lat' dir='ltr'>de</span> <span class='ocrx_word' id='word_1_489' title='bbox 2318 3882 2598 3932; x_wconf 78' lang='lat' dir='ltr'>Pertinace</span> <span class='ocrx_word' id='word_1_490' title='bbox 2621 3881 2716 3946; x_wconf 86' lang='lat' dir='ltr'>ait,</span> 
     </span>
     <span class='ocr_line' id='line_1_98' title="bbox 1652 3958 2719 4023; baseline -0.003 -12"><span class='ocrx_word' id='word_1_491' title='bbox 1652 3963 1669 3991; x_wconf 74' lang='lat'><em>⁶</em></span> <span class='ocrx_word' id='word_1_492' title='bbox 1696 3962 1904 4011; x_wconf 78' lang='lat' dir='ltr'>Primus</span> <span class='ocrx_word' id='word_1_493' title='bbox 1937 3975 2060 4010; x_wconf 84' lang='lat' dir='ltr'>saue</span> <span class='ocrx_word' id='word_1_494' title='bbox 2098 3959 2347 4020; x_wconf 86' lang='lat' dir='ltr'>omnium,</span> <span class='ocrx_word' id='word_1_495' title='bbox 2384 3973 2446 4009; x_wconf 87' lang='lat' dir='ltr'>ea</span> <span class='ocrx_word' id='word_1_496' title='bbox 2473 3958 2577 4016; x_wconf 85' lang='lat' dir='ltr'>die,</span> <span class='ocrx_word' id='word_1_497' title='bbox 2611 3974 2719 4023; x_wconf 76' lang='lat' dir='ltr'>qua</span> 
     </span>
     <span class='ocr_line' id='line_1_99' title="bbox 1656 4036 2721 4101; baseline -0.001 -15"><span class='ocrx_word' id='word_1_498' title='bbox 1656 4036 1922 4101; x_wconf 79' lang='lat' dir='ltr'>Augustus</span> <span class='ocrx_word' id='word_1_499' title='bbox 1966 4044 2048 4085; x_wconf 89' lang='lat' dir='ltr'>est</span> <span class='ocrx_word' id='word_1_500' title='bbox 2079 4036 2391 4099; x_wconf 77' lang='lat' dir='ltr'>appellatus,</span> <span class='ocrx_word' id='word_1_501' title='bbox 2421 4036 2578 4085; x_wconf 84' lang='lat' dir='ltr'>etiam</span> <span class='ocrx_word' id='word_1_502' title='bbox 2615 4036 2721 4085; x_wconf 84' lang='lat' dir='ltr'>Pa·</span> 
     </span>
     <span class='ocr_line' id='line_1_100' title="bbox 1655 4111 2720 4177; baseline 0 -14"><span class='ocrx_word' id='word_1_503' title='bbox 1655 4117 1750 4164; x_wconf 83' lang='lat' dir='ltr'>tris</span> <span class='ocrx_word' id='word_1_504' title='bbox 1789 4114 1983 4163; x_wconf 73' lang='lat' dir='ltr'>Patrius</span> <span class='ocrx_word' id='word_1_505' title='bbox 2013 4127 2201 4164; x_wconf 71' lang='lat' dir='ltr'>unomen</span> <span class='ocrx_word' id='word_1_506' title='bbox 2235 4111 2480 4177; x_wconf 79' lang='lat' dir='ltr'>aceepit.&#39;</span> <span class='ocrx_word' id='word_1_507' title='bbox 2547 4112 2720 4177; x_wconf 76' lang='lat' dir='ltr'>Impe-</span> 
     </span>
     <span class='ocr_line' id='line_1_101' title="bbox 1654 4191 2721 4252; baseline -0.001 -11"><span class='ocrx_word' id='word_1_508' title='bbox 1654 4198 1854 4241; x_wconf 86' lang='lat' dir='ltr'>ratores</span> <span class='ocrx_word' id='word_1_509' title='bbox 1902 4198 2075 4240; x_wconf 84' lang='lat' dir='ltr'>autetu</span> <span class='ocrx_word' id='word_1_510' title='bbox 2119 4192 2237 4240; x_wconf 87' lang='lat' dir='ltr'>‘ita</span> <span class='ocrx_word' id='word_1_511' title='bbox 2278 4191 2530 4240; x_wconf 88' lang='lat' dir='ltr'>nominati</span> <span class='ocrx_word' id='word_1_512' title='bbox 2571 4197 2721 4252; x_wconf 68' lang='lat' dir='ltr'>sunt,</span> 
     </span>
     <span class='ocr_line' id='line_1_102' title="bbox 1652 4264 2723 4335; baseline 0 -17"><span class='ocrx_word' id='word_1_513' title='bbox 1652 4267 1849 4334; x_wconf 75' lang='lat' dir='ltr'>(inquit</span> <span class='ocrx_word' id='word_1_514' title='bbox 1883 4267 2080 4332; x_wconf 80' lang='lat' dir='ltr'>Xipbil.</span> <span class='ocrx_word' id='word_1_515' title='bbox 2113 4266 2166 4316; x_wconf 90' lang='lat' dir='ltr'>iu</span> <span class='ocrx_word' id='word_1_516' title='bbox 2204 4264 2372 4332; x_wconf 70' lang='lat' dir='ltr'>Aug.)</span> <span class='ocrx_word' id='word_1_517' title='bbox 2404 4273 2480 4324; x_wconf 83' lang='lat' dir='ltr'>nt,</span> <span class='ocrx_word' id='word_1_518' title='bbox 2513 4280 2641 4335; x_wconf 83' lang='lat' dir='ltr'>quos</span> <span class='ocrx_word' id='word_1_519' title='bbox 2664 4268 2723 4318; x_wconf 78' lang='lat' dir='ltr'>iu</span> 
     </span>
    </p>
   </div>
  </div>
 </body>
</html>
