3060 4902
484 340 616 405 544

486 501 571 549 tis.
638 499 725 548 Ita
756 498 955 548 scilicet
982 496 1148 548 fluunt
1173 500 1329 549 verba
1357 500 1550 550 Pliniiz

484 576 712 624 Juaxisti
740 575 865 624 enim
897 592 954 624 ac
986 576 1220 625 miscuisti
1248 592 1324 626 res
1345 578 1458 626 oiim
1478 577 1549 626 cli·

481 653 795 707 cer-sissimus,
830 652 1134 701 securitatem
1175 653 1467 715 imperantis,
1504 659 1550 702 et

482 729 803 792 precipientis
840 732 1083 791 pudorem,
1123 729 1221 778 hoc
1263 738 1365 792 est,
1407 745 1550 779 vere·

488 806 688 853 cundus
717 820 769 852 es
794 806 844 854 in
883 806 1239 869 pra’cipiendo
1262 806 1549 870 dandisque

487 878 763 930 mandatis.
833 881 1012 929 Simile
1069 890 1147 930 est
1202 881 1327 931 illud
1382 884 1548 932 Taciti

486 954 667 1019 Agric.
694 970 779 1006 m.
806 961 851 1005 l.
872 958 887 984 ⁸
907 958 1088 1007 Nerva
1122 972 1206 1006 res
1241 959 1358 1008 olim
1386 959 1549 1010 disso-

486 1031 700 1081 ciabiles
736 1034 961 1089 miscuit,
1009 1035 1353 1097 principatum
1395 1050 1456 1085 ac
1492 1037 1550 1084 li·

488 1107 813 1158 bertatem.''
881 1110 1150 1158 Hactenus
1190 1110 1550 1159 Heumannus.

487 1185 702 1245 Verum,
728 1186 803 1233 vir
827 1185 1142 1241 doctissime,
1163 1188 1416 1250 quomodo
1451 1202 1549 1250 ego

485 1259 636 1308 intuli
677 1260 918 1309 mendum
954 1261 1145 1323 Plinio,
1173 1263 1257 1325 qui
1292 1278 1405 1311 eam
1447 1264 1547 1312 lec·

482 1336 677 1385 tionem
701 1338 942 1385 tuendam
975 1339 1306 1401 susceperim,
1329 1354 1445 1403 quae
1471 1346 1551 1389 tot

484 1412 719 1461 codicum
745 1414 877 1461 Mss.
900 1420 1080 1478 totque
1111 1416 1411 1465 eximiarum
1438 1417 1548 1466 edi·

485 1488 683 1538 tionum
709 1491 1021 1540 auctoritate
1050 1492 1331 1550 stabilitur,
1354 1500 1408 1543 et
1430 1510 1549 1558 quae

483 1565 795 1613 sententiam
834 1566 1006 1615 Plinio
1047 1568 1393 1631 dignissimam
1433 1571 1548 1621 fun-

482 1639 610 1690 dat?
647 1642 780 1692 Quae
803 1644 1080 1692 necessitas
1098 1653 1271 1707 urget,
1291 1654 1367 1708 nt,
1384 1647 1550 1695 sicubi

483 1718 701 1767 Tacitus
742 1719 877 1768 dixit
920 1723 1041 1769 ‘res
1086 1723 1206 1771 olim
1248 1723 1550 1773 dissociabi-

481 1794 610 1849 les,'
649 1809 741 1843 nos
785 1796 1071 1859 credamus,
1114 1798 1271 1846 etiam
1321 1801 1547 1850 Plinium

483 1869 583 1918 hoc
616 1869 732 1918 loco
758 1869 935 1919 dicere
966 1871 1208 1920 debuisse
1232 1888 1307 1922 res
1335 1876 1445 1923 oiim
1472 1876 1546 1924 a'i·

481 1942 817 1994 versissimas?
852 1943 1041 1995 Annon
1084 1949 1236 1996 etiarn
1278 1949 1392 1997 Liv.
1430 1964 1549 2001 xxt.

483 2023 531 2066 4.
556 2019 878 2081 simpliciter,
902 2030 953 2069 et
991 2022 1101 2070 sine
1140 2025 1393 2084 particula
1416 2026 1547 2088 olim,

485 2096 641 2157 dixit,
668 2104 681 2124 ‘
707 2097 986 2162 Nunquam
1022 2099 1283 2163 ingenium
1320 2102 1454 2151 idem
1481 2103 1547 2152 ad

485 2185 568 2221 res
618 2172 1010 2231 diversissimas,
1060 2179 1346 2239 parendum
1392 2188 1547 2242 atque

483 2246 858 2311 imperandum,
891 2251 1109 2299 habilius
1146 2251 1298 2300 fuit?
1333 2253 1550 2312 Vereor,

483 2323 561 2371 vir
584 2324 798 2385 optime,
822 2334 879 2373 nt
904 2332 1016 2374 tute
1050 2326 1160 2390 ipse
1187 2342 1215 2375 a
1236 2329 1387 2390 culpa
1416 2328 1546 2377 illati

483 2399 656 2446 mendi
684 2407 737 2449 te
760 2399 1047 2449 defendere
1072 2404 1265 2465 possis:
1299 2403 1402 2468 qui,
1425 2404 1544 2454 dum

483 2490 548 2523 ne
585 2486 851 2525 assecutus
875 2479 1081 2542 quidem
1118 2479 1306 2528 videris
1341 2489 1548 2529 senten·

481 2552 604 2599 tiam
642 2553 817 2608 Plinii,
853 2568 950 2603 nec
985 2557 1294 2618 expendisse
1325 2557 1423 2606 vim
1459 2573 1544 2606 vo-

480 2641 622 2688 cum,
667 2630 959 2688 securitatis,
999 2639 1056 2678 et
1093 2632 1367 2694 incipientis
1381 2651 1399 2691 ;
1451 2649 1544 2697 pro

485 2703 766 2765 posteriore
791 2719 916 2754 voce
940 2705 1267 2769 frigidissime
1293 2710 1545 2758 substitu-

481 2778 670 2827 endum
696 2781 956 2830 censueris
981 2784 1318 2845 praecipientis.
1368 2786 1544 2835 Quan-

483 2853 668 2911 tillum,
708 2870 903 2919 qua-so,
947 2856 1192 2907 differunt
1228 2861 1547 2923 ‘imperare’

479 2938 539 2979 et
583 2935 597 2959 ‘
619 2933 971 2997 preciperei'
1041 2935 1226 2985 Annon
1282 2938 1544 3003 principes

478 3009 636 3059 etiam
674 3017 689 3039 '
713 3010 1030 3075 praecipere'
1076 3012 1356 3063 dicuntur?
1392 3030 1468 3072 ac,
1501 3016 1544 3065 si

479 3084 677 3134 urendo
700 3087 1025 3152 secandoque
1059 3090 1109 3137 in
1135 3096 1338 3139 veteres
1367 3102 1544 3142 aucto-

479 3173 562 3207 res
584 3162 697 3209 sine
732 3166 1047 3211 necessitate
1076 3167 1261 3214 saevire
1289 3166 1431 3230 licet,
1454 3184 1543 3216 an-

481 3249 583 3283 non
609 3236 807 3285 Plinius
833 3238 989 3287 ctiam
1014 3240 1123 3287 sine
1146 3241 1397 3292 vocabulo
1421 3260 1544 3306 prae-

476 3309 717 3373 cipientis,
749 3313 826 3359 sic
860 3313 1041 3362 eadem
1079 3314 1310 3366 dicturus
1345 3317 1544 3379 fuisset,

471 3386 711 3434 miscuisti
743 3388 1044 3438 securitatem
1075 3395 1121 3439 et
1153 3394 1374 3455 pudorem
1396 3396 1543 3458 impe·

474 3463 667 3510 rantis?
699 3462 870 3514 Multo
905 3473 1077 3516 autem
1110 3468 1416 3519 luculentius
1437 3471 1542 3520 dis·

476 3537 675 3586 crimen
720 3538 856 3587 inter
906 3542 1196 3604 principem
1246 3547 1356 3595 olim
1396 3548 1538 3612 impe·

473 3619 680 3668 rantem,
704 3621 761 3663 et
781 3618 916 3664 modo
938 3618 1243 3679 incipientem
1273 3623 1503 3685 imperare
1525 3643 1546 3685 ;

475 3704 626 3754 quam
653 3690 791 3739 inter
822 3692 1112 3755 principem
1136 3698 1462 3763 imperantem,
1485 3712 1540 3752 et

472 3765 844 3828 precipientem,
869 3768 1165 3820 intercedit.
1198 3774 1440 3825 Schwarz.

543 3842 655 3889 Non
678 3846 729 3890 tu
747 3842 921 3892 civium
937 3848 1202 3911 amplexus]
1228 3851 1407 3900 Caium
1427 3855 1541 3902 Cae-

472 3930 641 3965 sarem
663 3919 864 3980 tangit,
893 3920 960 3970 de
993 3937 1094 3986 quo
1137 3925 1221 3973 adi
1255 3926 1438 3977 Seuec.
1473 3929 1541 3979 de

474 3991 657 4040 Benef.
687 4006 751 4041 n.
776 3998 856 4045 12.
920 3996 1184 4061 Sequitur,
1219 4016 1303 4050 nec
1335 4005 1541 4054 sunium

471 4082 616 4116 asana
649 4071 828 4120 reddis.
892 4073 1045 4124 Quod
1081 4075 1145 4123 ad
1181 4076 1539 4130 Domitianum

470 4144 718 4206 equidem
762 4150 1027 4212 traxerim,
1062 4153 1150 4216 qui
1187 4155 1411 4219 Caenidi,
1448 4173 1541 4222 pa·

475 4218 569 4267 tris
613 4222 937 4284 concubinae,
984 4240 1047 4277 ex
1097 4228 1256 4283 [stria
1297 4247 1541 4294 reversae,

1181 353 1401 405 N‘OTAE
1451 351 1882 414 VARIORUM,
1909 354 1988 406 ΙΝ

1624 500 2001 565 ‘osculumque
2042 500 2130 564 (ut
2185 503 2512 565 assueverat)
2560 492 2693 554 offe·

1625 579 1761 628 renti
1801 594 2003 629 nianum
2044 581 2305 644 praebuit.'
2372 582 2542 631 Verba
2569 590 2691 632 sunt

1622 655 1856 703 Suetonii
1891 670 1938 704 c.
1970 659 2051 705 12.
2121 657 2361 721 Denique
2393 659 2477 707 ubi
2515 665 2598 708 est
2636 659 2688 707 in

1626 739 1820 793 nostro,
1842 747 1948 796 quoe
1965 733 2101 795 prior
2122 735 2221 783 oris
2242 735 2432 784 human.
2457 736 2508 784 in
2537 736 2595 784 R.
2616 726 2691 784 le·'

1625 808 1781 869 gitur,
1804 824 1909 871 quoe
1926 810 2106 871 prioris
2129 811 2318 859 nieman.
2361 811 2544 860 Inveni
2569 826 2690 874 ego,

1624 895 1679 933 et
1716 886 2009 950 emendem,
2051 902 2157 950 φησι
2187 889 2323 951 prius
2355 891 2453 937 oris
2498 889 2691 937 haman.

1627 961 1797 1012 Livin.

1687 1037 1770 1086 Ad
1790 1039 1955 1102 pedes]
1993 1039 2066 1088 Ut
2086 1039 2341 1101 Caligula,
2359 1047 2412 1089 et
2434 1040 2690 1104 ejusmodi

1622 1122 1868 1163 monstra.
1910 1116 2043 1178 Lips.

1687 1190 1767 1242 Aa
1798 1193 1961 1255 pedes]
1997 1193 2145 1255 Papa
2175 1194 2308 1242 hanc
2340 1208 2542 1258 qnoque
2578 1210 2689 1244 ser·

1623 1267 1846 1316 vitutem
1871 1268 1967 1317 sibi
1993 1268 2240 1328 vindicat,
2266 1278 2322 1319 ut
2344 1271 2545 1320 calcare
2574 1287 2688 1334 pos-

1623 1343 1693 1391 sit
1748 1343 2015 1392 Caesarnm
2080 1346 2333 1407 cervices,
2388 1355 2443 1394 et
2505 1360 2688 1411 regum

1622 1420 1797 1468 oscula
1827 1420 2122 1483 deprimere
2157 1421 2290 1470 infra
2324 1423 2485 1470 solum
2520 1426 2690 1488 crepi-

1623 1493 1822 1544 darum.
1904 1496 2075 1545 Baud.
2119 1498 2173 1546 in
2231 1498 2383 1547 Orat.
2424 1501 2687 1563 quapiam.

1625 1571 1778 1620 Rern.
2575 1574 2586 1582 ’

1689 1646 1772 1695 Aa
1807 1648 1973 1711 pedes]
2030 1648 2188 1697 Plura
2231 1650 2334 1700 Dio
2373 1651 2438 1701 de
2474 1655 2690 1718 Trajaui

1623 1723 1969 1784 humanitate3
2006 1725 2291 1789 praecipue,
2313 1728 2448 1790 quod
2478 1735 2534 1777 os
2558 1744 2692 1793 prae-

1622 1798 1770 1847 beret
1805 1801 2176 1862 osculandum;
2223 1818 2322 1851 non
2360 1818 2555 1863 manus,
2592 1820 2690 1855 nec

1625 1875 1805 1938 pedes,
1844 1887 1900 1927 ut
1941 1879 2179 1941 Caligula
2223 1888 2277 1929 et
2324 1883 2691 1945 Domitianus3

1624 1952 1688 2000 de
1712 1952 1899 2014 quibus
1924 1955 2225 2005 Suetonius.
2261 1956 2479 2005 Patarol.

1689 2028 1795 2075 Nec
1815 2030 2022 2076 osculum
2040 2044 2181 2078 manu
2203 2031 2387 2094 reddis]
2428 2032 2573 2081 Alias
2608 2041 2692 2084 est

1624 2104 1902 2153 amicorum
1942 2104 2290 2163 familiarium,
2313 2115 2368 2157 et
2389 2111 2690 2173 amantium,

1624 2195 1725 2228 non
1765 2183 1926 2230 solum
1965 2191 2143 2232 mintuo
2181 2198 2368 2246 corpus
2407 2187 2690 2249 amplecti3

1621 2254 1713 2302 sed
1739 2257 1912 2303 oscula
1934 2257 2090 2305 etiam
2112 2258 2283 2307 oribus
2303 2259 2481 2322 figere.
2534 2262 2690 2312 Unde

1622 2328 1808 2390 virgil.
1833 2331 1946 2378 AEn.
1980 2346 2020 2379 1.
2049 2336 2163 2380 687.
2194 2338 2209 2360 ⁴
2233 2334 2362 2383 Cum
2403 2335 2548 2384 dabit
2583 2352 2690 2386 am·

1625 2405 1827 2468 plexus,
1883 2414 2040 2472 atque
2097 2411 2273 2459 oscula
2327 2410 2498 2459 dulcia
2544 2412 2689 2477 figet,

1624 2480 1899 2530 Occultum
1947 2485 2165 2548 inspires
2201 2486 2422 2549 iguem.'
2501 2489 2689 2551 Cujus-

1622 2557 1758 2606 iuodi
1785 2560 1955 2608 cultus
1987 2559 2251 2610 familiaris
2279 2563 2445 2624 sigua,
2471 2566 2567 2611 etsi
2596 2566 2689 2615 ali-

1622 2635 1829 2698 quando
1871 2637 2173 2686 admiserint
2220 2640 2482 2702 principes
2525 2642 2688 2690 civili·

1623 2713 1743 2760 tatis
1801 2714 2037 2774 studiosi,
2096 2715 2456 2764 insolentiores
2513 2724 2686 2767 tamen

1619 2796 1739 2836 sunt
1762 2788 2060 2850 dedignati;
2095 2791 2288 2853 quippe
2310 2792 2395 2853 qui
2420 2793 2688 2853 amplexus

1621 2864 1981 2913 accedentium
2006 2866 2375 2929 depresserunt
2400 2866 2463 2915 ad
2492 2868 2649 2930 pedes
2672 2886 2687 2930 ς

1620 2939 1726 2985 sive
1763 2940 2062 3001 uoluerunt,
2099 2948 2157 2988 ut
2191 2941 2246 3002 ii,
2269 2942 2353 3005 qui
2391 2945 2688 2993 veneratio·

1620 3016 1697 3063 nis
1722 3016 1975 3064 testaudae
1996 3031 2175 3065 caussa
2195 3032 2250 3066 se
2271 3017 2522 3080 adierant,
2537 3033 2686 3070 oscu-

1621 3091 1853 3139 larentur
1880 3106 2078 3154 manus,
2101 3103 2189 3142 aut
2227 3094 2387 3158 pedes
2425 3098 2687 3158 ipsorum;

1619 3174 1710 3216 aut
1745 3169 1920 3225 etiam,
1957 3171 2095 3234 quod
2125 3173 2232 3235 jam
2269 3173 2388 3220 olim
2425 3172 2525 3223 fuit
2564 3189 2685 3238 sup·

1619 3247 1831 3310 plicum,
1869 3262 2037 3309 genua
2081 3250 2262 3299 saltem
2305 3251 2686 3313 amplecteren-

1619 3328 1720 3370 tur.
1785 3321 1874 3371 Sic
1910 3323 2057 3387 virg.
2095 3324 2210 3374 AEu.
2250 3338 2336 3374 nt.
2372 3330 2487 3376 6⁰7.
2523 3326 2585 3374 de
2613 3325 2685 3375 A·

1619 3399 1923 3448 che-menide
1947 3402 2110 3463 canit,
2141 3405 2155 3430 ‘
2175 3403 2416 3465 Dixerat,
2437 3412 2499 3452 ct
2515 3418 2687 3466 genua

1620 3476 1907 3538 amplexus,
1932 3478 2251 3542 genibusque
2276 3481 2535 3542 volutans,
2560 3479 2686 3529 Ηρ-

1617 3553 1802 3603 rebat-⁹
1868 3557 1940 3603 Et
1972 3557 2037 3604 de
2073 3556 2196 3620 alio,
2221 3556 2334 3605 AEn.
2362 3571 2415 3606 x.
2436 3561 2551 3606 523.
2579 3559 2596 3586 ⁸
2617 3558 2687 3608 Et

1619 3644 1787 3693 genua
1819 3631 2142 3695 amplectens
2174 3630 2366 3682 affatur
2400 3635 2523 3683 talia
2563 3648 2685 3698 sup-

1619 3705 1779 3769 plex.’
1848 3709 1929 3757 De
1966 3709 2196 3774 Trajano
2248 3718 2422 3758 autem
2463 3711 2686 3775 Plinius,

1614 3785 1630 3810 ‘
1654 3785 1770 3833 Nec
1808 3786 2124 3850 amplexus,'
2168 3787 2356 3851 iuquit,
2393 3793 2408 3816 ⁸
2432 3786 2684 3851 deprimis

1619 3862 1682 3909 ad
1726 3861 1917 3922 pedes;
1967 3876 2065 3912 uec
2099 3865 2331 3913 osculum
2369 3878 2523 3913 manu
2565 3863 2684 3912 red·

1617 3936 1735 3984 dis.’
1802 3940 1933 3990 Qua.²
1971 3940 2230 4002 posterior
2262 3941 2503 4004 loquendi
2551 3942 2685 3990 ratio

1615 4010 1725 4060 fere
1762 4014 1969 4063 insolita
2006 4022 2103 4064 est.
2167 4015 2438 4065 Sententia
2471 4017 2683 4080 quidem

1618 4088 1775 4137 Plinii
1815 4089 1967 4139 facile
2007 4098 2175 4154 patet,
2215 4091 2336 4141 dum
2371 4093 2469 4142 lioc
2502 4093 2682 4144 dicere

1618 4164 1776 4212 voluit
1799 4181 1812 4213 ε
1852 4179 1947 4215 nee
1971 4166 2087 4216 loco
2115 4166 2279 4217 osculi
2301 4168 2405 4215 oris
2430 4167 2522 4216 das
2546 4182 2680 4231 prae-

1618 4240 1815 4304 besque
1873 4255 2077 4292 manum
2134 4243 2505 4306 osculandam3
2554 4244 2685 4308 sive,
