3060 4902
517 326 689 392 1020

516 500 582 534 ex
608 499 708 534 uno
732 483 956 548 quodum
993 481 1283 549 antiquiore
1311 486 1423 548 jam
1460 484 1585 535 olim

516 561 809 624 descriptus
845 575 960 610 esse
991 560 1249 608 videatur.
1319 561 1586 611 Librarius

517 640 616 686 mei
641 639 833 687 codicis
856 647 1039 700 aperte
1061 640 1276 701 scripsit
1296 654 1495 698 σηοως
1530 648 1586 690 et

516 714 758 763 librarius
816 714 1013 764 codicis
1067 716 1481 778 salisburgensis
1555 732 1586 765 ιι

514 793 682 856 prims
709 806 864 840 menn
898 791 1045 840 dedit
1077 807 1274 842 secesus.
1341 793 1506 842 Immo
1528 800 1584 841 et

513 868 565 916 in
610 867 790 918 codice
842 869 1098 918 patavino
1143 884 1172 917 s
1219 868 1386 931 primu
1429 884 1582 918 manu

512 945 762 1008 scriptum
797 944 897 993 fuit
932 959 1154 1003 sensns,-
1187 959 1477 1008 quanquam
1510 946 1583 993 al·

515 1030 630 1069 tera
658 1035 835 1069 manus
870 1021 923 1070 id
956 1021 1230 1083 utrobique
1261 1020 1584 1069 couverterit

514 1098 567 1144 in
588 1112 810 1146 secessus.
868 1097 1000 1147 Quis
1022 1096 1237 1145 definiet
1262 1097 1437 1159 igitur,
1459 1112 1580 1146 num

515 1173 617 1221 mei
656 1179 711 1221 et
747 1173 990 1222 Patavini
1023 1173 1221 1222 codicis
1253 1172 1490 1222 librarius
1514 1188 1580 1222 ex

513 1248 711 1297 duabus
737 1249 900 1298 literis
923 1249 1246 1298 intermediis
1268 1265 1320 1298 ce
1339 1248 1579 1299 efforma-

514 1325 581 1375 rit
608 1327 810 1374 unicam
840 1327 1042 1374 literam
1067 1341 1119 1386 n,
1143 1340 1207 1374 sn
1231 1327 1393 1375 ceteri
1429 1327 1581 1376 libru-

514 1402 577 1450 rii
603 1416 666 1450 ex
695 1402 843 1450 unica
867 1403 1020 1451 litera
1045 1418 1094 1463 n,
1117 1393 1253 1453 forte
1276 1404 1327 1451 iu
1352 1404 1578 1468 antiqui·

514 1492 605 1525 ore
627 1477 810 1526 codice
828 1477 938 1540 jam
958 1479 1305 1541 exolescente,
1326 1479 1580 1541 procude-

513 1554 613 1603 rint
656 1570 708 1603 ce
729 1559 750 1602 ?
830 1556 998 1606 Quam
1045 1569 1150 1603 rem
1201 1555 1275 1603 uti
1328 1555 1442 1605 aliis
1492 1570 1577 1605 ac·

512 1632 742 1679 curatius
778 1632 1175 1693 expendendam
1203 1633 1471 1695 relinquo;
1505 1633 1580 1681 ite

502 1707 614 1770 jam
652 1709 811 1757 etism
848 1711 1052 1758 tertiam
1089 1708 1361 1759 considero
1398 1710 1578 1759 lectio-

513 1796 647 1838 nem,
666 1799 819 1847 quum
845 1785 1040 1848 primus
1068 1785 1288 1847 recepit.
1309 1785 1578 1849 ediditque

510 1858 842 1916 Ammonius,
879 1862 1157 1924 intimosque
1192 1875 1413 1910 recessus.
1484 1863 1574 1910 Fa-

508 1941 646 1994 teor,
689 1937 819 1984 lianc
864 1937 984 1985 milii
1035 1937 1164 1985 mire
1222 1936 1484 1999 blandiri3
1529 1939 1576 1987 si

508 2011 797 2072 prasertim
824 2011 887 2060 sd
916 2019 1138 2060 mentem
1160 2027 1347 2062 revoco
1370 2029 1575 2066 versum

506 2086 802 2142 Claudiani,
825 2088 876 2137 in
907 2088 1060 2137 simili
1095 2099 1405 2152 argumento
1427 2105 1573 2140 usur·

507 2172 701 2227 patum,
726 2179 787 2214 uc
805 2165 913 2227 jum
941 2179 1098 2226 supra
1117 2165 1368 2214 citatum:
1406 2165 1572 2216 ‘Abs-

506 2250 677 2291 trusos
713 2245 953 2305 explorat
978 2243 1135 2291 Fama
1161 2243 1428 2294 recessus!
1464 2246 1574 2294 Ne-

506 2334 608 2383 que
635 2334 735 2368 non
760 2319 1003 2369 facillimo
1026 2321 1176 2382 lapsu
1196 2320 1443 2384 deinceps
1462 2322 1574 2370 uni·

505 2414 567 2448 cs
614 2400 768 2449 litera
801 2415 831 2447 r
870 2401 922 2449 in
963 2415 990 2448 s
1028 2400 1159 2448 verti
1210 2401 1400 2464 potuit.
1464 2398 1572 2449 Sed

506 2493 645 2539 aegre
668 2476 799 2542 fero,
818 2492 986 2542 neque
1011 2478 1227 2540 alicujus
1250 2478 1442 2526 codicis
1468 2479 1571 2528 Ms.

504 2568 669 2616 neque
691 2555 907 2617 alicujus
932 2553 1047 2600 libri
1074 2554 1294 2601 antehac
1318 2555 1572 2616 impressi,

499 2629 864 2679 auctoritatem
901 2628 1022 2677 huic
1060 2630 1328 2679 variationi
1372 2629 1570 2681 favere.

502 2706 763 2754 Provocat
796 2704 998 2768 quidem
1040 2704 1116 2753 vir
1154 2706 1469 2755 clarissimus
1500 2708 1566 2756 sd

500 2780 731 2829 codicem
756 2779 1310 2842 Guelpherbytanum3
1346 2784 1436 2831 sed
1463 2790 1567 2834 tes-

502 2864 607 2903 tem
654 2856 826 2905 excito
860 2856 1111 2906 Jacobum
1149 2856 1565 2922 Burcklisrdum‚

499 2931 841 2982 consiliarium
889 2932 1344 2991 Brunsvicensem,
1384 2937 1565 2984 eximi·

497 3022 583 3057 um
607 3011 975 3073 eleguntiorum
1000 3010 1266 3060 literarum
1288 3011 1567 3074 vindicem,

497 3085 583 3134 cui
616 3086 752 3134 illius
784 3087 976 3136 codicis
1002 3087 1263 3136 variantes
1295 3088 1565 3152 lectiones,

497 3163 882 3212 accuratissime
898 3162 1204 3225 descriptus,
1220 3161 1406 3225 debeo,
1423 3164 1474 3212 in
1498 3178 1562 3214 eo

494 3239 608 3301 ipso
647 3238 825 3288 codice
864 3254 965 3288 non
998 3238 1299 3288 vocabulum
1335 3255 1563 3302 recessus,

494 3312 585 3360 sed
623 3329 848 3374 secessus,
872 3320 1086 3374 exture;
1121 3321 1278 3377 prout
1311 3328 1476 3380 neque
1508 3318 1560 3365 iu

494 3389 657 3436 altero
698 3389 832 3437 libro
869 3389 1132 3451 Gudisno,
1167 3404 1335 3454 neque
1375 3392 1430 3440 in
1475 3408 1560 3442 co·

492 3464 610 3512 dice
634 3465 890 3513 Vaticano
914 3470 1060 3515 3461.
1095 3480 1212 3515 cum
1235 3482 1337 3530 quo
1369 3469 1559 3532 alioqui

491 3539 981 3602 Guelpherbytanus
1041 3544 1377 3604 utplurimum
1434 3560 1558 3593 cou-

489 3618 678 3679 spirat,
721 3630 931 3664 recessus
973 3618 1273 3678 invenitur;
1324 3628 1380 3668 ut
1426 3619 1558 3670 odeo

489 3691 739 3753 suspicer,
762 3690 1003 3744 amicum.
1026 3692 1109 3739 cui
1132 3691 1446 3743 Arntzeuius
1471 3711 1557 3744 ex·

487 3775 670 3832 cerpts
694 3766 890 3816 codicis
916 3765 1142 3827 Guelph.
1172 3777 1391 3830 acceptu
1416 3778 1556 3819 retu-

487 3844 571 3907 lit,
612 3842 889 3907 aliquando
926 3855 1042 3889 sues
1078 3841 1397 3904 adspersisse
1432 3860 1556 3894 con·

479 3921 734 3985 jecturas.
801 3918 1055 3982 Equidem
1104 3918 1259 3981 Cssp.
1312 3920 1555 3971 Barthius

484 3997 539 4046 in
579 3997 867 4047 comment.
907 3994 972 4043 ed
1008 3995 1146 4044 Stat.
1183 4001 1308 4045 tom.
1332 4009 1396 4045 u.
1432 4013 1553 4062 pug-

482 4074 600 4120 467.
642 4078 694 4120 et
739 4071 801 4118 sd
842 4070 1110 4121 claudian.
1151 4086 1271 4136 psg.
1307 4076 1423 4125 636.
1463 4076 1554 4124 ubi

483 4146 617 4195 citat
639 4149 777 4196 hunc
801 4147 958 4196 Plinii
991 4148 1181 4205 locum.
1204 4163 1307 4198 non
1330 4165 1555 4214 secessus,

486 4218 577 4269 sed
621 4235 847 4286 recessu,
890 4223 1147 4286 exhibet3
1198 4231 1304 4276 tsm
1348 4235 1552 4280 certum

1207 340 1427 390 NOTA:
1477 339 1892 391 vAntoRun
1938 340 2019 390 m

1661 498 1787 534 vero
1809 491 1909 541 est,
1931 498 2049 534 eum
2071 497 2141 535 ex
2163 482 2367 549 ingenio
2400 483 2542 536 illsin
2567 489 2745 539 nris-

1663 562 1856 610 tionem
1904 561 2268 624 depromsisse‚
2314 577 2467 627 quam
2508 571 2657 613 certo
2695 567 2742 614 i·

1661 636 1801 699 dem,
1838 638 2172 688 Rittersliusii
2194 639 2556 702 conjecturem
2589 656 2739 692 secu·

1662 719 1761 774 tus,
1785 714 1835 762 in
1860 715 2043 763 eodem
2080 714 2178 764 hoc
2215 717 2352 777 loco,
2374 731 2476 765 non
2507 718 2736 781 prinu-ns,

1659 788 1751 838 sed
1794 790 2002 853 privum,
2041 792 2319 855 expressit.
2387 793 2476 842 Sic
2517 801 2577 843 et
2614 808 2737 844 eon-

1658 872 1777 922 stat,
1814 866 2163 931 Perizonium,
2186 869 2292 931 qui,
2314 867 2579 919 referente
2599 869 2739 919 Arn-

1660 943 1846 997 tzenio‚
1869 944 2157 1006 exemplari
2188 958 2282 993 suo
2304 945 2556 995 allevent
2577 961 2739 995 reces-

1656 1031 1753 1073 sus,
1808 1019 1950 1067 nullo
2008 1034 2155 1068 usum
2215 1034 2328 1069 esse
2383 1021 2568 1084 codiee
2624 1023 2737 1072 Ms-

1660 1094 1861 1144 Quodsi
1885 1109 2010 1159 ergo
2035 1096 2182 1145 uobis
2209 1096 2262 1145 in
2283 1097 2382 1146 hoc
2411 1105 2738 1159 constemus,

1658 1177 1717 1218 ut
1745 1179 1849 1220 tem
1883 1171 1972 1220 diu
2003 1186 2281 1235 sequamur
2316 1175 2596 1223 lectionem
2621 1178 2736 1224 vul·

1657 1253 1979 1311 gatsm‚quae
2006 1250 2293 1311 praesertim
2318 1263 2415 1298 nec
2444 1265 2733 1313 paucorum

1655 1322 1889 1372 codicum
1930 1325 2060 1374 Μαι.
2094 1323 2339 1389 suffragio
2368 1326 2732 1389 confirmatur,

1655 1398 1825 1462 quoad
1850 1412 1913 1447 ea
1934 1401 2057 1449 nihil
2095 1401 2441 1462 incongruens
2467 1409 2521 1451 et
2547 1403 2735 1452 absur-

1655 1474 1773 1523 dum
1811 1476 2005 1537 haben
2038 1478 2286 1541 itemque,
2332 1487 2388 1527 ut
2434 1493 2535 1527 nou
2584 1480 2735 1529 illico

1653 1561 1838 1600 contre
1881 1554 2245 1603 sueton-itatem
2289 1562 2524 1604 veterum
2571 1557 2735 1607 libro-

1655 1643 1767 1676 rum
1794 1630 2079 1678 inseramus
2101 1631 2328 1694 antiquis
2351 1632 2587 1694 scriptis,
2609 1647 2731 1696 qun

1651 1704 1798 1754 nobis
1838 1713 2115 1769 nostroque
2154 1706 2363 1768 ingenio
2401 1708 2615 1756 melion
2650 1709 2730 1757 vi-

1653 1779 1860 1841 dentur,
1884 1794 1950 1828 ne
1974 1781 2026 1829 in
2050 1780 2304 1831 infinitum
2329 1784 2615 1833 varietates
2647 1785 2730 1834 in-

1651 1856 1943 1917 ducentum
1975 1857 2073 1907 hoc
2098 1858 2253 1907 etism
2279 1859 2328 1907 in
2345 1873 2475 1908 voce
2494 1875 2730 1923 secessus,

1653 1949 1802 1996 qusm
1818 1934 2082 1999 hueusque
2099 1935 2148 1984 iu
2166 1936 2407 1984 omnibus
2422 1937 2539 1986 eliis
2555 1939 2727 2002 scrip·

1652 2012 1718 2060 tis
1747 2011 2119 2075 impressisque
2152 2012 2310 2067 libris,
2331 2022 2527 2076 prutes
2547 2013 2725 2078 desig-

1649 2095 1821 2151 natos,
1845 2088 2079 2151 legimus,
2110 2088 2241 2137 nihil
2271 2097 2553 2139 mutamus.
2614 2090 2728 2140 Ve-

1650 2178 1762 2211 rum
1819 2171 1924 2225 est,
1978 2163 2117 2228 quod
2180 2170 2328 2214 notat
2382 2166 2729 2230 Armenius,

1646 2253 1856 2288 recessus
1890 2255 2005 2289 esse
2043 2241 2160 2290 loca
2183 2240 2365 2290 abdita
2400 2251 2458 2292 et
2493 2243 2724 2301 occulta.

1649 2313 1701 2363 in
1726 2314 1912 2379 quibus
1954 2330 2069 2364 sese
2104 2315 2426 2367 abscondunt
2463 2316 2726 2382 homines,

1648 2399 1703 2440 et
1727 2394 1941 2442 aliorum
1977 2393 2089 2443 usui
2114 2395 2359 2459 eripiunt.
2425 2393 2523 2458 At,
2544 2410 2722 2445 nonne

1646 2469 1826 2518 eadem
1852 2478 1931 2519 est
1955 2472 2097 2520 notio
2130 2471 2145 2498 ‘
2162 2485 2455 2521 secessuum
2476 2471 2515 2521 Ρ
2582 2473 2723 2523 Pro·

1647 2547 1758 2608 prie
1783 2547 1919 2595 enim
1946 2561 2046 2594 non
2064 2546 2379 2611 significant,
2393 2548 2492 2597 nisi
2511 2549 2632 2599 loca
2648 2550 2717 2599 sb

1644 2622 1857 2670 oliorum
1874 2621 2018 2672 aditu
2043 2631 2262 2687 remote,
2286 2626 2336 2673 in
2360 2639 2475 2687 que
2498 2625 2720 2675 secede·

1645 2697 1792 2759 baut,
1821 2701 1910 2763 qui
1948 2700 2030 2750 vel
2067 2701 2179 2749 otio
2216 2702 2299 2750 vel
2339 2702 2600 2764 voluptati
2637 2706 2716 2751 in-

1644 2774 1874 2838 dulgere,
1898 2777 1977 2825 vel
2004 2784 2142 2826 totos
2165 2792 2222 2826 se
2252 2777 2303 2827 in
2335 2778 2518 2828 literas
2549 2778 2714 2828 abde·

1646 2866 1720 2913 re,
1775 2852 1856 2901 vel
1924 2854 2230 2918 ceteroquin
2288 2855 2480 2919 aliquid
2535 2857 2713 2906 srcsni

1641 2935 1891 2986 tractare,
1908 2931 2124 2980 vellent.
2161 2932 2483 2996 Frequenter
2498 2932 2712 2998 quidem

1640 3012 1655 3034 ‘
1671 3019 1903 3055 secessus
1920 3005 1937 3028 '
1967 3007 2279 3059 dicebsntur
2296 3010 2410 3057 locs
2431 3023 2632 3059 omns
2654 3011 2709 3059 iu

1642 3094 1779 3135 rure,
1800 3090 1851 3131 et
1875 3081 2048 3140 litore,
2071 3091 2222 3133 extra
2255 3085 2472 3146 urbem3
2507 3093 2563 3134 et
2595 3087 2714 3135 ‘se-

1639 3157 1868 3220 cedere,'
1923 3159 2007 3224 qui
2055 3162 2108 3209 in
2155 3162 2443 3212 istiusmodi
2487 3163 2603 3213 locs
2648 3178 2710 3213 se

1639 3234 2011 3298 conferebnut;
2042 3251 2220 3286 verum
2245 3238 2546 3301 neutiqusm
2570 3253 2710 3290 seru-

1639 3325 1752 3374 per.
1820 3313 1987 3361 Recte
2034 3312 2267 3363 Isidorus
2313 3314 2464 3377 Orig.
2514 3328 2610 3365 xv.
2656 3320 2708 3366 8.

1637 3389 1653 3415 ‘
1673 3389 1962 3449 Secessus,'
1996 3389 2184 3454 inquit,
2217 3391 2333 3439 ‘est
2367 3390 2508 3439 locus
2532 3406 2709 3442 secre-

1639 3472 1741 3521 tus,
1786 3465 1898 3516 sine
1943 3466 2224 3517 secessu.’-
2273 3468 2462 3531 virgil.
2504 3468 2625 3519 AEu.
2673 3483 2714 3519 ι.

1638 3544 1749 3590 169.
1776 3543 1931 3591 etism
1966 3544 2159 3593 ‘sinum
2181 3544 2364 3594 msris’
2398 3553 2555 3594 vocat
2586 3548 2605 3574 ⁸
2624 3560 2710 3595 se-

1633 3633 1836 3669 cessum
1857 3620 1891 3666 ε’
1923 3620 2051 3670 ‘Est
2092 3622 2142 3671 in
2183 3637 2390 3673 secessu
2430 3626 2590 3689 longo
2630 3627 2712 3676 Ιο-

1634 3694 1760 3743 cus-⁹
1826 3696 1897 3744 Et
1927 3710 2022 3758 pro
2055 3697 2297 3747 ‘recessu
2318 3698 2334 3719 ’
2363 3700 2508 3763 ponit
2541 3700 2709 3765 idem,

1633 3770 1751 3820 AEn.
1797 3785 1883 3822 ιιι.
1927 3776 2043 3821 229.
2089 3772 2349 3823 ‘Rursum
2392 3776 2445 3824 in
2487 3790 2704 3827 secessu

1633 3847 1787 3910 longo
1815 3847 1911 3895 snb
1944 3863 2074 3911 rupe
2097 3849 2322 3899 csvsts.'
2388 3852 2529 3902 Ptin.
2556 3852 2704 3905 nist.

1634 3923 1759 3972 Nat.
1777 3936 1908 3973 vtis.
1928 3928 2010 3973 ⁶4.
2034 3925 2121 3975 ubi
2147 3926 2212 3974 de
2234 3925 2533 3978 histricibus
2554 3931 2667 3995 ugit
2683 3948 2699 3981 ε

1627 3999 1868 4048 ‘Deinde
1901 4014 2141 4049 secessus
2175 4002 2226 4049 in
2264 4016 2454 4064 specus
2488 4020 2703 4070 separe·

1628 4075 1739 4130 tim,
1764 4075 1814 4123 iu
1837 4075 2022 4137 quibus
2048 4077 2257 4139 psriunt.
2285 4079 2550 4142 trigesimo
2572 4083 2702 4133 die.'

1630 4151 1787 4201 ovid.
1807 4151 1970 4199 Trist.
1994 4165 2033 4202 1.
2056 4156 2103 4203 1.
2139 4159 2152 4181 ⁸
2172 4154 2415 4205 Csrrnins
2435 4172 2696 4213 secessum

1628 4229 1905 4281 scribentis
1930 4237 1984 4281 st
2005 4231 2116 4281 otis
2137 4239 2377 4296 quaerunt
2391 4233 2428 4296 ;'
2460 4236 2549 4288 ubi
2580 4242 2695 4290 ‘se-
