3060 4902
720 359 786 405 C.
836 355 1077 405 Pumn
1114 355 1462 404 *seculum
1503 355 1790 404 PANEG.
1871 357 1916 404 Ι.

321 546 325 551 .
379 497 658 562 Cubiculum]
695 501 864 552 Quale
891 501 1118 551 Neronis
1143 500 1292 563 illud,
1318 514 1347 549 e

321 586 408 633 quo
426 577 697 637 spectabat.
748 577 828 626 De
853 577 969 641 ipso
990 578 1207 626 Sueton.
1233 579 1348 640 cap'.

322 651 390 697 12.
436 650 593 701 Julius
649 667 857 716 quoque
905 653 1082 704 Caesar
1132 652 1349 717 speciali

317 735 537 790 suggesta
561 745 697 792 usus,
723 729 907 780 eodem
934 738 1089 787 teste,
1124 746 1238 795 cap.
1268 735 1351 780 76.

318 800 422 852 Mos
441 805 520 854 hic
539 809 590 855 et
613 806 863 856 Asiaticis
892 806 1234 871 principibus,
1257 822 1349 855 un·

318 876 375 930 de
406 880 544 931 luxus
573 883 786 932 Romam
821 881 1096 938 advectus,
1126 882 1349 931 solennis

316 951 420 1022 suit.
449 957 671 1007 Tradunt
704 957 993 1007 Athenaeus
1029 958 1119 1006 lib.
1138 971 1269 1007 xm.
1294 964 1351 1006 et

315 1030 558 1082 Plutarch.
580 1036 629 1084 in
654 1035 939 1084 Phocione.
975 1034 1196 1083 Patarol.

374 1110 576 1174 Qtinque
604 1112 781 1174 millia]
814 1111 1093 1173 conjectat
1123 1108 1349 1172 Lipsius,

317 1183 567 1248 legendum
591 1188 944 1251 quinquaginta
964 1189 1180 1237 millium.
1215 1188 1296 1236 Id.

311 1303 314 1306 ,
371 1263 575 1326 Quinque
610 1266 788 1329 millia]
820 1266 1016 1314 Merito
1054 1272 1349 1328 suspectus,

313 1338 541 1404 nimisque
565 1343 807 1403 minutus,
835 1343 917 1392 hic
942 1356 1187 1392 numerus
1210 1344 1350 1390 visus

312 1416 589 1481 estLipsio,
613 1433 765 1482 quern
801 1418 946 1467 adire
983 1419 1125 1467 licet.
1192 1419 1350 1481 Equi·

313 1489 415 1539 dem
446 1494 692 1543 cellarius
736 1494 1077 1549 existimavit,
1123 1494 1349 1542 Plinium

311 1577 553 1617 nnmerum
590 1569 787 1618 sedium
829 1569 878 1617 iu
911 1569 1051 1617 circo
1082 1576 1349 1617 auctarum

309 1642 365 1690 ad
387 1657 642 1696 numerum
682 1647 1020 1709 ingenuorum
1057 1646 1352 1694 restrinxis-

305 1732 526 1784 sesquos
569 1724 781 1772 alendos
827 1717 1135 1786 susceperat
1174 1724 1350 1786 Traja-

306 1808 418 1855 nus3
454 1805 603 1858 prout
641 1799 842 1847 Plinius
873 1811 1030 1858 supra
1063 1809 1272 1845 xxviii.
1300 1802 1351 1846 4.

307 1869 523 1919 tradidit.
586 1873 692 1922 Sed
718 1873 834 1921 milii
859 1872 1067 1920 videtur
1095 1872 1262 1934 potius
1296 1872 1352 1919 li-

306 1945 490 1998 brarius
527 1952 739 2012 quidam
768 1954 880 2015 jam
917 1953 1037 2001 olim
1075 1952 1226 2000 istum
1260 1967 1350 1999 nu-

301 2034 500 2080 merum,
525 2041 887 2090 quemcunque
911 2027 1116 2075 demum
1143 2041 1351 2090 expres-

298 2099 415 2148 serit
436 2101 656 2164 Plinius,
681 2118 748 2152 ex
783 2119 899 2166 cap.
928 2117 1140 2153 xxvm.
1167 2105 1353 2152 intem-

301 2177 490 2238 pestive
528 2188 832 2243 temereque
875 2182 1178 2229 cori-exim.
1243 2180 1352 2228 Pli-

299 2251 404 2299 nius
439 2260 611 2305 autem
656 2257 829 2319 potius
867 2255 1054 2323 innuit,
1083 2269 1350 2304 numerum

297 2327 655 2394 ingenuorum,
678 2350 805 2398 quos
833 2334 1118 2384 liberaliter
1140 2336 1352 2384 alendos

293 2421 586 2476 susceperat
619 2413 843 2470 Plinius,
867 2420 922 2463 et
955 2426 1098 2476 spem
1129 2413 1350 2475 plurium

294 2484 344 2534 iu
355 2496 614 2550 posterum
629 2490 1238 2553 suscipiendorum,circo
1253 2505 1351 2539 am·

295 2563 494 2625 pliaudo
513 2569 842 2618 occasionem
873 2565 1099 2615 dedisse.
1133 2567 1352 2616 Schwar-

295 2652 404 2689 aas.
798 2649 802 2655 “

354 2718 572 2778 Quinque
589 2720 768 2783 millia]
806 2721 996 2783 Supra,
1018 2728 1033 2749 ‘
1054 2720 1239 2768 Paullo
1259 2719 1352 2768 mi·

294 2806 384 2842 nus
408 2795 467 2845 P.
491 2798 552 2846 C.
577 2798 807 2862 quinque
832 2797 990 2845 millia
1013 2798 1350 2860 ingenuorum

290 2864 515 2933 fuerunt,
531 2887 654 2936 quae
669 2872 954 2921 liberalitas
974 2873 1218 2935 principis
1236 2887 1350 2921 nos·

293 2944 352 2993 tri
374 2949 714 3011 conquisivit,
741 2949 956 3011 invenit,
979 2948 1208 2998 ascivit.’
1247 2949 1353 2997 Ita-

284 3036 381 3084 que
402 3026 542 3075 circo
567 3027 860 3089 inscripsit,
884 3041 1131 3090 capacem
1157 3042 1211 3075 se
1236 3042 1350 3076 eum

286 3102 458 3162 populi
487 3102 720 3151 Romani
744 3104 1010 3163 statuisse,
1043 3118 1159 3152 cum
1192 3104 1351 3151 alicu·

281 3174 332 3225 bi
354 3189 667 3242 corruptum
693 3194 794 3242 qua
818 3180 1080 3243 majorem,
1106 3193 1204 3241 qua
1240 3180 1352 3242 pul-

279 3252 552 3318 diriorem,
575 3254 975 3305 exedificasset.
1039 3256 1353 3319 xiphilinus.

342 3407 570 3471 Quinque
605 3406 783 3469 millia]
816 3407 922 3457 Hic
956 3421 1197 3457 uumerus
1228 3408 1351 3457 mibi

276 3492 574 3547 suspectus,
599 3492 658 3534 et
682 3486 907 3533 minutus
926 3492 1022 3534 est.
1057 3484 1194 3535 Quid
1214 3499 1350 3548 niag-

273 3558 347 3619 ιιί,
379 3560 473 3610 ubi
517 3568 603 3610 tot
639 3562 825 3621 millia,
859 3561 1065 3624 quinque
1101 3561 1352 3611 duntaxat

272 3635 570 3698 adjecisse?
646 3637 717 3686 At
761 3638 897 3693 enim
943 3651 1101 3699 supra
1139 3651 1353 3685 xxviu.

267 3714 318 3762 3.
342 3712 482 3763 dixit
522 3720 538 3743 ‘
559 3714 797 3779 quinque
821 3713 982 3761 millia
1010 3713 1350 3776 ingenuorum

269 3788 614 3852 conquisitu.'
685 3788 790 3850 Ita,
836 3789 929 3837 sed
983 3788 1047 3837 ad
1087 3790 1351 3852 alendum,

269 3862 440 3928 (qnod
472 3866 625 3914 aliud
653 3865 802 3915 valde
834 3865 966 3929 est,)
990 3881 1088 3915 nou
1114 3868 1178 3914 ad
1202 3881 1350 3931 spec-

267 3942 508 3992 tandum.
547 3941 797 4006 Denique
814 3942 886 3991 illi
910 3944 924 3970 ‘
942 3942 1187 4005 ingenui,’
1204 3958 1352 4005 spec-

267 4023 383 4067 tant
416 4033 555 4068 vero
604 4026 660 4067 et
696 4018 940 4068 libertini.
1007 4019 1226 4068 Moveor
1253 4021 1352 4068 eti·

264 4107 365 4150 am,
391 4094 546 4158 quod
578 4094 632 4142 in
657 4094 834 4144 Plinio
858 4096 1042 4159 legam,
1067 4097 1082 4122 ‘
1101 4096 1304 4145 Circum
1322 4111 1351 4147 a

265 4170 479 4223 Caesare
531 4171 800 4220 dictatore
841 4180 1117 4235 structum,
1163 4174 1226 4223 ad
1272 4189 1352 4223 se·

262 4245 382 4297 dem
421 4261 596 4297 ceu.
633 4247 884 4296 millium.'
951 4247 1026 4300 Ac
1061 4256 1265 4314 postea,
1299 4251 1350 4299 in

390 4330 590 4393 Delph.
611 4333 656 4379 el
687 4327 803 4411 Vqr.
824 4329 953 4378 Clas.

1230 4331 1421 4394 Paneg.
1452 4330 1559 4380 Vct.

1959 341 2068 406 52.
2356 336 2490 404 753

1428 500 1666 564 Victore,
1714 501 1989 565 ‘cepisse'
2040 499 2285 551 scribitur
2338 499 2489 552 ‘locs

1422 589 1742 625 cccnxxxv.
1764 578 1921 626 millia
1941 577 1974 639 ς·
2005 577 2133 639 sive,
2157 584 2214 626 ut
2241 575 2413 624 verius
2437 575 2487 622 in

1426 654 1631 701 Notitia
1666 654 1902 717 Imperii,
1935 661 1987 703 et
2020 654 2239 717 integris
2279 650 2489 702 vocibus

1425 729 1796 791 perscriptum,
1818 737 1833 759 ⁸
1853 730 2232 792 quadringenta
2254 729 2489 790 octogiu-

1425 813 1481 853 ta
1516 807 1779 870 quinque.’
1846 806 2019 869 Igitur
2066 813 2186 870 post
2231 807 2487 855 Coesarem

1425 882 1643 941 largiter
1677 896 1803 931 sane
1841 883 1889 931 ei
1925 881 2210 945 adjectum,
2251 890 2305 931 et
2338 895 2488 945 paene

1424 957 1661 1021 duplum.
1732 957 1809 1007 Ac
1849 957 2038 1019 fateor,
2063 958 2189 1006 alios
2229 957 2489 1020 principes

1426 1036 1659 1097 potuisse
1684 1049 1895 1097 augere,
1911 1034 2001 1083 sed
2021 1034 2230 1098 publica
2254 1034 2488 1082 testimo·

1425 1110 1507 1157 nia
1546 1110 1819 1174 inclinant,
1854 1110 2098 1159 eximium
2134 1109 2331 1172 aliquid
2367 1109 2491 1158 Tra·
2546 1133 2553 1141 ·

1415 1186 1598 1248 janum
1626 1197 1876 1250 patrasse.
1945 1186 2096 1235 Basis
2121 1186 2298 1234 Rouiae
2321 1192 2494 1235 exstat

1424 1263 1543 1310 huic
1568 1264 1845 1326 inscripta:
1880 1276 2098 1313 Tninvs.
2127 1275 2307 1311 xxxv.
2331 1274 2488 1314 ovon

1427 1350 1852 1389 ntnssnant'rxm.
1899 1352 2122 1389 ommi.
2188 1351 2488 1388 putucrms.

1422 1431 1722 1466 commonit.
1749 1431 1958 1466 nam-ss.
1991 1430 2187 1465 mnam.
2226 1429 2487 1465 noconvm

1425 1507 1786 1543 Ληιεοτιουε.
1826 1507 2134 1543 Amnum-A.
2170 1506 2308 1541 stur.
2376 1493 2488 1542 Etsi

1426 1583 1489 1617 ea
1515 1570 1682 1631 posita
1719 1571 1767 1618 in
1792 1571 2060 1619 consulatu
2078 1570 2187 1633 ejus
2209 1584 2263 1618 v.
2288 1567 2492 1617 diutule

1428 1653 1549 1709 post
1572 1646 1738 1708 ipsum
1774 1644 1990 1707 factum,
2025 1644 2143 1693 dum
2170 1645 2488 1705 decernitur,

1427 1721 1548 1769 dum
1594 1731 1803 1783 paratur
1849 1727 2040 1776 statua,
2085 1728 2143 1770 ut
2187 1721 2340 1770 solet.
2424 1721 2489 1769 Iu

1428 1797 1609 1844 Dionis
1646 1798 1803 1846 etiam
1847 1798 2188 1859 compendio:
2223 1796 2361 1845 Οὕτω
2395 1795 2491 1860 γάρ

1425 1890 1519 1920 που
1547 1872 1624 1921 καὶ
1652 1872 1972 1936 μεγαλόφρων
1996 1874 2072 1921 καὶ
2103 1874 2492 1935 μεγαλογνῶμων

1430 1947 1534 2010 ἔφυ,
1562 1948 1687 1997 ὥστε
1717 1949 1794 1998 καὶ
1815 1952 1890 2012 τῷ
1922 1949 2191 2015 ἱπποδρόμῳ
2221 1951 2489 2014 ἐπιγράψω.

1428 2026 1502 2075 ὅτι
1537 2028 1822 2088 ἑξαρκοῦντα
1854 2028 2001 2077 αὐτὸν
2029 2031 2098 2089 τῷ
2128 2031 2225 2077 τῶν
2254 2029 2495 2090 Ῥωμαίων,

1427 2102 1557 2163 δήμῳ
1600 2104 1840 2163 ἐποίησεν,
1875 2105 2032 2162 ἐπειδὴ
2066 2105 2380 2169 διαφθαρέντα
2420 2125 2489 2168 πη

1428 2179 1505 2227 καὶ
1527 2178 1669 2241 μείζω
1688 2180 1765 2229 καὶ
1781 2180 2211 2244 περικαλλέπερον
2225 2182 2493 2244 ἐξειργάσω

1424 2273 1500 2304 το.
1557 2259 1689 2305 Adeo
1712 2264 1867 2306 autem
1890 2263 1937 2306 et
1960 2261 2124 2317 magni
2142 2261 2293 2307 animi
2316 2265 2361 2307 et
2382 2276 2492 2309 con·

1424 2337 1589 2395 ceptus
1622 2339 1743 2393 erat,
1781 2339 1834 2380 ut
1868 2335 1992 2381 circo
2026 2335 2339 2398 inscripserit,
2371 2339 2494 2399 qaod

1425 2424 1640 2471 capacem
1656 2411 1819 2472 populi
1848 2411 2052 2459 Romani
2066 2413 2358 2461 seraa-isset.-
2381 2415 2495 2476 qaia

1423 2487 1608 2535 scilicet
1643 2493 1932 2551 corruptam,
1961 2493 2007 2537 et
2044 2489 2286 2549 mqjorem,
2317 2496 2363 2539 et
2399 2493 2493 2541 ele-

1422 2564 1692 2624 gantiorem
1714 2565 1920 2624 fecerat.
1991 2567 2072 2614 Ex
2099 2566 2174 2614 uis
2201 2566 2491 2632 talibusque

1427 2639 1619 2689 inclino
1664 2642 1841 2704 legere
1885 2644 2236 2707 quinquaginta
2272 2646 2490 2708 millium,

1428 2724 1518 2766 aut
1565 2719 1719 2779 ultra,
1759 2720 1801 2767 si
1846 2722 1959 2783 quis
1999 2721 2313 2783 φιλορωμαΐος
2351 2721 2492 2770 velit.

1427 2793 1510 2842 Ad
1558 2795 1686 2843 lianc
1730 2804 1900 2844 autern
1941 2798 2066 2845 circi
2114 2799 2490 2858 reparationem

1426 2870 1659 2919 Suetonii
1686 2871 1771 2918 illa
1796 2881 2058 2934 spectant,
2078 2873 2357 2920 Domitiani
2375 2888 2488 2936 cap.

1427 2951 1475 2994 ⁵.
1512 2952 1527 2974 ‘
1551 2947 1693 2995 Fecit
1735 2947 1939 3003 odeum,
1971 2957 2025 2996 et
2064 2948 2438 3008 naumachiam,
2461 2963 2490 2996 e

1427 3022 1572 3084 cujus
1607 3028 1788 3085 postea
1827 3024 1998 3085 lapide
2024 3025 2276 3071 maximus
2301 3023 2491 3081 circus,

1427 3097 1624 3147 deustis
1665 3099 1928 3162 utrimque
1959 3100 2226 3155 lateribus,
2257 3108 2491 3149 exsti-uc-

1427 3184 1509 3224 tus
1534 3176 1650 3225 est!
1717 3178 1931 3234 Postea,
1967 3192 2151 3242 nempe
2179 3194 2209 3227 a
2238 3179 2491 3241 Trajano.

1426 3252 1566 3314 Lips.

1503 3329 1847 3392 Majoremqae]
1894 3331 2032 3392 Ergo
2073 3345 2173 3379 uon
2215 3331 2278 3379 ad
2324 3333 2489 3380 solum

1428 3406 1553 3455 illud
1593 3415 1926 3464 augmentum
1951 3408 1966 3433 ‘
1992 3407 2215 3470 quinque
2241 3409 2455 3458 millium
2480 3407 2494 3430 ⁹

1430 3481 1719 3544 amplitudo
1742 3483 2148 3531 accommodata.
2185 3484 2338 3531 Idem.

1482 3561 1718 3608 Cannu.
1741 3560 2127 3624 Illijamdadum]
2147 3562 2246 3610 Pro
2261 3576 2386 3611 voce
2400 3563 2494 3624 ini,

1427 3634 1715 3683 Beroaldus
1774 3635 1953 3684 vitiose
1996 3635 2162 3686 edidit
2207 3638 2366 3696 idem
2403 3641 2494 3687 ali·

1427 3722 1675 3777 quantum
1702 3714 1989 3777 speciosius
2005 3714 2282 3762 Catanaeus
2304 3715 2492 3774 eidem5

1428 3798 1481 3840 at
1517 3806 1692 3839 omnes
1718 3792 1899 3855 reliqui
1935 3791 2050 3839 libri
2078 3792 2209 3838 bene
2245 3801 2490 3852 recteque

1427 3868 1620 3917 babent
1636 3870 1725 3917 illi.
1764 3869 1958 3917 Aduaec
1979 3869 2027 3916 iu
2046 3868 2279 3916 omnibus
2298 3867 2491 3916 codici·

1425 3946 1520 3994 bus
1542 3947 1671 3994 Mss.
1695 3947 1805 3994 liaec
1829 3943 2084 3993 vocabula
2113 3959 2210 3992 non
2246 3945 2377 3993 male
2414 3945 2490 3992 sic

1427 4024 1745 4085 transposita
1789 4023 2028 4084 legimus,
2061 4020 2342 4080 jamdudum
2384 4020 2490 4078 im,-

1426 4113 1493 4147 ne
1534 4099 1633 4145 duo
1670 4098 1901 4160 ejusdem
1941 4095 2338 4152 terminationis,
2361 4096 2488 4156 jam·

1424 4175 1602 4222 dudum
1643 4173 1898 4233 radiatam,
1940 4186 2066 4219 sono
2113 4184 2290 4235 parum
2338 4180 2490 4234 grato

1426 4254 1759 4301 concurrant.
1831 4252 2114 4313 Postquam
2146 4262 2270 4298 vero
2299 4249 2491 4299 Plinius

2246 4334 2276 4378 3
2314 4332 2356 4378 Β
