3060 4902
443 437 576 504 454

447 596 463 624 ‘
489 596 742 651 Primum,
776 600 835 643 ut
870 593 1169 659 imperatori
1204 600 1387 644 nostro
1410 594 1513 643 vir·

449 679 592 724 tutes
614 687 724 722 suae
748 673 883 721 veris
919 672 1159 723 laudibus
1185 671 1516 722 commenda·

450 755 666 809 rentur3
698 747 908 811 deinde,
942 756 1001 798 nt
1036 747 1200 798 futuri
1235 749 1518 812 principes,

449 841 554 876 nou
576 825 725 891 quasi
750 841 781 874 a
804 825 1072 889 magistro,
1097 823 1189 873 sed
1225 832 1399 873 tamen
1422 822 1516 873 sub

451 902 712 966 exemplo,
738 906 1204 964 promouerentnr‚
1226 914 1331 965 ,qua
1355 900 1517 963 potis·

451 980 636 1029 simum
677 977 760 1026 via
801 985 1017 1042 possent
1050 975 1114 1025 ad
1153 974 1371 1025 candem
1408 976 1521 1040 glo·

452 1057 583 1106 riam
621 1055 758 1105 niti.’
822 1055 943 1104 Non
982 1052 1237 1103 absimilia
1271 1052 1520 1115 synesius

454 1133 510 1183 in
554 1132 795 1189 oratioue
835 1130 900 1180 ad
946 1130 1227 1181 Arcadium
1266 1129 1407 1193 Imp.
1454 1129 1521 1178 de

458 1212 662 1274 Regno,
709 1215 951 1259 vertente
1001 1206 1319 1270 camerario,
1354 1221 1523 1272 ecquo

457 1287 607 1337 viro?
660 1288 677 1316 ⁸
715 1286 918 1343 Eattir‚’
973 1286 1158 1350 iuquit,
1198 1287 1215 1314 ⁸
1239 1285 1524 1335 comitante

457 1368 599 1428 Deo,
632 1372 689 1415 et
726 1365 776 1414 in
800 1379 984 1414 manus
1007 1362 1260 1414 sumatnr’
1285 1363 1527 1428 pulcber·

457 1444 589 1493 rima
611 1442 779 1493 oratio
812 1441 1122 1503 orationum,
1151 1442 1253 1502 vel,
1275 1447 1332 1490 ut
1353 1441 1526 1489 verius

460 1520 649 1582 dicam,
674 1532 755 1567 res
780 1531 948 1567 rerum
971 1517 1216 1567 omnium.
1267 1518 1369 1569 Qui
1390 1518 1528 1567 enim

459 1610 635 1646 curam
678 1595 896 1659 suscipit
933 1596 1091 1658 regis,
1128 1595 1279 1645 unius
1317 1594 1528 1660 quidem

462 1672 703 1727 bominis,
746 1678 805 1721 ut
847 1671 933 1720 hic
987 1671 1056 1720 sit
1102 1672 1330 1734 optimus
1371 1679 1532 1736 atque

464 1748 943 1812 praestantissimus,
993 1746 1033 1796 is
1090 1748 1529 1811 compendiariam

463 1825 701 1887 inprimis
733 1824 863 1872 viam
897 1822 1190 1886 ingreditur
1215 1824 1277 1873 ad
1303 1825 1530 1874 omnium

466 1901 861 1953 correctionem.
928 1901 1180 1951 Dicamus
1244 1902 1425 1966 igitur,
1477 1909 1534 1952 et

466 1994 583 2045 quae
612 1993 768 2043 agere
809 1992 986 2042 regem
1024 1993 1228 2043 aequum
1255 1980 1325 2027 sit
1356 1994 1416 2028 ac
1441 1979 1534 2029 de·

468 2064 607 2116 cest,
634 2063 689 2106 et
715 2055 837 2119 quid
860 2069 962 2105 nou
986 2054 1193 2116 deceat,
1213 2061 1397 2104 contra
1420 2070 1536 2106 sese

470 2132 745 2199 oppositis,
777 2132 1018 2196 turpibus
1050 2147 1113 2181 ac
1145 2131 1396 2181 honestis.
1461 2132 1538 2182 At

474 2219 534 2260 tu
561 2210 623 2258 ad
659 2217 935 2273 utramque
968 2209 1155 2257 seriem
1192 2208 1456 2270 assistens,
1496 2209 1539 2258 si

476 2285 756 2350 quidquam
813 2283 1119 2348 cognoveris
1184 2283 1248 2331 ad
1311 2281 1539 2335 officium

478 2372 621 2413 tuum
648 2360 935 2424 pertinere,
959 2358 1085 2409 illud
1106 2368 1350 2424 tanquam
1374 2375 1404 2409 a
1427 2362 1540 2425 phi-

475 2438 713 2502 losophia
741 2438 970 2489 edictum
1001 2438 1341 2501 amplectere,
1364 2446 1543 2492 cetera

477 2529 727 2565 execrare
745 2521 801 2564 et
818 2514 1068 2577 repudia:
1094 2521 1251 2578 atque
1277 2515 1351 2564 ita
1369 2523 1545 2567 statue

480 2593 653 2641 auimo
676 2600 785 2648 tuo,
809 2591 897 2639 illa
908 2604 1115 2653 semper
1137 2598 1189 2639 te
1209 2592 1416 2656 exequi,
1433 2595 1546 2644 haec

479 2683 584 2719 non
609 2668 830 2732 amplius
850 2667 1084 2731 persequi
1104 2675 1368 2731 oportere.
1403 2672 1547 2722 Quin

483 2747 662 2808 etism,
683 2761 785 2811 qno
811 2754 1047 2809 tempore
1067 2744 1177 2794 baec
1190 2746 1410 2796 liabetur
1433 2762 1549 2798 ora-

485 2824 581 2887 tio,
599 2838 664 2874 eo
682 2824 815 2887 ipso,
831 2822 872 2872 si
900 2820 1022 2886 quid
1038 2835 1138 2870 uon
1163 2821 1350 2872 deceat
1375 2832 1445 2888 te,
1461 2839 1549 2874 cu-

477 2903 571 2966 jus
609 2909 660 2951 et
689 2914 800 2961 nos,
837 2907 890 2948 et
926 2906 982 2949 tu
1018 2899 1132 2962 ipse
1174 2898 1266 2949 tibi
1310 2902 1550 2951 conscius

487 2980 575 3036 sis,
611 2993 673 3027 ac
712 2983 963 3040 appareat
1001 2975 1258 3039 indignari
1295 2986 1349 3027 et
1395 2967 1560 3028 irasci*

486 3055 587 3117 ipsi
614 3053 729 3114 tibi,
752 3060 808 3101 et
839 3039 1149 3102 erubescere
1185 3061 1259 3110 te,
1294 3054 1414 3119 qnia
1450 3069 1557 3104 ma·

487 3129 736 3181 nifestum
757 3127 868 3191 fiat,
890 3143 1001 3178 esse
1025 3129 1077 3178 iu
1110 3137 1180 3185 te,
1216 3131 1349 3195 qnod
1387 3139 1441 3181 te
1475 3139 1557 3182 est

490 3197 780 3270 indignum.
847 3205 953 3255 Hic
1000 3204 1239 3268 profecto
1277 3209 1558 3271 pollicetur

494 3287 509 3313 ⁸
537 3282 858 3347 poenitentiae
885 3282 1170 3332 virtutem-⁹
1214 3282 1263 3332 Ο
1288 3286 1443 3335 verba
1469 3302 1556 3336 au·

495 3374 554 3410 ro
589 3373 690 3410 uon
731 3367 916 3410 contra
949 3373 1083 3423 cape
1120 3361 1383 3427 princeps,
1414 3378 1561 3428 cape.

500 3438 657 3488 Bes-n.

564 3512 996 3577 Recognoseerent]
1033 3513 1272 3565 Illustrat
1301 3515 1416 3567 baec
1449 3516 1563 3579 ipse

496 3591 699 3642 Plinius
743 3592 913 3654 Epist.
955 3606 1041 3641 ιιι.
1076 3596 1156 3642 18.
1190 3592 1275 3643 nbi
1314 3594 1565 3642 rationem

501 3667 697 3729 reddit,
733 3682 828 3716 cur
856 3669 991 3718 bunc
1026 3668 1406 3733 Panegyricum
1445 3669 1570 3718 ube·

502 3746 612 3795 rius
656 3744 954 3794 diduxeritt
1012 3747 1030 3775 ⁶
1069 3744 1340 3808 Primum,’
1383 3747 1569 3812 inquit,

501 3823 519 3850 ‘
543 3831 602 3871 ut
634 3822 936 3885 imperatori
977 3829 1157 3870 nostro
1196 3822 1416 3871 virtutes
1459 3835 1568 3872 suoe

504 3899 643 3949 veris
726 3897 965 3948 laudibus
1050 3897 1570 3959 commendarentur;

507 3975 719 4037 delude,
742 3982 799 4024 ut
822 3973 983 4023 futuri
1003 3976 1284 4042 principes,
1308 3989 1408 4025 non
1423 3977 1571 4041 quasi

509 4067 541 4102 e
565 4051 829 4115 magistro.
854 4051 944 4099 sed
982 4059 1155 4100 tamen
1184 4049 1280 4100 sub
1314 4053 1574 4116 exemplo,

511 4136 973 4195 pramonerentur,
1007 4142 1109 4193 qua
1142 4130 1462 4194 potissimum
1489 4131 1575 4181 via

511 4218 729 4278 possent
785 4210 851 4260 ad
908 4210 1124 4261 eandem
1183 4212 1399 4284 gloriam
1459 4212 1576 4262 niti.

513 4289 653 4340 Nam
687 4287 999 4353 praecipere,
1033 4288 1199 4354 qualis
1234 4304 1351 4340 esse
1383 4289 1579 4340 debeat

516 4365 780 4433 princeps,
804 4365 1077 4433 pulchrum
1093 4365 1425 4434 quidem,sed
1451 4380 1576 4419 oue·

1142 450 1361 501 1⁴01·AE
1413 450 1824 502 vulnotum
1876 451 1958 501 ΙΝ

1592 607 1785 657 rosum,
1808 609 1869 645 ac
1893 608 2055 659 prope
2090 593 2368 659 superbum
2405 601 2515 658 est3
2550 595 2660 644 lau·

1592 672 1721 721 dare
1769 686 1893 722 vero
1937 672 2186 736 optimum
2234 672 2548 736 principem,
2597 686 2661 723 ac

1593 762 1689 812 per
1714 747 1811 796 boc
1836 749 2076 812 posteris,
2109 750 2252 798 velut
2286 762 2316 798 e
2345 750 2559 813 specula
2584 751 2661 799 lu·

1593 838 1734 887 meu,
1786 824 1927 889 quod
1991 833 2291 889 sequantur,
2348 826 2664 888 ostendere;

1596 899 1733 949 idem
1768 901 2014 950 utilitatis
2037 902 2218 959 habet,
2243 903 2556 966 arrogantie
2591 903 2667 952 ui·

1597 975 1706 1027 hit!
1771 977 2019 1029 Pertinet
2067 979 2168 1030 huc
2223 980 2381 1030 etiam
2451 982 2664 1043 elegans

1598 1053 1761 1108 locus,
1788 1068 1940 1117 quem
1979 1069 2046 1103 ex
2084 1055 2290 1119 Synesii
2324 1057 2563 1105 oratione
2604 1054 2667 1105 ad

1600 1130 1880 1180 Arcadium
1902 1130 2038 1195 Imp.
2061 1131 2128 1181 de
2154 1147 2333 1197 regno,
2354 1132 2417 1181 ad
2441 1133 2490 1181 h.
2513 1133 2549 1181 l.
2575 1147 2668 1183 ex-

1599 1207 1787 1257 citavit
1805 1207 2224 1265 Friscbmanuus,
2243 1224 2335 1258 seu
2353 1209 2525 1273 potius
2540 1209 2668 1259 Ber·

1601 1297 1875 1347 ueggerus.
1912 1284 2161 1336 Schwart-

1668 1360 2040 1423 Interamn-us]
2060 1367 2073 1390 ⁸
2093 1360 2434 1411 Intercedere
2448 1359 2463 1381 ’
2480 1367 2535 1411 et
2554 1360 2569 1389 ⁴
2587 1375 2674 1409 ve·

1605 1436 1746 1486 ιιι-ε’
1788 1444 1942 1487 erant
1989 1438 2201 1502 propria
2246 1438 2469 1488 tribunis
2506 1438 2673 1503 plebis

1606 1515 1797 1577 verba3
1848 1514 1914 1564 de
1954 1516 2140 1580 quibus
2182 1516 2326 1566 adire
2371 1517 2494 1567 licet
2532 1517 2676 1566 Bris-

1605 1606 1718 1641 son.
1742 1591 1807 1641 de
1835 1587 2008 1642 F‘orm.
2029 1606 2091 1644 ιι.
2113 1607 2235 1657 pag.
2267 1596 2383 1644 271.
2429 1593 2675 1643 Tribunis

1607 1669 1745 1718 enim
1778 1670 1857 1718 his
1887 1670 1976 1734 jus
2009 1670 2110 1720 fuit
2148 1670 2530 1726 intercedendi,
2551 1671 2603 1720 h.
2628 1685 2677 1720 e.

1609 1747 1819 1797 vetandi
1854 1748 2285 1813 prohibendique.
2371 1748 2507 1798 Vide
2552 1748 2677 1797 Dis·

1609 1832 1795 1874 sertat.
1816 1832 2045 1874 nostram
2077 1825 2144 1874 de
2176 1823 2467 1874 Tribuuitis
2493 1824 2679 1874 Potes·

1612 1908 1724 1950 tate
1763 1901 2045 1951 Cassarum.
2113 1901 2255 1952 Hinc
2282 1903 2298 1930 ⁸
2320 1899 2681 1952 intercedere’

1610 1977 1745 2027 idem
1771 1987 1875 2041 est,
1898 1993 1959 2028 ac
1994 1978 2230 2039 obstare,
2253 1993 2365 2039 seu,
2387 1979 2523 2043 quod
2559 1977 2680 2027 bar·

1609 2054 1718 2104 bari
1743 2055 1893 2105 bodie
1909 2056 2112 2119 dicunt,
2134 2070 2400 2120 opponere
2426 2069 2483 2104 se
2508 2053 2680 2111 alicui,

1612 2145 1702 2180 seu
1728 2132 2006 2194 protestari
2025 2140 2211 2181 contra
2228 2131 2440 2196 aliquid.
2464 2133 2615 2181 Idem.

1680 2207 1757 2257 Ab
1777 2209 2052 2273 agentibus]
2077 2209 2138 2258 In
2164 2216 2344 2257 nostro
2369 2206 2550 2258 codice
2574 2208 2678 2257 Ms-

1615 2286 1876 2335 omittitur
1897 2286 2159 2349 particula
2171 2285 2246 2334 ab.
2280 2286 2396 2337 Qua
2411 2285 2475 2334 de
2495 2301 2549 2336 re
2568 2285 2684 2334 vide

1617 2362 1836 2411 Excurs.
1863 2374 1950 2410 ιιι.
1972 2362 2123 2410 Idem.

1683 2438 1842 2497 Bella,
1885 2438 2190 2502 regerentur]
2240 2438 2489 2489 Ger-antur
2516 2437 2686 2490 Livin.

1620 2516 1714 2565 sed
1737 2521 2019 2577 regerentur
2039 2515 2107 2563 V.
2132 2516 2191 2565 C.
2215 2515 2283 2566 G.
2308 2517 2371 2565 R.

1687 2593 1848 2656 Bella,
1870 2591 2171 2655 regerentur]
2197 2591 2370 2641 Probe
2385 2597 2683 2655 regerentur.

1623 2668 1771 2719 Idem
1798 2669 1977 2717 vitium
2003 2669 2220 2719 observo
2246 2678 2300 2719 et
2326 2671 2375 2719 iu
2396 2670 2567 2719 Statio
2591 2671 2690 2720 La·

1623 2747 1810 2811 crymis
1836 2748 2070 2797 Etrusci:
2108 2751 2123 2775 ‘
2143 2747 2278 2797 Vice
2296 2755 2482 2797 cuncta
2503 2762 2690 2810 regun-

1626 2833 1730 2888 tur,
1752 2827 2086 2892 Alternisque
2107 2826 2328 2892 regunt.'
2397 2828 2588 2891 Inepte
2613 2834 2697 2877 est

1628 2904 1679 2953 in
1715 2903 1890 2968 editis,
1923 2907 1939 2934 ‘
1965 2904 2259 2969 geruntur'
2295 2913 2351 2955 et
2385 2905 2400 2932 ‘
2423 2902 2702 2968 premunt.’

1631 2980 1840 3030 Clarum
1867 2996 1897 3030 e
1919 2981 2279 3045 sequentibus,
2301 2996 2419 3046 quae
2447 2980 2571 3045 quid
2607 2994 2696 3030 ve·

1632 3066 1711 3109 tat
1735 3059 1915 3109 eadem
1957 3073 2117 3123 opera
2151 3059 2318 3108 lucem
2353 3060 2596 3121 accipere
2631 3057 2697 3106 ab

1633 3136 2092 3199 interpunctione?
2125 3136 2396 3200 ‘Propriis
2431 3135 2527 3184 sub
2564 3136 2698 3198 regi·

1634 3212 1732 3262 bus
1758 3212 1921 3261 omnis
1943 3212 2126 3269 Terra,
2159 3212 2348 3275 premit
2371 3210 2497 3261 felix
2522 3223 2701 3275 regum

1634 3287 1930 3338 diademata
1955 3286 2152 3338 Roma!
2174 3286 2341 3336 Livia.

1700 3367 1915 3429 AEquata
1946 3364 2089 3428 Diis]
2150 3364 2355 3413 Poeta:
2405 3372 2421 3394 ‘
2443 3378 2560 3412 cum
2597 3363 2704 3412 lau·

1637 3441 1793 3491 datur
1816 3441 1914 3490 Dis
1937 3455 2087 3504 aequa
2109 3436 2380 3503 potestas!
2403 3439 2537 3502 Lips.

1704 3520 1916 3583 AEquatu
1936 3515 2077 3580 Diis]
2102 3517 2188 3567 Sic
2212 3516 2457 3566 audiebat
2484 3517 2705 3579 impera·

1643 3598 1773 3647 toria
1814 3596 2041 3659 dignitas
2086 3603 2143 3645 et
2189 3602 2444 3660 potestas.
2511 3593 2706 3645 Juveu.

1640 3675 1750 3724 Sat.
1776 3688 1832 3723 v,
1868 3680 1882 3701 ⁸
1910 3674 2056 3723 Nihil
2091 3679 2192 3729 est,
2213 3671 2351 3737 quod
2387 3672 2604 3723 credere
2640 3671 2706 3721 de

1643 3764 1698 3799 se
1721 3750 1843 3800 Non
1885 3749 2064 3813 possit,
2090 3765 2206 3799 cum
2248 3749 2486 3799 laudatur
2510 3749 2602 3798 Dis
2642 3763 2710 3797 ιιι·

1646 3840 1745 3891 qua
1765 3823 2032 3890 potestas!
2053 3826 2272 3875 Patercl-

1712 3903 1927 3953 Similem
1960 3902 2097 3967 huic]
2132 3903 2348 3951 ‘Talem
2391 3916 2448 3951 se
2489 3902 2711 3966 reipubl.

1648 3979 1894 4044 praebnit‚
1915 3981 2120 4043 qualem
2148 3980 2234 4028 vix
2253 3994 2393 4043 oegre
2416 3982 2714 4045 exprimere

1648 4056 1922 4105 valuerant
1949 4069 2264 4104 summorum
2290 4056 2602 4122 scriptorum
2622 4057 2713 4107 mi·

1648 4131 1812 4184 randa
1829 4129 2073 4196 ingenia:
2097 4131 2282 4181 Aurel-
2296 4131 2491 4183 Victor
2504 4133 2571 4184 de
2584 4134 2716 4183 Tra·

1641 4212 1789 4277 jauo.
1851 4209 2083 4261 Josnnes
2121 4208 2292 4258 Maria
2316 4209 2590 4259 Catsuaeus
2614 4218 2720 4260 tra-

1650 4288 1749 4350 dit,
1784 4286 2027 4350 ‘Trajaui
2066 4286 2290 4337 virtutes
2327 4293 2503 4337 tantas
2537 4285 2718 4351 fuisse,

1653 4373 1714 4418 ut
1736 4363 2022 4430 Gregorius
2046 4375 2136 4416 eas
2152 4362 2362 4430 scriptis
2379 4377 2719 4430 cognosceus,
