3060 4902
534 348 663 413 484

527 511 662 559 cium
686 508 905 571 alicujus
930 506 1212 556 varietatis.
1279 506 1426 556 Solus
1452 507 1589 555 Rhe-

527 599 689 633 nanus
725 584 858 631 hunc
895 584 1079 638 locum,
1104 591 1344 632 manente
1380 581 1590 644 quidem

529 661 709 709 eadem
735 659 1014 714 sententia,
1052 660 1125 707 ita
1154 659 1336 719 edidit,
1365 675 1420 705 ac
1453 659 1589 706 indis-

523 737 626 785 cias
668 737 871 798 quidem,
906 736 1003 783 nisi
1045 737 1195 797 oequis
1227 735 1593 797 conditionibus,

526 827 620 860 non
651 813 852 860 inibant.
921 812 1135 870 Verum,
1169 811 1303 858 baud
1344 810 1588 858 receden-

528 889 649 938 dum
690 897 769 938 est
805 905 835 937 a
878 889 1075 950 vulgari
1114 889 1358 937 lectione.
1423 891 1592 951 AEquoe

529 967 858 1015 conditiones
899 965 995 1013 boc
1042 966 1155 1013 loco
1201 980 1301 1013 non
1347 964 1593 1012 dicuntur

529 1043 712 1105 ‘justas
733 1042 764 1103 ;’
801 1041 890 1090 sed
929 1049 942 1070 ⁸
964 1041 1228 1105 aequales,'
1251 1044 1265 1067 ‘
1291 1041 1478 1104 pares,'
1503 1041 1591 1089 ubi

529 1120 768 1167 neutrius
806 1119 969 1182 partis
1013 1120 1385 1177 paciscentium
1420 1120 1595 1181 aliqua

530 1202 610 1243 est
637 1195 1014 1258 praerogativa3
1051 1201 1203 1257 prout
1228 1209 1275 1241 v.
1298 1211 1348 1257 g.
1380 1195 1593 1242 Tacitus

528 1271 718 1320 Annal.
757 1286 796 1322 ι.
827 1277 908 1320 63.
942 1271 1096 1335 dixit,
1129 1273 1145 1299 ‘
1168 1273 1401 1321 manibus
1434 1271 1593 1333 aequis

530 1347 825 1395 abscessum
845 1346 881 1406 ς’
905 1346 938 1393 i.
954 1362 1001 1396 e.
1027 1362 1173 1410 aequo
1195 1357 1247 1395 et
1267 1347 1379 1409 pari
1400 1347 1595 1405 Marte,

529 1425 746 1487 parique
773 1434 962 1474 eventu
988 1425 1175 1486 prelii,
1195 1432 1474 1485 pugnatum
1493 1424 1594 1471 dis·

529 1514 833 1564 cessumque
858 1508 956 1549 est.
1022 1501 1110 1549 Sic
1134 1508 1188 1548 et
1211 1501 1324 1549 Cic.
1349 1499 1415 1547 de
1441 1497 1597 1547 Offic.

528 1590 569 1625 1.
588 1579 668 1625 34.
703 1577 719 1602 ‘
738 1577 1007 1625 Privatum
1028 1583 1198 1624 autem
1219 1581 1433 1639 oportet
1449 1590 1595 1637 oequo

529 1659 585 1699 et
643 1652 754 1714 pari
812 1667 927 1699 cum
977 1651 1175 1699 civibus
1215 1652 1340 1714 jure
1387 1650 1600 1699 vivere.'

529 1725 683 1775 Quod
702 1726 740 1772 si
760 1726 918 1788 igitur
936 1725 1261 1774 retineantur
1277 1726 1434 1774 verba
1457 1726 1596 1772 evul-

529 1809 687 1863 gata;
722 1801 908 1864 idjam
928 1804 1052 1850 satis
1072 1803 1338 1865 indignum
1366 1804 1598 1851 Romano

536 1879 747 1926 nomine
788 1877 948 1927 fuisse
992 1880 1159 1927 innuit
1201 1880 1423 1939 Plinius»,
1460 1878 1595 1943 quod

535 1952 635 2001 sub
680 1953 1003 2014 Domitiano,
1059 1955 1278 2018 aliisque
1332 1953 1600 2003 desidibus

533 2028 962 2093 imperatoribus,
1008 2044 1089 2079 res
1145 2031 1491 2079 Romanorum
1537 2045 1599 2078 eo

533 2105 734 2154 fuerint
757 2106 1007 2168 redactae,
1031 2114 1089 2155 ut
1123 2108 1174 2155 lii
1201 2107 1474 2171 aliquando
1498 2121 1599 2154 non

535 2182 759 2243 amplius
786 2182 1050 2243 potuerint
1075 2197 1191 2230 cum
1224 2182 1456 2230 barbaris
1482 2182 1599 2230 hos-

537 2258 673 2308 tibus
700 2259 910 2320 pacisci,
939 2258 1275 2322 induciasque
1308 2258 1462 2316 inire,
1500 2258 1599 2307 nisi

532 2334 744 2398 paribus
784 2333 1205 2394 conditionibus3
1255 2340 1307 2382 et
1347 2340 1403 2381 ut
1449 2347 1598 2397 aeque

533 2413 678 2474 leges
714 2411 954 2474 accipere
979 2424 1191 2459 necesse
1214 2409 1513 2469 habuerint,
1537 2423 1598 2458 ac

531 2489 806 2548 dederint;
839 2501 956 2535 cum
987 2493 1140 2534 antea
1167 2488 1386 2548 populus
1416 2487 1599 2533 Rorna-

533 2577 647 2618 nus,
675 2572 916 2626 tanquam
943 2562 1179 2623 potentia
1203 2568 1256 2608 et
1283 2562 1599 2609 auctoritate

534 2638 773 2697 validior,
808 2636 1130 2686 conditiones
1160 2636 1332 2698 potius
1359 2651 1451 2698 pro
1474 2637 1600 2684 lubi·

535 2717 591 2762 tu
618 2712 956 2776 praescribere
989 2712 1236 2772 barbaris,
1269 2726 1416 2774 quam
1450 2712 1513 2759 ab
1539 2712 1599 2762 iis

534 2804 682 2853 pares
703 2789 966 2853 accipere,
982 2789 1355 2838 consuevisset.
1380 2789 1599 2838 Schwar-

536 2870 659 2919 zius.

601 2945 720 2994 Nisi
753 2945 925 3009 aquis]
977 2946 1206 2994 Erantne
1247 2945 1469 2994 induciae
1507 2944 1600 2993 ini-

532 3024 645 3087 quis
676 3022 1095 3072 conditionibus?
1131 3022 1284 3071 immo
1305 3021 1602 3084 imparibus.

532 3098 724 3147 Foedus
748 3099 883 3148 enim
910 3098 1104 3162 duplex
1141 3098 1498 3160 potissimum:
1535 3112 1601 3145 ω-

533 3189 708 3236 quum,
755 3174 850 3223 lioc
894 3182 996 3234 est,
1042 3173 1257 3236 aequale.
1304 3171 1392 3219 ubi
1438 3172 1600 3234 justis

531 3249 736 3309 legibus
761 3256 816 3297 et
838 3250 1002 3311 aequis
1027 3262 1225 3304 eorum,
1249 3248 1335 3311 qui
1371 3240 1602 3309 pacisce-

534 3325 745 3379 bantur,
764 3324 1169 3381 conditionibns,
1189 3338 1284 3387 per
1309 3337 1490 3385 pacem
1511 3328 1603 3372 sut

531 3401 787 3460 inducias,
829 3401 1085 3456 icebatur,
1131 3401 1283 3463 quale
1332 3406 1441 3447 tum
1484 3398 1605 3446 bar·

534 3477 649 3526 bari
686 3492 802 3526 cum
841 3477 1118 3526 Romanis:
1165 3484 1219 3524 et
1262 3476 1447 3537 impar,
1484 3487 1602 3524 cum

533 3554 731 3603 foedere
774 3570 835 3603 eo
876 3551 1418 3615 comprehenderetur,
1457 3558 1517 3600 ut
1559 3552 1602 3599 is

532 3630 756 3692 populus
815 3629 1029 3678 alterius
1078 3627 1256 3690 populi
1301 3627 1603 3676 libertatem

534 3707 757 3756 comiter
810 3711 1164 3755 conservaret.
1235 3703 1373 3752 Vide
1423 3703 1491 3751 sis
1539 3704 1605 3751 P.

536 3782 664 3831 Fab.
691 3795 732 3829 ι.
754 3785 806 3830 7.
842 3781 1093 3830 Semestr.
1122 3778 1224 3842 Ap.
1249 3780 1364 3828 Liv.
1402 3792 1607 3830 xxxlv.

535 3862 619 3907 56.
659 3858 761 3906 dno
800 3871 995 3916 genera
1033 3855 1283 3905 foederum
1319 3856 1605 3920 Menippus

538 3933 726 3983 refert.
774 3933 928 3982 Ber-u.

604 4008 868 4071 Legesque]
904 4007 1041 4060 Quid
1062 4008 1160 4058 lioc
1184 4007 1347 4071 aliud,
1365 4007 1462 4056 nisi
1479 4022 1605 4071 pop.

540 4086 690 4135 Rom.
725 4093 968 4148 tauquam
998 4085 1147 4135 bellis
1172 4086 1328 4148 victo,
1350 4085 1494 4148 leges
1527 4084 1604 4133 di-

538 4163 695 4212 cere?
735 4162 887 4212 Idem.

606 4239 739 4289 Car.
787 4252 893 4289 xu.
962 4238 1131 4288 Rediit
1173 4238 1385 4290 omnibus
1427 4238 1606 4302 terror]

542 4315 749 4378 Lipsius
771 4315 1073 4369 vocabulum
1094 4316 1303 4367 omnibus
1322 4317 1471 4368 nimis
1492 4317 1600 4367 late

1232 364 1451 412 NOTAE
1501 363 1911 412 vARtoRtJM
1966 365 2039 413 tri

1668 513 1722 555 et
1747 508 1984 557 absolute
2011 507 2231 572 dictum,
2259 512 2420 572 atque
2451 521 2608 557 voces
2643 514 2739 559 ter·

1662 598 1745 632 ror
1781 593 1826 633 et
1871 590 2024 634 metus
2063 585 2371 635 cumulatius
2411 586 2718 648 conjunctas

1663 662 1988 709 existimasse
2036 660 2273 720 videtui-3
2329 661 2565 725 adeoque
2613 653 2742 722 pro:

1665 751 1853 799 pensus
1900 736 2001 785 fuit
2039 737 2102 784 ad
2144 752 2232 785 eas
2271 738 2345 786 sic
2385 737 2738 808 remige-udas,

1664 813 1809 860 rediit
1844 813 2062 861 omnibns
2094 815 2260 875 terris,
2291 820 2337 862 et
2373 820 2542 867 metus.
2579 819 2625 862 et
2658 828 2738 862 co·

1666 891 1883 949 tum,85c.
1954 889 2206 951 Equidem
2242 892 2400 937 etiam
2443 901 2742 951 pronomen

1666 964 1746 1018 iis.
1766 964 1902 1027 quod
1926 973 2140 1027 propter
2159 965 2551 1013 similitudinem
2577 979 2739 1028 quan-

1668 1038 1783 1086 dam
1833 1043 2177 1102 posteriorum
2229 1040 2544 1102 syllabarum
2590 1040 2738 1090 verbi

1670 1116 2014 1176 praecedentis
2061 1115 2223 1172 rediit,
2268 1115 2528 1164 excidisse
2572 1114 2740 1163 videri

1670 1201 1848 1255 queat,
1866 1190 2017 1240 facile
2038 1193 2211 1252 inseri,
2235 1193 2591 1254 proemittique
2616 1206 2738 1254 pos-

1668 1270 1737 1316 sit
1761 1271 1872 1317 voci
1900 1269 2130 1323 omnibus,
2156 1275 2211 1316 ut
2238 1283 2300 1317 eo
2337 1268 2645 1316 luculentius
2668 1268 2741 1316 ci·

1673 1345 1874 1407 tiusque
1903 1352 2103 1407 pateat,
2133 1345 2263 1393 hanc
2296 1358 2473 1393 vocem
2509 1343 2740 1393 referen-

1671 1421 1788 1471 dam
1821 1438 1935 1471 esse
1970 1424 2033 1471 ad
2073 1423 2244 1479 hostes,
2275 1423 2363 1486 qni
2401 1424 2453 1470 in
2487 1423 2739 1486 proximis

1673 1498 1846 1546 verbis
1870 1499 2185 1547 dicebantur
2206 1500 2455 1547 sustulisse
2475 1499 2677 1553 animos,
2693 1504 2743 1547 et

1671 1572 2135 1633 excussissejugum.
2173 1574 2384 1633 Verum,
2400 1588 2501 1622 non
2527 1586 2739 1622 necesse

1675 1656 1775 1709 est,
1809 1658 1867 1696 ut
1904 1650 1999 1696 lioc
2035 1651 2454 1711 supplementum
2479 1652 2738 1712 exprima-

1674 1729 1787 1783 tur;
1824 1738 1939 1772 cum
1969 1725 2155 1779 l’linio,
2187 1724 2456 1773 brevitatis
2493 1725 2742 1788 studioso,

1674 1800 1797 1847 nihil
1822 1799 2100 1861 proclivius
2121 1799 2299 1862 fuerit,
2316 1815 2466 1864 quam
2487 1802 2741 1863 ejusmodi

1675 1877 2083 1936 praeterniittere
2110 1890 2410 1937 pronomen,
2433 1877 2570 1939 quod
2605 1879 2742 1941 quis·

1674 1966 1771 2014 que
1795 1966 1859 1999 ex
1885 1959 2132 2000 contextu
2166 1953 2413 2000 orationis
2449 1968 2541 1999 suo
2567 1954 2741 2004 Marte

1675 2028 1973 2088 intelligere
1999 2035 2054 2075 et
2081 2028 2324 2089 supplere
2359 2029 2541 2090 possit.
2595 2029 2740 2078 Prae·

1677 2111 1842 2162 terea,
1869 2118 1965 2151 nec
2000 2104 2285 2166 putandum
2324 2114 2425 2160 est,
2459 2119 2610 2154 voces
2644 2113 2743 2156 ter-

1673 2196 1755 2228 ror
1776 2186 1822 2228 et
1846 2187 1997 2229 metus
2026 2180 2283 2231 inutiliter
2309 2182 2585 2244 conjungi:
2621 2198 2740 2233 curn

1675 2260 1829 2303 terror
1876 2256 2197 2317 potissimum
2252 2257 2386 2305 mala
2439 2260 2741 2321 praesentia,

1673 2338 1824 2380 metus
1848 2330 2023 2380 futura
2048 2331 2326 2394 respiciat;
2362 2341 2415 2382 et
2446 2348 2562 2383 cum
2601 2336 2740 2386 idem

1675 2407 1876 2455 Plinius
1912 2406 2113 2456 easdem
2147 2420 2317 2468 voces,
2341 2408 2475 2458 infra
2513 2416 2740 2462 mxu-4.

1675 2482 2034 2544 conjunxerit:
2081 2490 2094 2511 ⁶
2120 2491 2304 2540 terror,
2351 2493 2407 2534 et
2450 2495 2637 2549 metus,
2681 2496 2740 2539 et

1674 2559 1864 2607 misera
1887 2560 1974 2607 illa
1995 2574 2063 2608 ex
2087 2562 2331 2623 periculis
2354 2560 2495 2611 facta
2514 2563 2740 2626 pruden-

1678 2635 1748 2683 tia
1772 2634 2052 2685 mouebat.'
2101 2636 2346 2685 Schworz.

1750 2711 1926 2761 Vident
1960 2714 2086 2762 enim
2111 2714 2376 2763 Romanum
2403 2715 2590 2778 ducem]
2626 2715 2742 2766 Ista.

1676 2794 1729 2835 et
1774 2789 2029 2837 Martialis
2077 2790 2313 2840 versibus
2359 2792 2646 2855 amplexus,
2685 2793 2741 2842 in

1674 2864 1883 2927 Trajani
1911 2865 2178 2927 popularis
2209 2866 2288 2914 sui
2312 2867 2544 2915 laudem:
2579 2867 2593 2893 ⁸
2612 2867 2741 2916 Ter-

1677 2953 1847 2988 rarum
1877 2943 1988 2990 Dea
2023 2943 2357 3007 gentiumque
2381 2944 2564 3004 Roma,
2591 2943 2741 2994 Dixit

1678 3016 1910 3065 Praeside
1965 3019 2190 3080 gloriosa
2242 3021 2361 3069 tali:
2429 3022 2739 3072 Parthorum

1677 3104 1937 3154 proceres,
1968 3094 2230 3158 ducesque
2263 3096 2467 3155 Serum,
2490 3096 2742 3160 Thraces,

1675 3168 2015 3225 Sauromatoe,
2046 3170 2216 3231 Getae,
2239 3168 2496 3233 Britanni,
2518 3173 2740 3225 Possum

1678 3244 1953 3294 ostendere
1980 3246 2257 3308 Caesarem,
2280 3248 2489 3296 venite!
2531 3249 2672 3311 Lips.

1740 3322 2107 3384 Imperatorum
2139 3325 2330 3387 nomen}
2365 3325 2486 3373 Non
2510 3324 2626 3380 nisi,
2649 3324 2741 3389 qui

1676 3397 1819 3447 mille
1853 3407 1945 3449 aut
1980 3400 2143 3448 millia
2172 3401 2469 3451 occidisset.
2538 3401 2649 3451 Cic.
2672 3401 2741 3451 ad

1679 3474 1808 3523 Coel.
1827 3482 1880 3525 et
1906 3477 1956 3525 in
1982 3477 2213 3542 Philipp.
2255 3479 2405 3527 Beris.

1743 3552 2109 3615 Imperator-ium
2138 3554 2325 3617 nomen]
2361 3555 2619 3604 Romanos
2647 3554 2744 3606 du·

1678 3640 1764 3676 ces
1798 3636 1914 3692 post
1940 3631 2210 3680 victoriam
2248 3632 2538 3695 quampiam
2565 3632 2742 3696 Impe-

1679 3715 1879 3757 ratores
1915 3709 2230 3772 appellatos,
2261 3715 2318 3757 et
2355 3709 2512 3758 toties
2548 3723 2740 3760 nomen

1677 3780 1774 3831 hoc
1809 3783 2129 3847 assumsisse,
2163 3789 2290 3848 quot
2326 3783 2570 3832 victorias
2600 3792 2744 3833 retu-

1678 3858 1882 3921 lissent,
1922 3859 2262 3910 notissimum.
2325 3858 2554 3910 Pulcher
2591 3860 2743 3911 locus

1679 3949 1765 3998 ap.
1789 3936 1900 3985 Cic.
1923 3936 2068 3988 Fam.
2090 3937 2191 4001 Ep.
2215 3949 2277 3986 u.
2302 3938 2381 3985 10.
2416 3937 2431 3966 ⁸
2450 3937 2578 3986 Cum
2612 3937 2743 3987 meis

1678 4011 1843 4075 copiis
1886 4012 2118 4062 omnibns
2163 4013 2347 4063 vexavi
2388 4012 2745 4071 Amanienscs.

1677 4087 1854 4138 hostes
1905 4088 2286 4152 sempiternos:
2354 4089 2505 4139 multi
2556 4091 2742 4151 occisi,

1678 4164 1853 4227 capti3
1888 4164 2073 4229 reliqui
2093 4163 2362 4228 dissipati3
2392 4164 2605 4215 castella
2628 4179 2741 4215 mu-

1677 4239 1787 4288 nita
1809 4240 2089 4306 improviso
2111 4238 2340 4290 adventu
2369 4248 2526 4302 captu
2545 4248 2601 4290 et
2623 4254 2742 4292 snc-

1683 4328 1856 4366 censa.
1922 4315 2006 4368 Ita
2037 4315 2252 4367 victoria
2275 4314 2422 4379 justa
2443 4313 2744 4379 Imperator
