3060 4902
757 370 819 416 C.
868 367 1115 416 Pmml
1166 368 1493 418 SECUNDI
1551 370 1826 420 PANEG.

313 514 505 563 meis.
540 514 813 563 Schwarz.

373 593 665 656 Extmneis]
708 593 838 642 Nam
863 591 1130 653 Angustus
1157 592 1268 655 ipse
1288 593 1385 643 eti·

311 683 386 716 am
420 676 722 729 exceperat
756 667 868 718 τοὺς
900 667 1023 717 πάνυ
1058 672 1321 732 συγγενεῖς,
1353 669 1384 728 ἦ

309 744 382 793 nol
404 743 634 806 πένητας,
668 747 810 810 plone
840 746 1110 807 conjunctos
1138 750 1385 811 sanguine,

307 829 385 869 init
404 836 659 884 pauperes.
696 822 841 884 Lips.

369 897 679 960 [mgentem]
721 898 768 946 Ι.
793 914 841 947 ε.
869 899 1196 961 imperatum,
1220 900 1382 963 impo-

305 973 473 1024 sitnm.
540 975 770 1024 Thomas
804 975 964 1035 Ceva,
989 975 1037 1023 io
1067 977 1254 1024 notulis
1278 976 1381 1025 suis

307 1064 406 1100 non
431 1050 566 1100 bene
597 1054 975 1113 interpretatus
998 1058 1076 1099 est
1103 1066 1196 1115 per
1222 1052 1236 1076 ‘
1260 1067 1379 1101 con-

304 1123 605 1175 firmatam-3
665 1128 994 1189 Frequenter
1017 1129 1142 1175 alias
1167 1128 1380 1188 dicitur,

304 1206 452 1255 alicui
476 1207 750 1269 ‘irrogare
773 1220 993 1269 poenam,
1013 1207 1274 1261 mulctam,
1290 1221 1380 1255 ex·

301 1281 825 1346 silium,supplicinm
846 1282 877 1340 ς’
898 1282 987 1330 sed
1008 1280 1142 1329 idem
1168 1282 1376 1330 verbum

304 1358 457 1407 etiam
495 1357 564 1407 de
595 1359 815 1408 tributis
840 1367 892 1406 et
917 1359 1263 1420 vectigalibus
1288 1360 1379 1406 im·

305 1436 480 1496 positis
516 1443 673 1485 reete
709 1436 920 1484 dicitur.
991 1435 1121 1486 Quae
1160 1435 1378 1482 formula

303 1510 544 1574 loquendi
578 1511 738 1561 fluxit
761 1527 827 1560 ex
854 1512 1105 1560 institutis
1132 1512 1377 1573 reipubli-

303 1601 376 1636 σε
408 1587 587 1637 liberte
634 1588 1011 1648 Romanorum;
1050 1589 1167 1652 quia
1192 1588 1261 1636 ibi
1288 1602 1375 1636 ne·

304 1679 400 1728 que
424 1679 579 1728 poena
606 1666 838 1728 gravior,
857 1680 1025 1728 oeque
1046 1666 1294 1713 tributum
1320 1669 1376 1712 et

305 1741 539 1804 vectigal,
566 1741 817 1804 imperari
853 1743 1041 1804 potuit,
1064 1741 1159 1789 uisi
1195 1740 1373 1802 magis·

303 1823 464 1865 tratus
498 1824 665 1867 antea
699 1819 1056 1880 rogaret,sive
1089 1818 1372 1879 interroga·

304 1901 382 1942 ret
416 1894 691 1957 populum,
721 1894 964 1952 velletne,
992 1894 1289 1955 juberetne,
1316 1897 1375 1942 ut

300 1967 408 2031 hoc,
434 1971 511 2017 rel
543 1969 699 2027 illud,
721 1966 891 2017 fieret.
950 1970 1098 2018 Unde
1123 1977 1175 2017 et
1200 1969 1372 2030 plures

303 2047 410 2093 alin
454 2056 595 2095 natae
646 2053 766 2094 sunt
813 2046 1056 2110 loquendi
1104 2044 1373 2106 forinulae3

303 2133 351 2178 v,-
395 2137 442 2184 g.
486 2124 702 2185 ‘legem
758 2120 978 2185 rogare‚'
1027 2123 1041 2149 ‘
1070 2122 1322 2184 abrogare
1340 2120 1372 2183 ;’

301 2197 439 2262 ‘legi
480 2198 784 2260 obrogare‚'
823 2200 838 2225 ⁴
863 2198 1154 2261 derogare‚'
1192 2207 1204 2227 ‘
1232 2214 1370 2248 arro-

302 2288 418 2337 gare
456 2274 678 2336 filium5'
719 2277 734 2303 ⁴
764 2291 1045 2338 prorogare
1085 2277 1239 2327 alicui
1280 2277 1370 2327 im·

303 2351 533 2414 perium,'
564 2356 663 2401 occ.
704 2352 947 2401 Schts-urz.

362 2428 456 2478 Seu
491 2429 661 2493 potitis
696 2444 790 2479 non
825 2428 996 2493 laturi]
1041 2430 1171 2480 Haec
1211 2432 1369 2480 verba

300 2515 413 2555 sunt
454 2508 648 2556 omissa
695 2507 747 2555 in
794 2507 978 2557 codice
1026 2509 1128 2557 Ms.
1178 2508 1369 2557 Parisi-

300 2585 425 2639 ensi,
449 2592 504 2633 et
545 2599 693 2643 meo;
727 2598 790 2633 ae
822 2584 1179 2648 nescio‚qnam
1213 2583 1366 2633 facile

300 2660 357 2708 iis
375 2675 560 2710 carere
588 2675 740 2721 posse
767 2656 1004 2709 videatur
1024 2664 1210 2710 oratio.
1266 2664 1366 2711 Re·

300 2736 510 2786 tinentia
542 2744 715 2785 tamen
741 2744 859 2784 sunt
897 2744 1111 2799 propter
1144 2739 1367 2788 auctori·

300 2821 455 2863 tatem
494 2822 795 2862 ceterorum
835 2812 1082 2862 librorum
1119 2814 1364 2878 omnium,

299 2903 406 2939 curn
433 2890 659 2954 figuram
682 2887 931 2950 efficiant,
954 2904 1103 2954 quam
1131 2890 1363 2939 rhetores

299 2974 481 3016 vocant
522 2963 856 3027 ἐπανόρθωσιν.
934 2966 997 3014 Iu
1035 2966 1363 3027 expositione

297 3054 467 3094 autem
505 3045 582 3093 ita
617 3043 891 3105 explenda,
929 3058 1012 3092 seu
1040 3044 1198 3105 potius
1228 3058 1363 3106 quam

296 3136 385 3169 non
407 3120 579 3171 latur-i.
648 3120 740 3168 Vis
764 3119 899 3169 enim
921 3119 1186 3181 particulae
1209 3135 1364 3183 quum,

286 3198 391 3258 jam
418 3199 550 3246 latet
578 3200 629 3246 in
656 3195 1001 3246 antecedente
1026 3210 1150 3244 voce
1172 3203 1363 3259 quanto.

297 3273 380 3324 Cf.
401 3274 740 3330 Arntzenius,
763 3282 818 3323 et
845 3273 1129 3324 Gesnerus.
1166 3274 1312 3322 Idem.

358 3350 622 3411 Destringi
640 3351 821 3414 aliquid
839 3357 884 3399 et
901 3350 1092 3413 abradi]
1125 3349 1362 3412 Eleganti

296 3427 633 3476 translatione
658 3428 706 3476 in
733 3435 947 3489 utroque
968 3425 1064 3476 hoe
1085 3426 1243 3474 verbo
1263 3426 1363 3475 uti-

295 3511 378 3554 tur
401 3505 621 3564 Plinius,
643 3512 698 3553 ut
722 3503 997 3566 significet,
1016 3518 1167 3566 quiam
1188 3502 1362 3552 invitis

295 3582 553 3645 agrisque
576 3580 757 3629 animis
781 3579 1043 3627 hominum
1070 3593 1161 3642 per
1182 3578 1361 3628 vicesi-

295 3672 427 3707 mam
465 3656 664 3722 aliquid
698 3656 991 3706 detractum
1026 3653 1181 3704 fuerit
1215 3656 1358 3704 here·

294 3733 547 3784 ditatibns
592 3739 649 3781 et
700 3734 901 3796 legatis.
945 3738 958 3760 ⁶
989 3732 1359 3796 Destringere,’

294 3819 370 3858 est
395 3810 541 3872 quasi
567 3822 867 3871 compressa
884 3822 1035 3857 mauu
1058 3809 1360 3869 detraliere;

294 3889 560 3948 propriam
591 3884 770 3934 sedem
803 3883 958 3933 habet
990 3885 1042 3932 in
1074 3882 1360 3942 frondibus,

293 3962 491 4019 avenis,
536 3970 591 4012 et
636 3960 904 4017 similibus,
944 3976 1059 4024 quae
1104 3962 1357 4025 destringi

292 4037 552 4088 dicontur.
622 4037 709 4086 Ab
743 4038 841 4085 hoc
875 4036 1210 4099 distinguitur
1245 4053 1358 4087 ver·

294 4116 411 4167 bum
454 4116 853 4181 ‘distringe-re:
911 4116 1045 4180 quod
1097 4124 1263 4178 notat,
1307 4118 1356 4166 in

296 4202 465 4255 partes
488 4196 725 4246 diversas
745 4192 1051 4243 distrahere.
1118 4193 1249 4242 Haec
1271 4207 1356 4242 ve.

296 4285 351 4321 ro
391 4274 490 4324 duo
534 4274 697 4325 verba
741 4270 1025 4336 sepissime
1063 4284 1094 4321 a
1132 4269 1356 4320 librariis

1907 358 2092 422 1.37.
2397 359 2531 426 655

1462 517 1730 579 confundi,
1764 519 1920 569 docet
1955 521 2147 583 Cuper.
2186 520 2315 570 Obs.
2355 537 2436 573 iv.
2476 530 2525 572 6.

1462 608 1513 656 p.
1536 599 1616 645 6⁷.
1642 610 1785 660 seqq.
1824 603 1836 624 ⁸
1854 596 2149 646 Abradere'
2170 598 2407 647 similiter
2432 616 2525 663 pro

1459 668 1686 732 auferre,
1709 673 1990 736 surripere,
2008 673 2217 734 dicitnr,
2240 682 2292 724 et
2317 676 2525 739 quidem

1460 749 1668 811 proprie
1694 763 1786 811 per
1809 748 2091 812 dolabrum,
2113 752 2300 812 limam,
2322 760 2410 800 aut
2438 767 2527 801 no·

1458 824 1716 885 vaculam,
1737 834 1794 874 ut
1832 826 2112 875 Columella
2144 829 2206 875 de
2234 829 2523 892 arboribus,

1457 915 1504 950 c.
1533 905 1611 948 10.
1634 901 1794 950 dixit:
1832 905 1846 927 ⁴
1875 901 2034 950 Arida
2070 910 2124 952 et
2160 914 2352 963 vetera,
2389 904 2519 956 falce

1457 989 1575 1039 quae
1602 980 1856 1039 amputari
1884 992 1985 1026 non
2014 989 2246 1040 possunt,
2265 990 2417 1030 acuta
2434 984 2522 1031 do·

1457 1052 1602 1099 labra
1626 1051 1907 1101 abramio?
1964 1053 2095 1103 Inde
2121 1055 2433 1104 transfertur
2455 1059 2519 1106 ad

1456 1127 1608 1190 bona,
1645 1135 1699 1178 et
1733 1131 1849 1178 alia.
1916 1132 2132 1180 Terent.
2158 1134 2366 1182 Phorm.
2389 1148 2448 1183 ιι.
2470 1141 2519 1185 2.

1457 1210 1536 1254 19.
1594 1215 1609 1237 ‘
1643 1206 1795 1255 Unde
1843 1207 2035 1270 aliquid
2083 1208 2261 1256 abradi
2310 1209 2521 1272 potest!

1457 1283 1567 1330 Nos
1592 1283 1834 1331 Germani
1860 1285 1969 1333 baec
1994 1292 2114 1347 apte
2142 1285 2403 1335 reddimus
2428 1302 2520 1351 per

1454 1357 1754 1408 abzwacken.
1792 1359 1955 1410 Idem.

1522 1437 1644 1490 Quae
1680 1440 1927 1496 sanguine,
1964 1439 2265 1503 gentilitate]
2314 1440 2516 1490 Plinius

1452 1511 1527 1560 bis
1564 1513 1733 1561 verbis
1773 1514 1964 1564 indicat
1997 1525 2099 1563 tres
2123 1531 2327 1565 caussas
2352 1526 2402 1566 et
2430 1533 2516 1567 oc-

1450 1588 1704 1649 casiones,
1727 1588 1794 1637 ob
1828 1604 1954 1653 quius
1991 1590 2054 1639 ad
2086 1592 2307 1655 aliquem
2336 1608 2515 1655 perve-

1451 1665 1622 1713 nerint
1648 1664 1963 1714 hereditates
1983 1667 2137 1715 etiam
2163 1669 2226 1715 ab
2251 1668 2516 1721 intestato.

1453 1741 1627 1790 Prima
1652 1750 1730 1789 est
1755 1744 1819 1790 ob
1845 1744 1858 1769 ‘
1884 1743 2222 1806 sauguinem,'
2251 1745 2299 1793 id
2328 1753 2426 1808 est,
2449 1747 2515 1796 ob

1449 1818 1813 1879 cognationem
1849 1821 2360 1882 consanguineorum,
2391 1837 2514 1885 qua-

1449 1894 1520 1941 les
1556 1909 1669 1943 curn
1697 1895 1873 1957 primis
1898 1906 2043 1944 erant
2072 1897 2285 1946 heredes
2312 1901 2514 1948 domes·

1449 1971 1557 2024 tici,
1580 1986 1626 2020 v.
1649 1987 1697 2031 g.
1722 1971 1813 2020 filii
1837 1982 1890 2021 et
1917 1973 2051 2028 filiae,
2076 1983 2291 2036 nepotes
2313 1984 2363 2023 et
2387 1991 2511 2038 nep·

1448 2053 1546 2108 tes,
1571 2063 1632 2094 ex
1670 2047 1772 2096 filio
1808 2049 1933 2105 nati,
1956 2051 2040 2112 qni
2067 2058 2242 2097 essent
2267 2051 2315 2098 in
2341 2061 2511 2111 potes·

1449 2130 1556 2171 tate
1581 2125 1924 2173 morientium.
1993 2125 2172 2174 Altera
2196 2141 2378 2173 caussa
2397 2133 2512 2175 erat

1447 2201 1460 2226 ‘
1486 2200 1786 2260 gentilitiam
1823 2201 1853 2247 i.
1891 2215 1935 2247 e.
1977 2201 2186 2261 agnatio
2227 2216 2288 2245 ex
2327 2203 2509 2250 eadem

1447 2287 1602 2339 gente
1629 2285 1678 2324 et
1705 2276 1914 2323 familia.
1967 2275 2258 2323 Secundum
2285 2276 2509 2338 Festum,

1446 2353 1627 2415 ‘gens'
1650 2352 1963 2413 appellatur,
1984 2353 2128 2415 ‘quae
2156 2366 2217 2397 ex
2245 2353 2419 2401 multis
2439 2351 2512 2400 sa-

1446 2429 1600 2478 ntiliis
1619 2425 1923 2477 conficitur.'
1968 2426 2349 2487 Scilicet,sicut
2371 2429 2508 2493 apud

1447 2507 1703 2555 Romanos
1729 2513 1873 2552 erant
1902 2513 2082 2567 gentes
2101 2505 2329 2566 ejusdem
2357 2521 2509 2567 gene-

1446 2583 1534 2640 ris,
1556 2598 1602 2628 v.
1618 2598 1661 2644 g.
1686 2597 1808 2644 gens
1831 2582 2024 2636 Cincin,
2047 2582 2307 2643 Cornelia,
2323 2582 2508 2641 Tullia,

1443 2660 1574 2717 &c.;
1610 2659 1682 2705 ita
1720 2666 1899 2718 gentes
1937 2659 2014 2706 ha:
2045 2671 2215 2705 rursus
2251 2659 2299 2705 iu
2342 2660 2504 2708 varias

1441 2738 1631 2799 stirpes
1669 2750 1720 2787 et
1758 2738 1975 2786 familias
2016 2737 2255 2799 abibant;
2292 2746 2446 2801 prout
2476 2754 2504 2788 e

1443 2814 1681 2863 Cornelia
1738 2823 1890 2876 gente
1948 2817 2237 2864 extiterunt
2296 2814 2503 2878 familias

1440 2891 1762 2953 Scipionum,
1817 2894 2093 2951 Sullanum,
2153 2892 2504 2947 Lentulorum.

1442 2969 1743 3025 Cinnaruin,
1770 2968 2168 3015 Dolabellnrum.
2238 2969 2339 3018 Qui
2375 2968 2505 3016 adeo

1442 3061 1504 3093 ex
1551 3047 1729 3093 eadem
1770 3048 1931 3107 stirpe
1971 3045 2262 3106 familiaque
2298 3045 2505 3107 prodie-

1441 3131 1578 3182 rant,
1616 3122 1935 3169 vocabantur
1975 3119 2244 3181 ‘agnati;’
2298 3122 2386 3183 qui
2437 3136 2502 3169 ex

1441 3200 1621 3247 cadent
1661 3209 1834 3259 gente,
1871 3201 1884 3223 ⁶
1913 3195 2163 3257 gentiles!
2233 3197 2388 3257 Ergo,
2414 3196 2504 3246 de·

1440 3275 1735 3323 ficientlbus
1771 3274 2042 3322 heredibus
2080 3273 2199 3327 suis,
2225 3281 2276 3321 et
2302 3273 2502 3323 domes-

1442 3350 1576 3412 ucis,
1596 3350 1908 3397 vocabantur
1930 3349 1990 3395 atl
2020 3349 2358 3398 hereditatem
2380 3351 2394 3376 ⁸
2413 3366 2501 3412 ag·

1437 3428 1547 3474 nati
1587 3424 1853 3490 proxiini;'
1888 3434 1958 3477 et,
1984 3423 2343 3474 deficientibus
2377 3427 2391 3453 ‘
2413 3441 2502 3489 ag·

1436 3505 1573 3551 natis
1620 3500 1914 3564 pi·oxi1nis,'
1955 3502 2305 3551 succedebant
2342 3510 2495 3567 ‘gen-

1438 3578 1625 3628 tiles:’
1675 3586 1730 3626 ut
1765 3580 1837 3628 sie
1873 3593 1900 3624 a
1935 3577 2086 3625 domo
2125 3578 2187 3626 ad
2234 3580 2501 3643 familiam,

1436 3671 1464 3703 a
1505 3654 1698 3704 familia
1737 3655 1799 3702 ad
1842 3663 2067 3717 gentem,
2111 3656 2497 3715 procederetur.

1438 3731 1664 3780 Videtur
1712 3745 1832 3778 vero
1877 3730 2074 3777 Plinius
2116 3732 2130 3756 ‘
2158 3732 2498 3793 gentilitatis'

1436 3811 1641 3859 nomine
1666 3818 1678 3837 ‘
1698 3815 1910 3871 agnatos
1930 3806 1944 3828 '
1968 3814 2019 3856 et
2050 3808 2064 3833 ‘
2087 3810 2306 3871 gentiles
2327 3807 2337 3826 ’
2361 3824 2496 3857 corn·

1435 3888 1614 3951 plecti.
1680 3886 1856 3935 Tertia
1894 3898 2091 3943 caussa,
2128 3884 2237 3932 sive
2273 3886 2495 3942 occasin,

1434 3964 1501 4012 ob
1525 3979 1678 4026 quam
1703 3961 1963 4012 hereditas
1983 3960 2045 4008 ad
2073 3960 2296 4024 aliquem
2329 3969 2496 4011 trans·

1432 4040 1550 4101 iret,
1573 4048 1686 4088 erat
1707 4042 1721 4066 ‘
1740 4037 2000 4097 societas,’
2035 4037 2144 4085 sive
2179 4040 2496 4089 ‘communio

1430 4115 1726 4176 sacrorum,'
1750 4130 1851 4180 qua
1887 4114 2009 4161 nihil
2044 4114 2316 4162 certiorem
2348 4128 2494 4178 spem

1432 4193 1775 4241 successionis
1831 4188 2102 4243 afferebat,
2151 4188 2224 4236 ita
2281 4196 2356 4249 ut,
2404 4192 2494 4254 qui

1431 4269 1446 4297 ‘
1462 4283 1722 4319 sacrorum
1742 4267 1753 4286 '
1776 4266 2060 4332 participes
2083 4264 2400 4330 heredesque
2419 4282 2495 4317 es.
