3060 4902
804 413 876 460 c.
915 409 1182 491 rmmt
1229 413 1560 465 suevum
1613 419 1885 471 nune.
1963 424 2016 473 1.
2060 409 2170 474 30.

355 558 686 603 crementum
703 551 723 578 '
742 551 955 606 Plinius
978 570 1093 607 esse
1110 558 1310 621 scribit,
1327 558 1344 588 ‘
1359 573 1448 611 cu·

361 627 597 679 bitomm
624 634 711 679 16.
757 632 1000 684 Minores
1019 649 1199 700 squas,
1221 651 1321 687 non
1341 650 1449 687 om·

367 705 454 753 nia
488 705 703 769 rigare3
741 709 1041 771 ampliores,
1079 711 1301 763 detineri
1342 720 1448 763 tar-

369 779 484 830 dius
508 781 855 834 recedendo)
891 785 1153 836 Diodorus
1177 794 1340 853 atque
1360 789 1447 840 alii

368 857 603 910 videndi.
641 860 784 922 Lips.

439 933 650 989 Quidem
690 940 804 984 tnnc
846 935 1048 1000 quoque]
1098 938 1293 1003 Quoque
1334 946 1448 991 tunc

366 1009 561 1072 quiden
587 1011 756 1060 Livin.
791 1012 883 1061 scd
908 1013 1097 1077 quidem
1128 1021 1239 1066 tunc
1270 1032 1446 1083 quoque

368 1084 436 1134 V.
461 1084 532 1136 G.
569 1086 736 1136 Licin.

434 1160 1135 1229 Illeflaminibus,fluminibxs
1148 1175 1321 1235 tamen,
1335 1187 1443 1221 con·

355 1237 616 1302 [erudas]
671 1239 766 1289 1112
794 1240 1097 1306 fluminibus,
1138 1241 1446 1305 conserendus

369 1314 546 1366 Livia.
598 1317 692 1367 sed
728 1318 813 1368 ille
832 1320 1136 1383 fluminibus,
1161 1323 1444 1386 fluminibus

365 1394 550 1455 lunen,
571 1393 880 1454 conserendus
902 1396 967 1443 V.
989 1396 1050 1445 C.
1088 1399 1240 1447 Idem.

433 1468 1124 1534 Iuefiminibuqflminibn
1144 1480 1321 1538 lernen,
1335 1491 1442 1525 con·

353 1544 484 1610 ser-J
505 1547 871 1601 Necessarium
892 1566 1101 1615 prorsus
1119 1553 1440 1605 additamen-

367 1628 499 1680 tum,
522 1625 662 1690 quod
693 1626 762 1676 de
785 1627 1003 1679 duorum
1026 1631 1333 1694 optimorum
1357 1647 1443 1682 co-

363 1696 545 1749 dicum
585 1700 691 1750 fide
726 1703 1008 1769 adjectum.
1073 1708 1211 1756 Nam
1235 1708 1441 1758 excludi

365 1777 481 1826 vult
531 1777 884 1832 inundationis
930 1782 1261 1845 beneficium,
1304 1787 1440 1850 quod

361 1851 493 1902 alias
519 1856 785 1917 peculiare
807 1865 861 1908 et
885 1861 1147 1923 proprium
1176 1861 1304 1911 Nili.
1351 1862 1439 1911 Iu·

362 1925 469 1995 fra,
501 1930 520 1958 ⁸
548 1930 794 1983 Posthaec
826 1933 896 1998 (si
928 1935 1098 2000 volet)
1123 1937 1277 1987 Nilus
1302 1950 1440 1993 amet

361 2005 572 2055 alveum
597 2022 763 2066 suum,
781 2018 836 2059 et
858 2008 1081 2062 fluminis
1104 2015 1310 2064 modum
1334 2031 1440 2064 ser-

362 2083 489 2133 vet.'
557 2084 686 2135 Mox
712 2102 807 2151 pro
831 2102 896 2138 eo
926 2089 1067 2153 quod
1089 2090 1300 2153 legitur,
1318 2107 1438 2141 mer-

353 2158 415 2219 gi
431 2160 625 2221 palosii
644 2177 802 2225 ame,
824 2164 1081 2228 quomodo
1100 2175 1182 2216 est
1215 2168 1266 2215 in
1287 2168 1348 2218 C.
1371 2168 1440 2218 G.

353 2234 425 2284 R.
447 2236 499 2284 in
518 2236 589 2284 V.
615 2240 821 2301 reperio
843 2255 1054 2302 mergere
1070 2244 1270 2306 parique
1286 2260 1439 2302 amne,

356 2310 620 2375 impedita
655 2325 711 2364 et
747 2313 945 2366 difficili
986 2319 1266 2383 scriptura.
1334 2321 1438 2371 Sed

363 2389 682 2454 compendia
704 2400 917 2443 secutus
939 2395 1222 2460 literarum,
1244 2405 1297 2448 et
1321 2413 1437 2464 quae

356 2469 672 2519 coaluerant
711 2470 949 2529 divulsis,
996 2475 1240 2525 eruebam
1286 2478 1441 2540 mergi

356 2545 699 2609 reperet-iqua
736 2557 923 2610 aperta
945 2552 1232 2612 sententia,
1267 2553 1319 2601 iu
1349 2568 1437 2602 an·

357 2619 519 2684 tiquis
544 2624 685 2671 enim
712 2623 856 2674 libris
874 2625 1073 2691 parique
1098 2628 1235 2677 valet
1252 2631 1437 2693 parari·

357 2711 467 2760 que.
500 2695 676 2747 Idem.

421 2771 731 2824 Fen-inim
752 2775 932 2840 tumea]
979 2778 1194 2842 Triplex
1231 2781 1433 2842 potissi-

354 2859 497 2898 mum
524 2851 760 2900 varietas
794 2853 847 2903 in
870 2855 1136 2919 scriptura
1159 2856 1308 2920 liujus
1333 2857 1434 2907 loci

355 2927 594 2976 occurrit
613 2943 629 2975 ε
666 2929 792 2979 sileo
817 2944 954 2980 nunc
989 2939 1176 2995 aperta
1196 2934 1432 2997 quaedam

355 3002 587 3066 nend23
639 3019 689 3054 v.
728 3020 781 3070 g.
822 3006 909 3056 ubi
952 3021 1046 3070 pro
1085 3009 1183 3069 ille,
1222 3011 1435 3072 ponitur

353 3078 477 3128 Nile
492 3097 514 3138 ,-
571 3094 670 3144 pro
711 3088 839 3143 tanc,
875 3088 928 3131 tu
965 3098 1040 3133 ιε.
1109 3084 1291 3134 Prima
1332 3094 1433 3147 est,

352 3152 480 3204 dum
512 3155 569 3204 iu
606 3157 789 3206 codice
822 3158 1230 3223 salisburgensi,
1254 3161 1376 3209 item
1403 3177 1434 3210 a

352 3227 677 3293 Puteolano,
694 3233 973 3291 Beroaldo‚
994 3236 1260 3296 catanam,
1278 3235 1432 3294 Aldo.

351 3304 545 3363 ἔπαιε,
568 3306 884 3372 Philomuso,
912 3310 1176 3375 Rhemum,
1198 3312 1259 3361 R.
1283 3319 1337 3362 et
1364 3313 1435 3362 H.

349 3381 658 3447 stephanis,
673 3383 926 3448 Grypbio.
943 3386 1213 3444 Ascendo,
1231 3389 1432 3437 Sichar·

271 3516 276 3520 .
329 3455 443 3524 do,
481 3459 678 3522 Navio,
719 3460 1039 3522 Boxboruio,
1086 3471 1140 3513 et
1187 3464 1432 3529 Cellnrio,

349 3534 464 3585 baec
489 3535 652 3585 verba
673 3536 983 3601 simpliciter
1005 3538 1337 3602 exhibentur,
1356 3543 1429 3590 in·

345 3611 578 3673 gentibus
596 3626 780 3676 quoque
815 3618 930 3663 tuac
964 3615 1151 3677 quidem
1173 3617 1429 3682 illeflumi-

349 3687 488 3736 nib-⁸
507 3688 837 3747 conserendus.
871 3690 1055 3740 Altera
1073 3693 1320 3756 varietas,
1344 3695 1429 3744 ubi

261 3827 274 3838 ³
350 3769 616 3826 preterea
638 3764 900 3828 particula
919 3771 1095 3824 tamen,
1115 3771 1205 3818 sed
1223 3784 1287 3819 ea
1306 3772 1431 3833 sola,

347 3841 649 3904 assumitur,
671 3844 901 3892 occurrit
924 3845 976 3894 in
1000 3846 1185 3896 codice
1207 3863 1344 3910 meo,
1376 3850 1427 3897 in

346 3915 610 3981 Pataroli,
653 3925 713 3968 et
758 3933 896 3970 nuuc
951 3936 1159 3987 quoque
1205 3924 1428 3975 Gesneri

346 3992 601 4054 editione,
633 3994 909 4057 ingentibus
941 3999 1132 4061 quidem
1165 4003 1279 4049 tunc
1315 4016 1429 4064 quo·

344 4084 437 4134 que
468 4071 569 4126 ille.
590 4070 881 4134 fluminibus
916 4078 1074 4124 tumen
1105 4075 1429 4136 conserendus.

346 4143 468 4199 Quo
491 4144 623 4197 facit
640 4155 697 4197 et
716 4147 1215 4214 Guelpberbytauus
1238 4152 1427 4211 codex,

343 4224 620 4285 ingentibus
652 4240 835 4290 quoque
862 4233 918 4275 tu
951 4241 1011 4277 ne
1033 4226 1202 4292 (tunc)
1223 4230 1428 4292 quidun,

344 4303 486 4365 Mle,
505 4302 959 4369 (illedflxnu’nibus
993 4310 1167 4361 tumen,
1189 4308 1426 4367 conseren-

475 4382 647 4448 Detps.
670 4390 720 4435 et
750 4384 872 4436 Ver.
893 4384 1026 4433 Clas.

1305 4388 1500 4451 Puneg.
1530 4390 1637 4441 Vel.

2465 412 2598 481 593

1524 563 1629 614 dus.
1695 563 1880 615 Tertia
1915 565 2156 624 varietas,
2193 581 2311 631 qun
2355 574 2504 622 extat
2541 572 2593 623 in

1524 638 1710 691 codice
1733 643 1955 700 Veneto,
1973 649 2030 693 et
2048 659 2198 707 quam
2218 644 2270 693 in
2290 652 2596 699 contextum

1524 719 1842 783 recepimus,
1863 720 1993 770 duas
2018 719 2265 772 adsciscit
2301 738 2469 787 voces,
2489 725 2595 788 flu-

1520 794 1731 843 minibus
1772 801 1947 846 tamen.
2016 796 2292 847 Consentit
2332 806 2388 849 et
2420 802 2592 852 codex

1522 869 1857 933 Parisieusis,
1878 872 2089 921 vocibus
2108 872 2365 925 duntaxat
2388 876 2596 941 quibus·

1520 945 1642 995 dam
1678 947 1754 995 ita
1793 947 2143 1011 transpositis,
2178 948 2462 1011 Ingentibus
2489 954 2595 1016 qut·-

1520 1025 1627 1072 dens
1647 1022 2026 1087 inestuminim
2039 1041 2218 1089 quoque
2241 1027 2595 1091 tunmfiunn’ni.

1520 1098 1606 1148 bus
1627 1104 1801 1162 tumen,
1821 1100 2148 1161 conserendus.
2212 1101 2359 1152 Idem
2384 1108 2593 1170 supple·

1520 1182 1752 1227 ruentum
1797 1180 2046 1229 exhibent
2080 1180 2291 1231 codices
2326 1182 2592 1248 Vaticani,

1518 1251 1649 1303 licet
1673 1253 1884 1304 vocibus
1903 1255 2102 1306 duabus
2115 1258 2459 1308 anterioribus
2480 1276 2593 1310 cor·

1518 1336 1673 1392 rupte
1708 1332 1950 1394 scriptis:
2002 1335 2286 1395 Ingentibus
2318 1351 2500 1399 quoque
2535 1343 2592 1387 tu

1519 1421 1579 1455 ne
1599 1407 1764 1471 (tunc)
1788 1409 1974 1471 quidem
1996 1411 2112 1459 Nile
2132 1410 2265 1476 (ine)
2290 1411 2593 1476 fluminibus,

1505 1482 1795 1545 fluminibus
1815 1490 1989 1550 tumen,
2015 1487 2340 1546 conferendus.
2412 1488 2590 1553 Atque

1518 1557 1593 1606 ita
1628 1559 2048 1621 supplementum
2091 1562 2214 1610 illud
2255 1564 2470 1611 duarum
2503 1580 2590 1612 vo·

1519 1635 1955 1703 cum,stuminibus
1977 1643 2154 1701 tamen,
2188 1638 2325 1700 quod
2361 1647 2417 1688 et
2453 1640 2592 1689 Livi-

1520 1709 1668 1759 neius
1713 1712 1764 1758 in
1808 1711 2010 1762 duobus
2061 1715 2273 1777 optimis
2326 1715 2590 1768 codicibus

1519 1784 1958 1853 deprehenderat,
1983 1791 2093 1854 jam
2130 1792 2181 1839 in
2213 1793 2416 1842 excusis
2439 1794 2590 1845 libris

1518 1865 1897 1925 evulgaverunt
1952 1867 2318 1932 emplastum,
2366 1872 2590 1936 Lipsius,

1518 1939 1795 1998 Gruterus,
1808 1942 2094 2009 Puteanus,
2109 1945 2589 2011 Bernegger‚·Hac·

1517 2014 1656 2080 kius,
1692 2018 1777 2068 De
1827 2019 1877 2068 la
1920 2020 2123 2082 Bauue,
2158 2022 2319 2078 Ceva,
2354 2032 2408 2073 et
2449 2039 2587 2076 nunc

1516 2091 1846 2145 Arntzenius.
1914 2098 2144 2148 Primam
2190 2100 2468 2150 lectionem
2511 2100 2590 2151 fa·

1515 2169 1616 2219 cile
1654 2172 1982 2231 dimittimus,
2027 2189 2144 2223 cum
2186 2176 2233 2224 ei
2277 2191 2379 2226 nou
2421 2179 2585 2228 solum

1514 2245 1693 2297 obstet
1732 2250 2015 2298 auctoritas
2050 2257 2131 2299 tot
2167 2250 2433 2314 librorum,
2455 2254 2589 2302 iudi-

1515 2324 1653 2372 cium
1678 2324 1848 2373 idonei
1890 2326 2106 2390 alicujus
2135 2329 2486 2390 supplementi
2508 2326 2589 2379 fa·

1515 2398 1803 2463 cientium3
1841 2401 1932 2449 sed
1972 2417 2086 2450 cum
2126 2404 2347 2466 simplex
2384 2418 2587 2470 quoque

1514 2476 1615 2525 ista
1638 2478 1900 2527 sententia
1937 2477 2046 2527 fere
2082 2478 2287 2544 frigeat,
2310 2495 2482 2546 neque
2505 2497 2587 2532 sa-

1516 2553 1583 2602 tis
1608 2554 1853 2603 excludat
1892 2554 2201 2604 beneficium
2235 2556 2587 2609 inundationis

1513 2630 1642 2691 Nili,
1670 2631 1806 2694 quod
1831 2638 1952 2681 tunc
1983 2632 2362 2682 excludendum
2387 2633 2583 2697 signifi·

1512 2719 1632 2754 care
1660 2707 1816 2755 voluit
1837 2707 2055 2756 Plinius.
2123 2708 2324 2766 Altera.
2343 2718 2396 2760 et
2425 2713 2586 2762 tertia

1512 2779 1671 2830 lectio
1694 2787 1777 2830 est
1809 2782 2143 2847 luculentior,
2166 2798 2227 2834 sc
2252 2792 2439 2835 neutra
2460 2788 2584 2837 stilo

1510 2856 1750 2906 Pliniano
1792 2857 2120 2921 adversatur,
2158 2859 2308 2920 adeo,
2355 2868 2412 2911 ut
2456 2864 2580 2913 mibi

1507 2932 1734 2983 difficilis
1770 2934 2009 2985 videatur
2041 2937 2346 2986 alterutrius
2370 2938 2579 2989 electio.

1511 3011 1790 3060 Sententia
1813 3012 1967 3060 Plinii
1993 3012 2268 3077 utrobique
2284 3019 2362 3062 est
2381 3014 2581 3064 eadem.

1511 3085 1573 3134 Id
1600 3086 1737 3135 enim
1762 3086 2059 3150 significare
2094 3089 2274 3144 voluit,
2311 3089 2487 3138 Nilum
2527 3091 2578 3141 in

1511 3162 1609 3210 ista
1651 3162 1860 3226 inopina
1897 3164 2134 3213 siccitate
2174 3172 2485 3213 cunctanter
2523 3180 2579 3215 se

1510 3238 1657 3287 alveo
1681 3241 1947 3300 extulisse,
1971 3253 2140 3304 neque
2156 3239 2411 3289 ordinarie
2430 3241 2579 3292 inun-

1510 3313 1660 3363 dasse
1693 3330 1901 3379 campos
1939 3317 2179 3380 AEgypti3
2215 3315 2375 3366 nihilo
2412 3318 2578 3370 minus

1510 3398 1686 3441 tamen
1728 3391 1894 3441 adhuc
1940 3392 2243 3454 ingentibus
2277 3391 2576 3446 fluminibus

1508 3467 1825 3531 aequiparari
1874 3469 2137 3529 potuisse3
2191 3468 2317 3518 licet
2368 3471 2577 3523 modum

1506 3540 1794 3607 fluminum,
1823 3558 1941 3609 quoe
1978 3542 2138 3593 alveis
2173 3543 2278 3592 suis
2309 3547 2583 3598 continen-

1508 3626 1612 3682 tur,
1637 3634 1734 3670 uec
1759 3620 1853 3669 nisi
1880 3634 2060 3684 parum
2095 3619 2384 3678 exundant,
2406 3637 2582 3674 serva·

1508 3699 1642 3749 verit
1664 3716 1679 3759 ;
1716 3714 1904 3764 neque,
1926 3699 2001 3749 uti
2027 3700 2127 3749 alio
2153 3706 2404 3764 tempore,
2427 3702 2576 3760 inari,

1508 3784 1598 3827 aut
1619 3779 1816 3843 ingenti
1832 3776 2222 3842 exundantique
2235 3786 2441 3842 stagno,
2465 3777 2580 3828 fue·

1505 3854 1575 3903 rit
1614 3856 1812 3904 similis.
1880 3854 2026 3903 Alias
2062 3854 2196 3903 enini
2234 3856 2249 3883 ‘
2277 3854 2452 3914 Nilus,
2489 3853 2577 3904 ubl

1505 3932 1716 3988 crescit,
1740 3931 1888 3981 initio
1921 3930 2207 3994 diducitur,
2240 3930 2429 3981 deinde
2451 3946 2577 3981 con-

1505 4005 1721 4055 tinuatis
1746 4007 1890 4071 aquis
1915 4006 1966 4055 iu
1991 4005 2176 4055 faciem
2204 4006 2294 4055 lati
2322 4021 2381 4056 ac
2412 4006 2576 4057 turbi-

1504 4079 1557 4129 di
1581 4082 1734 4131 maris
1756 4081 2001 4144 stagnat,'
2024 4081 2098 4130 uti
2124 4081 2352 4145 loquitur
2373 4083 2575 4132 Seneca

1503 4156 1703 4208 Quaest.
1724 4159 1912 4208 Natur.
1928 4161 2067 4208 tv.2.
2102 4155 2255 4205 Hanc
2276 4158 2436 4219 ipsam
2456 4172 2572 4208 sen-

1505 4236 1720 4285 tentiam
1750 4236 1859 4298 jam
1904 4234 2150 4297 exprimit
2189 4234 2353 4279 atter·
2396 4233 2571 4297 lectio,

1504 4311 1774 4373 ingentibus
1795 4310 1985 4375 quidem
2006 4313 2118 4358 lunc
2136 4320 2313 4388 quoqne
2348 4309 2448 4369 ille,
2472 4310 2571 4375 flu-

2272 4387 2277 4392 “
2328 4394 2360 4436 2
2394 4388 2438 4438 Ρ
