3060 4902
483 361 656 427 1084

487 519 617 570 beiis
665 521 1017 568 incurrentem
1063 516 1417 580 Circensibus,
1463 517 1550 567 vix

489 596 640 645 unius
671 595 801 657 biga»
840 594 1137 657 ndJectione
1170 594 1411 643 bonoruri
1438 608 1554 658 pns-

486 687 572 720 sus
596 670 710 720 est.'
773 672 843 720 Et
877 671 1058 720 eodem
1098 678 1252 725 teste,
1285 671 1471 721 Claud.
1505 684 1556 720 o.

488 752 569 797 11.
592 745 841 796 Claudius
873 752 888 775 ¹
912 746 1049 809 putri
1085 746 1359 797 Circenses
1394 759 1557 796 sunu·

487 838 545 872 os
570 823 727 871 nstsli
768 820 888 870 die'
926 823 1171 872 instituit.
1235 824 1557 886 Capitolinus

488 899 541 948 in
565 898 833 947 Antonino
859 898 973 954 Pio,
994 911 1110 962 cap.
1142 905 1190 948 5.
1213 901 1393 963 tradit,
1416 899 1556 951 huuc

490 977 812 1029 Antoninum
838 983 852 1005 ⁸
872 977 1140 1026 Circenses
1165 979 1324 1027 nstsli
1348 992 1439 1027 suo
1462 978 1557 1026 de·

487 1055 691 1104 dicatos
716 1068 815 1102 non
842 1054 1117 1117 respuisse,
1141 1054 1251 1102 eliis
1276 1053 1558 1103 bonoribus

492 1127 772 1180 refutatis.'
837 1129 906 1177 Et
927 1129 978 1176 in
994 1137 1202 1177 vetusto
1225 1127 1557 1186 calendario,

491 1206 623 1271 quod
651 1207 868 1269 primum
896 1204 1184 1254 Bucherius
1222 1205 1272 1254 in
1299 1206 1560 1256 Doctrina

489 1285 802 1347 Temporum
839 1282 905 1330 ad
932 1283 1197 1332 Curionum
1227 1283 1555 1332 paschalium

489 1360 804 1422 Scriptores,
834 1373 884 1408 c.
911 1361 993 1407 14.
1029 1358 1220 1408 deinde
1247 1358 1558 1409 Lambecins

492 1436 741 1486 Bibliotli.
780 1433 1006 1485 Vindob.
1046 1435 1137 1485 lib.
1173 1450 1251 1486 tv.
1286 1451 1404 1500 pag.
1442 1440 1559 1487 277.

493 1527 640 1576 seqq.
660 1510 940 1573 evulgavit,
965 1510 1029 1560 ud
1054 1527 1280 1561 mensem
1317 1514 1559 1577 Septem-

496 1590 658 1650 brem,
676 1596 730 1636 et
749 1587 956 1651 quidem
975 1588 1039 1638 ud
1064 1601 1182 1638 xiv.
1203 1590 1423 1638 Kalend.
1449 1589 1559 1640 Oc·

495 1665 633 1715 tobr.
668 1664 778 1713 hoec
800 1665 1048 1723 legimus:
1086 1657 1156 1717 JV.
1182 1666 1393 1729 Trajum'.
1449 1666 1560 1715 Tri-

494 1744 750 1806 umphales.
819 1736 941 1796 OEVf.
977 1759 1174 1797 xtvrn.
1198 1746 1229 1795 i.
1251 1760 1296 1793 e.
1317 1749 1331 1773 ⁸
1356 1745 1560 1795 Nstslis

495 1820 728 1884 Trsjsni.
766 1823 1126 1886 Triumphales
1142 1821 1425 1888 (scil.ludi)
1444 1823 1558 1871 Cir·

495 1910 678 1946 censes
703 1901 894 1950 Missus
918 1898 1141 1950 xnvm!
1210 1900 1316 1951 Qui
1338 1902 1352 1924 ⁸
1372 1900 1561 1948 missus

498 1973 771 2025 Circenses
812 1975 826 1997 '
882 1983 1150 2037 vocentur,
1226 1974 1561 2036 explicarunt

497 2048 799 2115 onuphrius
822 2052 1105 2102 panvinius
1134 2059 1188 2102 et
1214 2051 1559 2114 Bulengerus,

498 2127 586 2191 qui
610 2128 677 2178 de
701 2129 861 2179 Ludis
888 2129 1221 2180 Circensibus
1246 2128 1402 2179 docte
1437 2136 1562 2179 sunt

499 2207 871 2268 commentati3
905 2208 1029 2256 item
1062 2213 1117 2255 et
1144 2207 1422 2256 Salmasius
1457 2207 1562 2255 Ex·

500 2283 653 2332 ercit.
678 2284 818 2335 Pliu.
841 2297 961 2347 pag.
983 2287 1097 2332 638.
1140 2283 1354 2332 Sueten.
1375 2282 1563 2332 Claud.

499 2374 544 2407 c.
569 2364 650 2409 21.
671 2365 686 2388 ¹
708 2360 987 2409 Circenses
1011 2359 1313 2424 frequenter
1326 2359 1485 2408 etism
1510 2360 1564 2407 in

498 2435 754 2488 Vaticano
776 2436 1052 2499 commisit,
1075 2450 1175 2486 non
1211 2450 1469 2501 nunquam
1491 2436 1565 2485 in·

501 2513 723 2576 terjecta
742 2529 837 2579 per
854 2516 1036 2581 quinos
1051 2514 1236 2563 missus
1257 2513 1567 2566 venatione?

500 2589 654 2639 Idem.
1157 2627 1160 2630 -

569 2665 765 2729 Edicto]
791 2665 872 2715 Ad
898 2667 1164 2731 populum,
1189 2667 1275 2716 cui
1298 2682 1327 2716 n
1351 2667 1566 2718 consule

502 2741 748 2792 nativitas
778 2742 1106 2807 imperatoris
1142 2742 1455 2799 celebranda
1491 2743 1567 2793 iu·

504 2816 790 2867 dicebatur.
814 2818 1034 2865 Putarol.

570 2892 766 2956 Edicto]
811 2894 929 2946 Quo
978 2891 1236 2943 festivitas
1267 2894 1455 2944 natalis
1489 2896 1566 2946 tui

504 2972 834 3035 indicabitur,
858 2974 1083 3037 itemque
1109 2973 1160 3022 in
1182 2988 1245 3022 eo
1269 2972 1395 3022 ludi.
1418 2974 1554 3038 Lips.

571 3049 874 3113 Spectacula]
920 3050 1003 3099 De
1023 3064 1187 3112 more,
1217 3052 1329 3114 jam
1356 3052 1475 3100 inde
1499 3052 1568 3101 ub

505 3126 762 3189 Augusto.
802 3126 932 3175 Num
970 3126 1115 3190 ‘ejus
1139 3128 1359 3176 natalem
1386 3128 1568 3177 annuis

507 3200 869 3261 Circensibus,
891 3201 1045 3266 idque
1069 3203 1286 3253 decreto
1310 3204 1360 3253 in
1384 3219 1569 3269 perpe·

506 3280 655 3339 tium,
677 3278 1034 3335 celebi·atum,'
1058 3282 1161 3329 Dio
1196 3282 1356 3332 tradit
1392 3284 1425 3331 Ι.
1459 3295 1570 3334 mv.

505 3364 558 3404 et
587 3369 674 3405 cv.
721 3356 937 3405 Sueton.
960 3356 1221 3406 Tiberium
1249 3373 1342 3421 per
1365 3359 1572 3409 modes·

504 3435 628 3482 tiam
652 3434 906 3491 omisisse,
928 3442 983 3484 et
1000 3443 1015 3465 ⁸
1032 3436 1256 3484 natalem
1277 3451 1438 3498 suum,
1462 3436 1574 3501 ple·

508 3510 636 3558 beiis
660 3510 987 3560 Circensibus
1007 3511 1461 3576 intercurrentem,
1486 3514 1573 3564 vix

509 3585 640 3648 bigae
668 3586 816 3634 unius
848 3587 1140 3649 adjectione
1178 3603 1384 3652 pessum
1415 3591 1573 3641 bono-

508 3663 645 3712 rsri.'
712 3660 818 3712 Sed
865 3663 950 3712 nlii
995 3664 1184 3714 deinde
1230 3665 1485 3733 fecerunt,
1517 3675 1575 3720 et

507 3740 657 3804 plura
680 3740 936 3801 exemplu.
953 3740 1085 3803 Lips.

572 3816 844 3880 Celebrate]
865 3817 1206 3881 Frequentem
1224 3819 1461 3870 reddere.
1484 3821 1577 3873 Di·

508 3906 602 3942 vus
639 3893 898 3943 Maximus
942 3893 993 3941 in
1041 3893 1214 3945 Natali
1258 3897 1537 3949 Dominico
1560 3913 1575 3950 z

509 3969 525 3998 ⁸
546 3970 758 4019 Laetitia
790 3976 983 4035 quantu
1005 3970 1093 4031 sit,
1111 3980 1334 4035 quantus
1359 3987 1575 4025 concur·

509 4062 615 4109 sus,
635 4062 750 4097 eum
770 4047 1107 4112 Imperatoris
1126 4049 1304 4099 mundi
1319 4050 1468 4101 istius
1481 4067 1573 4102 ns·

512 4125 630 4172 talis
671 4124 1013 4174 celebrandus
1036 4131 1135 4182 est
1166 4125 1301 4177 bene
1341 4129 1536 4182 nostis·
1560 4130 1576 4157 ’

512 4207 567 4250 et
594 4201 741 4261 plura
765 4215 879 4265 quae
905 4200 1070 4250 addit.
1095 4201 1247 4250 Idem.

579 4274 776 4339 ffipls'ei
814 4276 1016 4342 gaudio]
1059 4276 1228 4328 Mirus
1274 4279 1415 4340 sutis,
1453 4286 1576 4333 ete

1187 374 1405 425 No'rAE
1454 375 1861 426 vARtonust
1912 377 1994 426 m

1629 516 1741 568 fsto
1764 533 2060 570 concursus.
2084 519 2237 572 Iden.

1696 597 1894 660 Triplici
1924 597 2130 659 gaudio]
2161 597 2360 648 Natalis
2396 597 2695 664 principum

1632 672 1841 736 triplex,
1867 674 2008 736 vite,
2031 675 2252 738 imperii,
2270 674 2586 738 adoptionis,
2605 677 2695 737 qui

1628 749 1757 798 miro
1781 747 1894 800 fsto
1930 750 1981 799 in
2016 761 2173 801 unum
2207 750 2490 801 concurrit.
2555 751 2698 800 Vide

1629 825 1700 874 sis
1727 826 1998 876 Manilium
2021 828 2236 891 Vespas-
2257 841 2336 877 vt.
2362 827 2512 876 (ἰν-ιι.

1697 901 1899 965 Triplici
1936 903 2138 967 gaudio]
2184 903 2311 952 Dies
2354 903 2440 952 ille
2497 903 2698 965 triplici

1628 976 1815 1041 gaudio
1834 979 2003 1041 letus,
2017 993 2170 1042 quem
2190 994 2307 1027 mox
2324 978 2436 1042 ipse
2452 978 2702 1041 designet

1630 1053 1852 1117 Plinius,
1887 1053 1989 1105 fuit
2036 1068 2157 1104 nv-
2198 1054 2425 1105 Kalend.
2466 1055 2700 1105 Octobr.

1629 1130 1680 1180 h.
1705 1145 1751 1180 c.
1776 1130 1830 1179 d.
1857 1135 1938 1181 18.
1961 1132 2260 1195 Septembr.
2326 1132 2463 1181 Num
2479 1131 2563 1181 bic
2581 1131 2702 1180 dies

1630 1205 1645 1232 ‘
1662 1203 1872 1256 abstulit
1892 1208 2262 1270 Domitianum,
2280 1208 2567 1271 principem
2585 1222 2704 1271 pes·

1630 1282 1810 1331 simum
1829 1282 1863 1344 3¹
1897 1297 2013 1332 cum
2047 1296 2108 1332 eo
2147 1283 2252 1346 die,
2282 1284 2348 1333 A.
2372 1285 2432 1334 C·
2452 1285 2535 1334 97.
2560 1285 2701 1334 oeci-

1632 1371 1745 1407 snm
1766 1371 1885 1409 esse
1900 1359 2272 1421 Domitianum,
2286 1368 2463 1410 narret
2481 1360 2704 1412 Sueten.

1635 1435 1835 1485 Domit.
1856 1449 1905 1486 c.
1930 1440 2009 1485 1⁷.
2076 1436 2224 1487 Idem
2248 1436 2359 1486 dies
2375 1437 2496 1486 binc
2516 1442 2532 1466 ⁸
2551 1437 2705 1486 dedit

1633 1511 1923 1577 principem
1978 1512 2272 1576 optimum,'
2321 1527 2513 1577 nempe
2569 1515 2708 1564 Coc·

1634 1588 1801 1637 ceinm
1837 1589 2087 1644 Nervam,
2120 1591 2205 1654 qui
2245 1589 2547 1638 Domitiano
2581 1604 2705 1640 rnox

1635 1663 1906 1721 successit,
1931 1663 2192 1715 referente
2218 1674 2407 1731 prater
2427 1667 2555 1717 ulios
2576 1668 2706 1716 Dio-

1633 1757 1699 1792 ne
1736 1743 1913 1793 Cassio
1949 1743 2039 1794 lib.
2069 1748 2154 1794 68.
2217 1745 2434 1801 Adime,
2467 1746 2556 1807 ille
2591 1747 2703 1810 ipa

1634 1817 1746 1868 dies
1770 1826 1785 1849 ⁸
1806 1820 1985 1882 genuit
2009 1820 2295 1884 principem
2330 1822 2530 1883 optimo
2557 1822 2708 1871 meli·

1635 1892 1815 1951 orem?
1869 1909 2057 1959 nempe
2115 1897 2328 1959 Ulpium
2383 1898 2704 1961 Trajan-nu

1634 1973 1754 2037 qnia
1788 1972 1941 2036 liujus
1976 1974 2163 2022 nstslis
2187 1988 2305 2023 xiv.
2327 1973 2449 2024 Kal.
2483 1974 2705 2026 Octobr.

1636 2049 1933 2098 celebratus
1949 2058 2065 2115 est,
2101 2051 2349 2101 innuente
2378 2053 2536 2101 etism
2561 2053 2706 2104 Ptin.

1636 2125 1805 2188 Epist.
1831 2138 1888 2175 x.
1910 2130 1993 2176 28.
2009 2139 2197 2190 nempe
2214 2128 2230 2154 ‘
2250 2128 2437 2177 natalis
2459 2127 2705 2192 adoptio·

1639 2201 1783 2264 nis3'
1818 2202 2058 2267 quonism
2095 2217 2158 2251 eo
2191 2203 2294 2261 die,
2324 2217 2459 2254 anno
2490 2204 2702 2270 quidem

1640 2277 1833 2328 Christi
1867 2281 1950 2327 98.
1973 2278 2210 2328 s·Nervs
2239 2279 2537 2343 adoptatus,
2560 2288 2617 2330 et
2651 2283 2704 2330 in

1641 2363 1843 2418 partem
1883 2355 2087 2419 imperii
2128 2364 2382 2406 assumtus
2419 2365 2566 2419 ertu
2616 2359 2707 2423 qui

1641 2430 1752 2480 dies
1791 2438 1844 2480 et
1880 2432 1992 2496 ipse
2033 2429 2206 2482 fuerin
2242 2432 2463 2484 ‘natulis
2496 2434 2703 2498 imperii

1643 2505 1873 2557 Nervae!
1907 2506 2148 2557 ¹Verbum
2174 2516 2347 2559 entem
2372 2518 2386 2540 ⁸
2403 2511 2618 2574 genuit:
2635 2527 2708 2561 e·

1639 2598 1743 2648 que
1764 2598 1826 2634 nc
1845 2585 1861 2613 ⁸
1879 2585 2105 2648 natulis,'
2126 2586 2221 2636 boe
2244 2588 2361 2637 loco
2378 2591 2708 2652 μεταφορικῧς

1639 2661 1837 2711 dicitur
1873 2660 1941 2711 de
1974 2661 2277 2726 adoptione,
2300 2680 2416 2730 qna
2458 2668 2708 2717 nativita-

1639 2745 1745 2788 tem
1762 2738 1951 2789 imitnri
1966 2740 2309 2793 credebatur:
2346 2748 2499 2807 prout
2516 2743 2711 2807 probs-

1640 2822 1748 2865 tum
1770 2815 1905 2865 dabo
1927 2816 2249 2868 Excurs.1.v.
2312 2820 2529 2883 Triplex
2552 2820 2709 2882 adeo,

1638 2892 1781 2956 isque
1799 2892 1956 2941 mirus
1978 2891 2200 2943 fortuuae
2218 2908 2498 2944 concursus
2513 2895 2565 2945 in
2579 2910 2710 2946 eun·

1642 2968 1757 3016 dem
1782 2967 1919 3018 diem
1958 2967 2173 3029 incidit3
2208 2984 2310 3019 non
2347 2978 2521 3020 tsmeu
2558 2986 2706 3035 pror-

1642 3058 1728 3094 sus
1768 3044 2011 3095 insolens.
2078 3045 2234 3109 viae,
2263 3047 2387 3111 quid
2427 3048 2612 3098 Cicero
2638 3048 2707 3098 de

1644 3134 1700 3170 se
1725 3118 1938 3185 referat,
1963 3120 2132 3171 Attic·
2164 3135 2241 3173 tv.
2267 3129 2314 3173 l.
2334 3126 2349 3153 ‘
2373 3123 2707 3175 Brundisium

1643 3199 1763 3248 veni
1791 3198 1955 3248 Nonis
1990 3200 2179 3250 Sextil.
2218 3199 2303 3250 nbi
2345 3198 2709 3252 milii'l'ullioln

1645 3288 1757 3324 rnen
1782 3283 1974 3338 praesto
1996 3274 2114 3338 fuit,
2141 3276 2299 3325 netuli
2324 3291 2421 3325 suo
2443 3278 2554 3342 ipso
2585 3278 2673 3328 die
2692 3298 2706 3326 ε

1645 3352 1732 3415 qni
1754 3365 1879 3401 essu
1903 3350 2038 3400 idem
2063 3352 2250 3401 natalis
2287 3360 2404 3402 ent
2439 3361 2495 3403 et
2535 3355 2710 3404 Brnu·

1646 3430 1830 3480 disinae
1847 3428 2142 3486 colonis-,et
2162 3438 2266 3479 ωε
2285 3429 2465 3480 vicina·
2479 3431 2711 3481 Salutis!

1648 3508 1797 3558 Idem
1831 3521 1925 3572 pro
1945 3509 2013 3558 P.
2036 3507 2238 3563 Sextio.
2260 3521 2306 3554 c.
2329 3508 2413 3556 68.
2436 3510 2451 3535 ‘
2470 3508 2601 3558 Cum
2627 3510 2710 3574 ip-

1647 3585 1716 3635 sis
1758 3584 1923 3635 Nouis
1958 3585 2146 3635 Sextil.
2181 3584 2317 3632 idern
2355 3583 2466 3634 dies
2503 3585 2711 3635 reditus

1646 3662 1749 3712 mei
1772 3660 1970 3718 fuisset.
1993 3661 2079 3726 qui
2119 3669 2175 3710 et
2208 3659 2392 3710 nstslis
2413 3662 2550 3711 idem
2589 3664 2712 3712 cbe-

1646 3739 1861 3804 rissjmoe
1884 3736 2040 3794 fllia:
2055 3740 2155 3788 ὅτε.
2192 3737 2296 3787 Hic
2317 3747 2464 3787 certe
2487 3748 2716 3803 quatuor

1650 3815 1853 3864 natales
1908 3814 1960 3863 in
2003 3826 2158 3862 unum
2199 3812 2338 3862 diem
2375 3813 2711 3879 inciderunt;

1649 3892 1844 3955 primus
1883 3889 2081 3939 reditus
2122 3889 2388 3939 Ciceronis
2427 3904 2493 3939 ex
2531 3892 2718 3953 exilio,

1649 3983 1752 4034 quo
1774 3968 1869 4018 sibi
1899 3973 1956 4017 et
1987 3962 2288 4030 reipublicn
2322 3973 2535 4017 renatus
2569 3966 2719 4018 vide·

1649 4047 1837 4107 batur3
1870 4046 2003 4094 slter
2023 4042 2216 4093 natulis
2248 4043 2470 4104 Tulliam
2505 4046 2721 4111 tertius,

1649 4124 1866 4175 colonia
1905 4119 2265 4181 Brundisinum
2309 4128 2522 4183 quartos
2562 4122 2720 4172 Selu-

1652 4202 1748 4264 tis;
1783 4200 1904 4265 quis
1944 4212 2008 4248 eo
2028 4195 2114 4246 dic
2139 4195 2211 4245 ibi
2234 4196 2604 4246 celebrabatur
2627 4214 2715 4249 or.

1650 4286 1734 4330 tus
1751 4284 1805 4328 et
1818 4273 2082 4327 dedicatio
2096 4271 2224 4323 aedis
2236 4272 2717 4341 Salutis-‚Schwart-
