3060 4902
922 414 986 460 G.
1035 412 1282 462 PLtNtt
1331 414 1662 467 SEOUNDJ
1716 419 1995 471 PANEG.

482 554 748 615 potestate
770 550 947 610 habet,
983 586 999 604 .
1024 587 1039 603 .
1064 589 1078 604 .
1115 554 1156 604 si
1181 559 1464 607 masculum
1490 559 1550 609 fl-

482 627 604 676 lium
644 628 696 677 in
736 635 1049 680 testamento
1086 635 1419 696 praeterierit‚
1446 650 1549 685 non

482 704 678 754 valebit
703 711 1083 756 testamentum.
1151 710 1207 759 Si
1238 726 1360 760 vero
1391 712 1548 763 filiam

480 782 814 844 preterierit,
833 797 934 830 non
963 785 1155 847 rumpit
1180 794 1548 840 testamentum

478 857 585 906 filia
609 859 1000 920 praetermissa!
1052 861 1154 910 Sed
1179 871 1232 911 et
1258 867 1547 925 generatim

476 934 566 984 ille
591 936 785 984 dicitur
807 937 821 964 ‘
844 937 1138 1000 praeteriri,'
1158 941 1279 1004 qui⁴
1300 957 1400 991 nou
1421 945 1547 993 scri·

478 1011 621 1062 bitur
642 1012 820 1062 heres'
857 1016 907 1062 iu
941 1022 1272 1066 testamentO.
1339 1020 1544 1070 Plinius

476 1104 653 1153 snpra,
674 1104 832 1139 xmtt.
850 1094 899 1139 2.
933 1091 948 1118 ⁴
974 1092 1229 1141 Scriberis
1253 1094 1316 1142 ab
1342 1098 1543 1162 amicis,

478 1164 546 1214 ab
570 1168 759 1228 ignotis
786 1167 1102 1228 praeteritis!
1136 1168 1376 1220 Schmun-z.

540 1242 621 1290 Ab
662 1243 859 1306 mimo]
907 1243 967 1292 Iu
1007 1242 1246 1307 eligendo
1283 1254 1338 1300 et
1377 1246 1540 1313 adop·

476 1319 657 1368 tando.
696 1319 825 1380 Lips.

541 1395 656 1443 Non
687 1394 869 1458 potuit]
904 1396 1023 1448 Quo
1046 1398 1212 1446 miuus
1236 1398 1286 1447 in
1317 1399 1541 1463 impera-

474 1475 639 1520 torem
664 1479 720 1520 et
741 1486 1089 1523 successorem
1116 1476 1414 1538 eligeretur.
1441 1479 1540 1527 Pu-

472 1548 614 1597 carol.

538 1623 719 1686 Signa]
756 1624 891 1673 Vide
914 1639 1087 1690 snpra,
1105 1640 1155 1677 v.
1171 1631 1223 1680 4.
1247 1635 1302 1679 et
1327 1644 1442 1695 quae
1466 1630 1537 1681 ibi

473 1709 740 1749 annotata.
782 1701 928 1750 Idem.

539 1779 639 1827 Tuo
660 1779 871 1844 nomine]
905 1779 1042 1830 Vide
1065 1781 1209 1833 dicta
1232 1784 1444 1838 ibidem.
1485 1789 1536 1837 I-

467 1850 590 1899 dem.

539 1928 638 1978 Tuo
659 1931 862 1995 nomine,
879 1938 962 1982 tuo
978 1936 1176 2002 honore]
1216 1939 1418 2004 Nempe
1445 1942 1536 1991 im·

467 2007 734 2068 peratorio
758 2011 961 2059 nomine
984 2022 1037 2061 et
1060 2013 1267 2063 honore.
1320 2018 1536 2068 Scilicet

466 2095 586 2131 cum
623 2084 894 2148 Trajauus‚
930 2102 1071 2138 more
1110 2093 1378 2154 majorum,
1416 2103 1536 2158 post

465 2167 587 2207 vota
605 2160 654 2207 iu
673 2162 935 2224 Capitolio
953 2179 1264 2230 nuncupata,
1286 2176 1532 2234 tanquam

461 2237 690 2300 legatus,
723 2255 841 2290 cum
875 2243 1138 2293 lictoribus
1162 2246 1228 2294 ab
1265 2248 1391 2296 urbe
1416 2264 1530 2310 pro·

462 2313 698 2363 fecturus
734 2328 873 2367 esset
908 2321 958 2369 in
996 2321 1325 2371 Germaniam
1352 2324 1417 2372 ad
1441 2341 1533 2374 ex-

461 2391 719 2453 ercitum;
755 2396 964 2453 accidit,
991 2404 1048 2446 ut
1073 2399 1244 2462 turba,
1267 2415 1379 2464 quae
1408 2409 1530 2450 tunc

462 2470 618 2520 limen
660 2475 890 2535 capitolii
932 2476 1210 2534 insederat,
1234 2479 1296 2525 ad
1333 2479 1530 2542 ingres-

461 2562 573 2596 sum
620 2549 849 2611 Trajani,
894 2551 1082 2601 Jovem
1138 2555 1530 2618 imperatorem,

461 2626 713 2676 salutaret
769 2630 1136 2694 adoraretque,
1197 2641 1252 2680 et
1309 2633 1529 2697 diceret,

458 2710 474 2730 ⁸
496 2703 671 2765 Salve,
699 2705 1044 2769 Imperatorl’
1085 2708 1197 2765 sed,
1231 2710 1293 2758 ad
1318 2711 1525 2761 Jovem.

461 2776 622 2841 Cujus
647 2782 720 2828 rei
744 2783 1053 2832 mentionem
1084 2785 1194 2847 jam
1221 2801 1378 2851 supra
1401 2786 1528 2837 fecit

457 2854 600 2903 Pliu.
618 2869 668 2903 v.
692 2862 739 2905 4.
763 2867 816 2906 et
847 2871 1014 2909 xxm.
1038 2864 1085 2908 4.
1133 2861 1252 2910 Hoc
1279 2863 1525 2928 deinceps

457 2944 663 2979 versum
700 2942 780 2980 est
819 2933 869 2980 in
907 2948 1073 2997 omen,
1097 2946 1151 2985 et
1187 2940 1331 3001 quasi
1368 2955 1525 3003 augu-

457 3004 610 3061 rium,
635 3021 736 3070 quo
773 3007 1023 3058 divinitus
1059 3011 1129 3061 sit
1158 3013 1524 3078 significatum,

453 3084 734 3146 Trajanum
778 3083 891 3134 sore
942 3086 1326 3151 imperatorem.
1391 3093 1522 3142 Erat

455 3175 602 3217 vero,
660 3170 853 3224 praeter
906 3163 1095 3213 Jovem
1151 3165 1522 3228 Capitolinum,

453 3238 613 3287 etiam
648 3239 975 3289 simulacrum
1005 3242 1153 3292 Jovis
1186 3243 1522 3307 Imperatoris

450 3315 508 3364 iu
533 3316 813 3377 Capitolio,
847 3317 983 3379 apud
1018 3318 1369 3370 Praenestiuos
1398 3324 1518 3372 olim

449 3393 671 3454 cultum,
707 3395 864 3457 quod,
904 3403 1060 3459 capto
1094 3397 1269 3462 opido,
1303 3400 1517 3450 Romam

450 3469 644 3519 detulit
664 3470 924 3527 Quintius,
944 3480 998 3521 et
1020 3471 1316 3524 dedicatum
1346 3479 1519 3540 posuit

449 3543 591 3593 inter
619 3545 803 3593 cellam
824 3545 974 3597 Jovis
997 3563 1058 3598 ac
1083 3550 1361 3613 Minerva,
1382 3554 1518 3604 refe·

450 3628 604 3670 rente
641 3622 751 3672 Liv.
783 3637 859 3673 vi.
883 3627 965 3672 29.
1034 3628 1204 3677 Etiam
1231 3629 1341 3679 Cic.
1366 3630 1519 3681 Verr.

446 3711 528 3747 ιν.
549 3702 631 3747 58.
655 3710 1026 3752 commemorat
1052 3703 1150 3751 tria
1172 3704 1318 3755 Jovis
1344 3706 1515 3770 Impe-

447 3777 640 3825 ratoris
677 3778 822 3839 signa
857 3778 909 3827 iu
943 3778 1070 3828 orbe
1108 3788 1363 3832 terrarum
1404 3786 1514 3848 pul·

445 3853 704 3903 chet-rime
727 3852 887 3903 facta.
922 3854 1167 3905 Schwurz.

519 3930 618 3979 Tuo
642 3931 850 3993 nomine]
899 3934 914 3960 ‘
942 3931 1285 3995 Imperatoris
1304 3933 1318 3955 '
1357 3936 1511 3987 Cata·

446 4021 593 4056 naeus
634 4008 881 4069 exponit3
928 4021 1043 4056 nam
1077 4008 1267 4059 Jovem
1307 4013 1372 4061 ab
1410 4015 1509 4065 Or-

443 4082 582 4147 pheo
603 4089 946 4145 cognomento
977 4083 1111 4145 regis
1145 4092 1198 4134 et
1234 4087 1508 4152 imperato·

444 4160 517 4209 ris
538 4162 731 4210 ornari.
783 4161 896 4223 Ego
937 4161 1124 4223 Optimi
1155 4164 1368 4213 Maximi
1402 4180 1508 4216 ma-

441 4238 552 4288 lim.
605 4239 790 4302 Supra,
823 4238 1121 4301 ‘Siquidem
1146 4242 1308 4289 omnis
1336 4243 1507 4308 turba,

444 4328 562 4379 qnae
603 4315 760 4365 limen
794 4313 1079 4373 insederat,
1115 4316 1179 4366 ad
1223 4316 1507 4382 ingressum

2069 422 2117 471 1.
2145 406 2257 472 94.
2522 409 2697 476 1093
2723 444 2727 447 ⁴

1632 566 1776 612 tuum
1801 562 1998 614 foribus
2020 565 2259 628 reclusis,
2276 566 2362 616 ilia
2386 567 2614 632 quidem,
2638 575 2698 619 nt

1628 643 1753 688 tunc
1788 640 2159 703 arbitrabatur,
2205 642 2397 699 Deum,
2441 650 2698 708 ceterum,

1629 722 1685 764 ut
1710 714 1887 765 docuit
1910 725 2147 772 eventus,
2165 725 2217 767 te
2238 720 2585 769 consalutavit
2601 720 2695 770 im-

1628 792 1962 855 peratorem.'
2015 795 2177 843 Error
2193 794 2354 857 igitur
2378 795 2561 858 plebis,
2585 797 2698 860 opi-

1626 881 1738 930 nor,
1776 869 2051 931 Trajauum
2092 871 2363 932 Optimum
2404 872 2692 923 Maximum

1624 946 1919 1009 salutantis,
1961 961 2078 996 cum
2136 946 2321 999 Jovem
2374 948 2591 998 liaberet
2638 951 2691 1000 iu

1624 1029 1818 1078 mente,
1865 1029 1923 1071 ut
1967 1037 2118 1071 omen
2161 1022 2420 1086 quoddam
2464 1024 2693 1088 imperii,

1620 1099 1758 1162 quod
1785 1100 1829 1147 ei
1853 1099 2161 1164 quandoque
2183 1099 2479 1161 deberetur,
2499 1115 2691 1165 excep-

1619 1181 1723 1225 tus.
1793 1175 1943 1226 Adeo
1965 1183 1979 1206 ⁴
2006 1177 2159 1240 Saepe
2191 1177 2355 1238 ipsum
2383 1178 2564 1241 populi
2596 1193 2690 1228 uu-

1616 1266 1735 1300 men
1761 1253 1813 1301 in
1838 1267 1925 1301 ore
1949 1251 2138 1302 sonat!
2174 1253 2337 1304 Livia.

1687 1329 1785 1377 Tuo
1808 1327 2012 1390 nomine]
2047 1329 2403 1393 Imperatoris,
2437 1338 2496 1381 ut
2520 1334 2685 1397 expli·

1616 1405 1731 1454 cavi
1752 1405 1847 1454 sub
1868 1405 2068 1454 initium
2094 1421 2107 1453 ε
2141 1413 2155 1434 ⁴
2175 1406 2355 1456 Omnis
2382 1407 2687 1472 turba,quae

1615 1480 1769 1529 limen
1809 1482 2097 1542 insederat,
2136 1489 2190 1530 te
2228 1484 2567 1532 consalutavit
2594 1485 2687 1533 im-

1615 1557 1945 1621 peratorem!
2012 1560 2081 1608 Et
2107 1559 2321 1622 Jupiter
2341 1563 2688 1611 communiter

1613 1634 1689 1683 sic
1714 1635 2092 1697 agnominatus.
2147 1636 2385 1697 Plautus,
2418 1642 2432 1666 ⁴
2459 1638 2562 1690 Qui
2600 1647 2684 1689 est

1613 1713 1896 1777 imperator
1919 1715 2114 1764 Divum
2135 1722 2290 1781 atque
2310 1715 2567 1764 homiuum
2586 1716 2683 1767 Ju-

1611 1788 1788 1853 piter.’
1819 1790 1951 1852 Lips.

1687 1867 1809 1917 Voce
1845 1868 2183 1933 Imperatoris]
2236 1869 2374 1918 Mire
2410 1868 2537 1920 dicit
2573 1871 2683 1922 Pli-

1611 1943 1745 1998 nius,
1769 1945 1957 1995 Jovem
1984 1952 2108 1994 tunc
2147 1946 2395 2008 locutum,
2418 1946 2539 2011 quid
2565 1962 2682 1998 sen·

1609 2021 1758 2083 serit,
1777 2022 1826 2069 b.
1846 2035 1890 2071 e.
1913 2021 2097 2071 Jovem
2121 2023 2218 2072 hoc
2242 2038 2390 2072 omen
2420 2039 2511 2087 per
2534 2024 2682 2088 signa

1609 2096 1929 2160 significasse
1942 2105 2097 2161 atque
2115 2098 2430 2162 declarasse,
2446 2099 2682 2150 futurum

1608 2188 1740 2234 esse,
1758 2181 1814 2223 ut
1842 2175 2098 2237 Trajanus
2121 2175 2185 2223 ad
2214 2175 2564 2237 gubernacula
2587 2177 2682 2225 im·

1610 2253 1738 2315 perii
1762 2252 2149 2302 admoveretur.
2205 2254 2361 2302 Unde
2385 2255 2674 2305 Cellarius:

1606 2330 1621 2356 ‘
1638 2330 1788 2382 Quod
1807 2329 1957 2378 turba
1975 2330 2234 2386 clamavit,
2251 2329 2372 2380 Jovi
2394 2330 2643 2380 tribuitur
2660 2349 2677 2394 ς

1607 2406 1753 2469 quasi
1780 2406 2031 2455 instinctu
2059 2406 2194 2455 illius
2219 2407 2316 2455 hoc
2336 2421 2485 2455 omen
2512 2422 2674 2472 popu·

1603 2485 1683 2532 lus
1710 2485 1951 2542 ediderit,
1991 2483 2121 2539 fore,
2156 2492 2211 2533 ut
2249 2485 2544 2544 Imperator
2565 2488 2671 2535 cla-

1607 2559 1871 2609 maretur.'
1938 2561 2242 2623 Quanquam
2267 2560 2346 2608 liic
2368 2574 2553 2609 nomen
2578 2563 2671 2609 im-

1605 2637 1862 2699 peratoris
1880 2637 2051 2700 potius
2065 2635 2129 2684 de
2148 2637 2476 2701 Imperatore
2495 2639 2672 2687 Nerva

1604 2713 1856 2776 explicari
1882 2713 2074 2778 possit:
2115 2714 2308 2763 Nervae
2334 2715 2468 2763 enim
2489 2715 2670 2778 Traja-

1603 2803 1722 2838 num
1747 2790 1799 2839 iu
1827 2789 2091 2852 Capitolio
2107 2789 2404 2852 adoptantis
2428 2805 2554 2840 voce
2572 2792 2670 2842 Ju-

1605 2865 1741 2927 piter
1763 2865 1907 2929 quasi
1932 2864 2044 2926 ipse
2076 2865 2280 2914 locutus
2306 2866 2517 2921 dicitur,
2543 2867 2667 2931 quid

1601 2943 1858 3000 senserit;
1893 2941 2012 2990 iiiuc
2037 2941 2173 2989 enim
2216 2941 2412 2990 Plinius
2437 2955 2553 2989 mox
2589 2942 2668 2990 di-

1599 3017 1690 3080 cit,
1713 3017 1731 3044 ‘
1747 3016 1909 3066 filium
1941 3015 2054 3075 iili,’
2077 3016 2110 3063 i.
2134 3029 2181 3063 e.
2203 3016 2502 3078 imperatori
2530 3018 2663 3066 Ner.

1603 3109 1697 3156 νᾶ»,
1723 3096 1737 3120 ‘
1755 3090 1999 3156 elegisti!
2032 3091 2276 3142 Schwarz.

1664 3171 1951 3234 Pontificem
1973 3168 2254 3233 maximum]
2293 3168 2394 3219 Hic
2411 3184 2662 3220 summam

1598 3248 1650 3297 in
1689 3247 1842 3296 rebus
1876 3246 2036 3295 sacris
2074 3253 2387 3309 potestatem
2416 3246 2661 3310 habebat,

1597 3324 1747 3386 cujus
1786 3322 2157 3378 sacerdotium,
2196 3330 2311 3385 post
2347 3322 2663 3387 Augustum,

1595 3414 1772 3448 omnes
1813 3406 2158 3461 susceperunt
2196 3399 2553 3462 imperatores,
2592 3401 2688 3449 ad-

1593 3475 1906 3524 Gratianum
1943 3488 2124 3538 usque.
2190 3474 2444 3539 Equidem
2481 3477 2658 3541 Traja-

1593 3566 1687 3602 nus
1725 3552 1899 3602 statim
1940 3566 2034 3616 per
2063 3551 2396 3616 adoptionem
2431 3559 2487 3602 et
2522 3552 2658 3603 filius

1595 3628 1809 3689 Nervae,
1834 3636 1890 3677 et
1913 3629 2111 3691 Caesar,
2129 3636 2185 3678 et
2209 3627 2524 3693 Imperator,
2538 3645 2660 3680 con·

1592 3717 1805 3766 sorsque
1841 3704 2126 3754 tribunitia
2166 3708 2462 3770 potestatis,
2483 3706 2657 3756 decla-

1591 3786 1763 3841 ratus3
1799 3788 1854 3830 at
1878 3780 2238 3844 pontificatum
2263 3784 2540 3832 maximum
2565 3783 2655 3832 de·

1589 3872 1724 3907 mum
1746 3866 1864 3921 post
1885 3859 2082 3909 obitum
2103 3860 2291 3909 Nervae
2312 3859 2534 3923 adeptus
2555 3868 2655 3911 est.

1589 3932 1724 3983 Vide
1749 3933 1813 3982 ad
1838 3948 2003 3984 unt.
2025 3941 2075 3984 3.
2100 3950 2244 3999 seqq.
2282 3935 2433 3985 Idem.

1651 4010 1933 4073 Nuncupari
1950 4009 2116 4072 jubet]
2152 4012 2230 4060 De
2265 4012 2343 4061 bis
2379 4013 2511 4062 votis
2536 4014 2652 4076 jam

1585 4101 1746 4149 supra
1773 4088 1904 4136 dixit
1928 4088 2065 4137 Plin.
2089 4101 2269 4138 vau.
2291 4092 2342 4142 4.
2368 4096 2424 4140 et
2449 4102 2652 4140 vam.

1585 4168 1633 4213 1.
1670 4164 1822 4214 Idem.

1653 4239 1961 4305 Quandoque]
1993 4240 2039 4289 1.
2063 4256 2111 4292 e.
2131 4240 2445 4308 Aliquando,
2469 4241 2648 4296 futuro

1585 4325 1841 4382 tempore.
1896 4317 2033 4368 Vide
2072 4317 2135 4369 ad
2178 4332 2237 4371 x.
2259 4324 2310 4368 6.
2363 4320 2428 4371 In
2463 4320 2646 4373 codice
