3060 4902
465 381 597 447 568

1163 393 1383 442 No‘rAE
1433 393 1845 443 VARIORUM
1900 394 1978 442 IN

466 542 596 591 item
636 546 690 590 et
726 541 791 589 de
832 539 997 606 poenis
1036 538 1326 601 caelibatus,
1380 537 1553 605 paullo
1628 537 1767 586 intra
1801 544 2012 586 centum
2057 536 2171 586 dies
2217 536 2532 601 paruissent.
2595 538 2691 587 Se-

470 620 622 685 plura
647 617 1229 680 traduntjureconsulti
1267 619 1332 667 ad
1377 620 1544 682 legem

468 694 687 756 Papiam
711 709 726 753 3
762 702 838 750 et,
864 709 971 754 prae
996 695 1206 754 ceteris,
1225 695 1276 745 in
1299 709 1544 758 compen·

468 770 572 825 dio,
609 770 980 819 celeberrimus
1023 771 1342 821 Heineccius
1390 771 1543 821 Anti-

472 849 601 908 quit.
626 847 793 908 Juris,
836 860 874 895 r.
901 852 985 896 25.
1008 852 1057 895 3.
1082 863 1224 912 seqq.
1277 848 1360 898 Cf.
1399 849 1541 911 Lips.

468 923 703 972 Excursu
734 922 797 971 ad
825 922 999 971 Taciti
1035 924 1221 974 Annal.
1246 938 1336 975 ut.
1367 941 1419 990 p.
1458 930 1542 974 50.

468 1002 549 1047 60.
585 1013 728 1062 seqq.
765 1006 821 1047 et
861 1000 1180 1064 Beruegger.
1213 1002 1278 1050 ad
1325 1002 1540 1052 Sueton.

469 1074 607 1123 Caes.
631 1088 732 1124 xx.
751 1081 799 1124 5.
824 1075 976 1125 Idem.

535 1151 616 1199 Ad
640 1151 890 1214 tollendos]
913 1153 1283 1215 Panegyristes
1309 1153 1360 1201 iu
1387 1154 1539 1202 Max·

469 1226 610 1275 imin.
629 1233 682 1275 et
703 1228 1034 1276 Constantio.
1074 1229 1237 1289 Leges
1251 1230 1328 1276 lta·
1348 1228 1537 1292 (Julia,

469 1302 660 1363 Papia,
679 1302 743 1350 de
770 1303 951 1366 quibus
976 1302 1095 1352 vide
1118 1304 1270 1353 Paul.
1296 1308 1446 1354 v.7l.
1471 1304 1538 1353 de

467 1377 645 1429 hered.
671 1380 833 1428 instit.
868 1387 923 1428 et
950 1384 1032 1429 48.
1067 1381 1131 1429 de
1173 1382 1271 1429 ritu
1297 1388 1443 1443 nupt.
1483 1389 1539 1431 et

468 1455 678 1504 omnino
724 1456 867 1519 Lips.
907 1458 955 1505 iu
998 1458 1231 1506 Excursu
1270 1459 1334 1506 ad
1371 1460 1540 1507 Tacit·

469 1530 548 1593 c.)
593 1536 737 1594 ‘quoe
783 1533 977 1581 mulcta
1021 1535 1231 1584 caelibes
1270 1543 1535 1590 notarunt,

465 1614 716 1669 parentes
762 1609 989 1671 praemiis
1035 1609 1378 1673 honorarunt,
1414 1625 1538 1659 vere

469 1683 714 1734 dicuntur
760 1699 876 1733 esse
924 1684 1269 1736 fundamenta
1315 1688 1538 1751 reipubl.

468 1762 593 1822 quia
617 1761 946 1810 seminarium
966 1763 1285 1824 juventutis,
1316 1774 1372 1814 et
1392 1766 1538 1830 qnasi

467 1836 669 1886 fontem
695 1838 902 1887 humani
936 1840 1171 1901 corporis
1195 1856 1402 1905 semper
1438 1843 1539 1890 Ro·

467 1914 633 1962 manis
655 1913 970 1963 exercitibus
992 1915 1388 1967 ministrarunt.'
1438 1918 1539 1965 Ro·

466 1990 633 2040 manis
676 2004 802 2054 ergo
848 2006 962 2039 cum
1002 1992 1179 2055 primis
1218 2007 1355 2042 curae
1392 1998 1542 2042 eraut

468 2069 746 2133 conjugia:
801 2069 1066 2119 Ciceronis
1110 2071 1215 2132 lex,
1270 2080 1284 2100 ⁸
1316 2073 1539 2122 Caelibes

467 2159 584 2194 esse
610 2145 919 2208 prohibente
936 2165 950 2207 ;
969 2146 984 2169 ’
1016 2162 1114 2197 nec
1136 2149 1298 2198 solum
1324 2150 1540 2212 ignomi-

466 2221 570 2269 niae
592 2221 880 2278 caelibatus,
914 2223 1005 2272 sed
1034 2239 1197 2286 poenae
1224 2234 1355 2274 erat.
1422 2226 1539 2276 Val.

468 2298 618 2348 Max.
651 2313 713 2347 ιι.
747 2304 800 2351 9.
844 2304 888 2349 1.
958 2301 1089 2350 Inde
1125 2303 1227 2351 ‘aes
1267 2303 1540 2352 uxorium’

469 2374 606 2438 apud
635 2376 866 2438 Festum,
900 2378 1035 2442 quod
1062 2380 1254 2443 populo
1281 2380 1541 2443 pendebat

469 2450 665 2512 ἄγαμος.
734 2454 933 2503 Contra
972 2457 1181 2516 praemia
1204 2457 1540 2507 πολυπαιδείας

468 2529 639 2589 posita
663 2544 727 2578 ex
760 2530 933 2577 Dione
973 2535 1057 2579 43.
1110 2532 1364 2582 Suetonio
1401 2534 1538 2597 Aug.

469 2606 550 2653 34.
585 2604 807 2653 Horatio
841 2606 893 2653 in
921 2607 1093 2655 Carm.
1133 2609 1325 2658 Saecul.
1360 2625 1537 2658 rursus

467 2680 632 2729 Dion.
655 2681 741 2729 lib.
764 2695 879 2730 mv.
904 2681 1168 2747 discimus,
1190 2692 1246 2733 ut
1267 2693 1413 2734 tanto
1437 2686 1540 2736 ala-

471 2756 610 2805 crius
647 2758 859 2818 jactura
888 2759 1143 2821 juvenum
1188 2772 1540 2826 repararetur,

469 2846 584 2894 quae
622 2832 774 2881 bellis
818 2833 1058 2883 civilibus
1096 2837 1407 2900 contigerat.
1443 2839 1539 2888 ‘Iu

469 2909 803 2958 multitudiue
832 2911 1007 2974 populi
1040 2911 1268 2975 dignitas
1299 2915 1454 2976 regis,
1488 2922 1544 2966 et

470 2988 526 3034 in
600 2988 862 3051 paucitate
935 2989 1106 3053 plebis
1178 2992 1544 3042 detrimentum

469 3063 763 3128 principis!
799 3067 1052 3117 Proverb.
1078 3082 1233 3118 xxiv.
1253 3073 1335 3119 28.
1353 3071 1509 3121 Rern.

540 3141 767 3201 Ingentia
796 3144 1019 3206 proemia]
1047 3145 1123 3193 Ex
1158 3146 1274 3208 lege
1310 3146 1453 3196 Julia
1486 3153 1543 3197 et

472 3215 663 3279 Papia,
701 3217 767 3267 de
791 3219 974 3283 quibus
1011 3219 1206 3271 affatim
1241 3223 1410 3273 Taciti
1438 3224 1540 3272 An·

472 3294 575 3342 nal.
601 3306 689 3345 ιιι.
714 3295 857 3358 Lips.

541 3371 768 3433 Ingentia
819 3374 1039 3437 pra-mia,
1082 3381 1131 3425 et
1186 3392 1328 3440 pares
1364 3377 1540 3441 poenoe]

474 3447 703 3497 Praemia
728 3458 900 3513 erant,
933 3452 1072 3501 inter
1104 3462 1299 3515 cetera,
1319 3455 1411 3517 jus
1450 3454 1541 3502 tri-

476 3538 560 3571 um
611 3525 694 3572 vel
738 3535 963 3590 quatuor
1007 3527 1304 3577 liberorum.
1376 3529 1543 3578 Nimi-

476 3613 608 3658 rum,
636 3603 718 3666 qui
749 3604 800 3651 in
826 3604 954 3653 urbe
978 3611 1082 3654 tres
1106 3605 1299 3656 liberos
1338 3607 1540 3657 habuis·

476 3678 651 3738 set,in
691 3680 849 3729 Italia
883 3688 1123 3745 quatuor,
1164 3683 1216 3731 in
1257 3683 1542 3746 provinciis

477 3754 725 3818 quinque,
744 3755 984 3805 immunis
1009 3765 1124 3806 erat
1141 3772 1171 3806 a
1195 3772 1336 3820 cura,
1358 3760 1542 3822 tutela,

474 3832 773 3895 ceterisque
796 3832 1029 3882 omuibus
1054 3835 1410 3897 personalibus
1434 3851 1543 3884 mu-

475 3906 704 3956 neribus.
773 3908 1034 3970 Secundo,
1055 3910 1315 3958 honestior
1333 3911 1471 3959 locus
1490 3912 1543 3961 in

478 3984 702 4040 theatro,
727 4000 789 4035 ac
814 3987 1164 4049 praecedentia
1198 3990 1249 4038 in
1274 3991 1539 4052 magistra·

477 4068 553 4109 tu.
586 4061 787 4120 Tertio,
810 4064 1056 4114 honorum
1074 4080 1135 4114 ac
1152 4067 1544 4127 magistratuum

481 4139 667 4199 petitio
690 4149 812 4189 ante
835 4154 997 4190 anuos
1019 4142 1356 4205 praestitutos.
1426 4143 1546 4192 1³oe-

480 4228 562 4261 nae
599 4230 803 4284 quoque
829 4217 1033 4279 plures:
1092 4218 1291 4274 Primo,
1338 4220 1548 4269 caelnbes

475 4290 652 4353 legata
692 4305 793 4343 non
831 4293 1133 4360 capiebant,
1166 4295 1400 4361 nisilegi
1445 4299 1546 4364 ipsi

1626 614 1818 673 cundo,
1841 628 1945 663 aere
1982 613 2137 662 etiam
2180 614 2587 673 mulctabantur,
2611 616 2689 663 di-

1624 689 1982 753 cebanturque
2009 690 2279 738 ‘uxorium
2302 689 2315 710 '
2350 690 2597 755 pendere,
2631 696 2690 739 ut

1622 767 1814 830 legitur
1838 767 1973 828 apud
2002 768 2232 815 Festum.
2300 767 2415 816 Nec
2440 767 2688 815 Romanis

1622 851 1843 898 tantum,
1868 858 2043 891 verum
2081 851 2135 892 et
2171 845 2396 900 Graecis,
2419 846 2534 907 pari
2569 845 2689 891 soli-

1621 921 1853 971 citudine
1877 922 2051 970 liberis
2077 930 2432 984 prospectum,
2451 921 2689 970 caelibes-

1618 1012 1717 1063 que
1747 998 1934 1059 puniti.
1981 998 2158 1048 Quare
2181 998 2334 1046 Plato
2360 997 2425 1045 de
2454 998 2581 1059 Leg.
2599 996 2691 1046 lib.

1618 1089 1693 1124 vt.
1715 1078 1809 1136 ait,
1834 1078 2117 1139 irrogatam
2156 1076 2318 1124 fuisse
2344 1090 2551 1138 poenam
2593 1075 2691 1131 illi,

1617 1155 1707 1217 qui
1730 1155 1841 1203 siue
1860 1154 2119 1203 connubio
2144 1154 2366 1218 quinque
2392 1167 2450 1201 ac
2476 1152 2691 1215 triginta

1618 1230 1788 1293 egerit
1806 1246 1999 1291 anuos;
2035 1239 2114 1292 ut,
2133 1230 2255 1279 side
2281 1230 2504 1278 maximo
2526 1243 2687 1277 censu

1617 1315 1776 1368 esset,
1796 1306 2066 1355 drachmas
2084 1313 2291 1355 centum
2318 1305 2657 1352 mulctaretur
2677 1320 2692 1365 ;

1616 1384 1660 1431 si
1706 1383 1772 1432 de
1817 1383 2067 1442 secundo,
2114 1382 2487 1448 septuaginta3
2542 1381 2583 1428 si
2620 1380 2688 1429 de

1617 1460 1792 1522 tertio,
1826 1461 2134 1521 sexaginta;
2166 1460 2208 1507 si
2247 1459 2312 1507 de
2349 1465 2552 1522 quarto,
2597 1457 2690 1507 tri-

1615 1535 1776 1598 ginta,
1797 1537 1896 1582 &c.
1921 1535 2142 1582 Pataros.

1705 1609 2008 1672 Pauperibus
2072 1606 2327 1670 educandi]
2386 1606 2689 1669 Pauperibus

1614 1687 1870 1736 educandis
1884 1686 2247 1735 edit.Rhenan.
2266 1684 2533 1744 Educandi,
2547 1700 2576 1748 q
2586 1682 2690 1733 uod

1616 1763 1792 1826 paullo
1822 1769 1939 1825 post
1961 1763 2089 1811 dicit
2128 1763 2144 1790 ⁴
2170 1776 2415 1825 maguum
2438 1760 2688 1826 quiddam

1617 1849 1697 1889 est
1738 1840 1992 1890 educandi
2033 1840 2445 1892 incitamentum.
2493 1838 2685 1888 tollere

1617 1917 1844 1966 liberos.’
1913 1917 2000 1966 Sic
2041 1918 2093 1965 in
2133 1916 2365 1979 margine
2401 1914 2473 1964 Η.
2496 1915 2685 1978 Steph-

1619 1996 1795 2046 faber.
2680 2000 2685 2007 '

1683 2072 1978 2134 Pauperibus
1992 2071 2243 2135 educandi]
2263 2070 2558 2134 Pauperibus
2571 2073 2690 2121 edu·

1615 2150 1800 2210 caudis,
1840 2149 1998 2198 Grut.
2049 2147 2276 2198 Videtur
2311 2148 2504 2210 aptius,
2546 2147 2687 2211 quod

1619 2233 1786 2274 restat
1803 2227 1851 2275 in
1873 2224 2156 2274 Viennensi
2172 2223 2423 2282 editione,⁴
2436 2224 2691 2287 educandi,

1616 2304 1847 2365 quamvis
1885 2311 2055 2351 tamen
2080 2308 2135 2349 et
2159 2299 2309 2349 alteri
2335 2314 2457 2348 suus
2485 2314 2689 2350 sensus.

1621 2381 1766 2430 Grut.

1681 2457 1977 2520 Pauperibus
2011 2457 2241 2506 educandi
2286 2470 2378 2503 una
2420 2455 2549 2503 ratio
2585 2456 2685 2520 est]

1616 2536 1793 2584 Codex
1836 2535 2122 2582 Vaticanus
2150 2537 2299 2582 14⁷5.
2333 2538 2389 2580 et
2421 2530 2687 2580 Salisbur-

1615 2612 1801 2673 gem-is,
1839 2611 1957 2659 item
1996 2609 2337 2669 Puteolanus,
2379 2606 2688 2662 Beroaldus,

1615 2689 1912 2748 Catanaeus,
1960 2684 2146 2739 Aldus,
2208 2682 2440 2745 Lipsius,
2489 2682 2684 2745 aliique

1616 2763 1845 2827 produnt
1900 2762 2182 2826 pauperibus
2229 2758 2502 2808 educandis.
2583 2759 2688 2808 Sed

1616 2843 1783 2891 ceteri
1818 2841 2027 2890 codices
2071 2841 2195 2887 Mas.
2228 2852 2325 2886 nec
2365 2837 2517 2900 pauci
2564 2837 2686 2886 libri

1615 2920 1851 2982 impressi
1890 2918 2083 2966 liabent
2115 2915 2405 2978 pauperibus
2437 2915 2689 2963 educandi.

1616 2999 1747 3048 Quae
1776 2996 2030 3059 posterior
2054 2993 2211 3041 lectio
2234 2991 2414 3054 utique
2432 2991 2581 3039 alteri
2601 2997 2686 3040 eat

1616 3072 1987 3137 praeferenda3
2018 3069 2154 3134 quod
2184 3069 2296 3132 jam
2332 3067 2462 3116 vidit
2487 3068 2685 3117 Grute⁴

1617 3165 1722 3198 rus.
1806 3151 2082 3199 Structura
2129 3144 2468 3208 grammatica
2496 3144 2683 3194 horum

1616 3226 1889 3275 verborum
1924 3234 2039 3273 est:
2078 3225 2094 3252 ‘
2123 3223 2376 3285 Princeps
2413 3223 2575 3271 bouus
2602 3231 2687 3273 est

1614 3317 1716 3352 uua
1748 3304 1882 3352 ratio
1906 3301 2214 3365 pauperibus
2237 3300 2533 3362 parentibus
2556 3301 2682 3349 edu·

1615 3377 1766 3428 candi
1792 3378 2020 3427 liberos!
2083 3377 2170 3425 Sic
2208 3376 2407 3424 Plinius
2435 3377 2610 3432 etiam,
2633 3392 2683 3427 c.

1617 3468 1809 3505 xxvn.
1846 3458 1892 3502 l.
1932 3452 2173 3501 absolute
2209 3452 2461 3515 loquitur,
2494 3452 2686 3535 ‘gaag-

1614 3544 1735 3578 num
1758 3528 1966 3594 quidem
1988 3537 2070 3577 est
2093 3526 2349 3575 educandi
2375 3526 2684 3582 incitamen-

1615 3606 1763 3667 tum,'
1785 3610 1885 3655 dcc.
1922 3606 2162 3655 Schwarz.

1684 3684 1887 3734 Fiducia
1899 3679 1999 3743 sui]
2014 3681 2074 3731 td
2090 3688 2191 3737 est,
2205 3679 2552 3737 liberalitatis,
2565 3696 2683 3746 quae

1618 3762 1684 3812 ab
1709 3776 1765 3811 se
1789 3766 2121 3824 expectetur.
2188 3757 2359 3820 Supra
2391 3772 2506 3807 eum
2530 3757 2683 3819 dicit,

1619 3842 1634 3868 ⁴
1657 3840 1889 3904 iugentia
1925 3836 2161 3902 praemia,
2187 3842 2243 3884 et
2280 3848 2435 3898 pares
2476 3836 2686 3898 poenae:

1621 3917 1790 3980 legem
1834 3914 2054 3977 Papiam
2092 3912 2380 3975 Poppaeam
2424 3912 2683 3973 intelligo.

1621 3993 1701 4040 De
1725 4005 1822 4056 qua
1848 3988 1931 4040 adi
1954 3989 2171 4038 Sueton.
2192 3986 2331 4051 Aug.
2348 4000 2464 4050 cap.
2484 3990 2567 4036 38.
2590 3988 2684 4037 Li-

1619 4085 1716 4118 ein.

1688 4146 1988 4207 Frustraque
2029 4139 2271 4208 proceres]
2310 4141 2514 4190 Frustra
2546 4140 2684 4211 prin·

1618 4238 1725 4288 ceps
1748 4221 1915 4271 Livin.
1964 4218 2053 4267 sed
2083 4217 2365 4282 frustraque
2380 4231 2597 4292 proceres
2618 4218 2689 4268 V.

1623 4300 1682 4351 C.
1706 4299 1921 4364 optime.
1947 4294 2180 4344 Rittersh.
2272 4317 2279 4326 ·
