3060 4902
731 404 799 450 c.
852 402 1097 453 Pon-m
1148 402 1478 454 saeuum
1529 406 1807 455 muno.
1886 409 1935 456 1.
1980 392 2089 458 52.

302 545 560 609 juberet-⁹
596 546 681 597 Ita
696 547 997 597 Suetonius.
1030 548 1137 597 Dio
1152 547 1251 597 boc
1268 563 1374 598 am-

310 624 456 687 plius,
479 624 532 673 in
560 625 773 674 Nerva:
810 624 953 674 Μίσει
973 623 1023 673 δὲ
1041 626 1131 674 τοῦ
1143 631 1375 685 Δομετια-

305 703 386 750 νοῦ
407 702 456 749 αἱ
477 701 658 753 ela-ons·
679 702 840 766 αὐτοῦ,
863 701 1042 750 πολλαὶ
1058 701 1146 762 μὲν
1160 703 1374 765 ἀργυραῖ,

306 776 482 826 rouel
511 776 568 827 δὲ
598 777 675 827 καὶ
704 780 886 839 χρυσαῖ
915 775 1053 826 οὖσαι
1084 777 1372 838 συνεχωνεύ-

305 856 468 915 θησαν,
505 853 588 902 καὶ
627 855 675 915 ἐξ
719 855 875 903 αὐτῶν
915 852 1113 915 μεγάλα
1150 853 1376 917 χρήματά

303 928 558 991 συνελέγη.
617 932 744 979 Odio
767 931 1062 994 Domitiani,
1083 936 1255 980 statae
1277 934 1376 993 ejas

303 1008 460 1056 mleae
493 1012 756 1068 argentae,
795 1008 956 1056 multoe
992 1013 1041 1056 et
1072 1022 1230 1056 oareoe
1263 1024 1371 1057 con-

292 1082 431 1145 βείω
462 1089 597 1140 suut,
628 1090 771 1148 atque
801 1085 974 1145 ingens
1005 1085 1203 1147 pecunia
1231 1098 1291 1132 ex
1311 1085 1376 1133 iis

290 1159 443 1217 sacto.
484 1161 634 1225 Lips-

222 1242 230 1248 '
369 1237 563 1285 Gaudio
595 1237 878 1301 litaverant]
921 1237 968 1286 1.
992 1252 1039 1286 e.
1064 1237 1164 1287 illae
1193 1238 1372 1288 Domi-

304 1314 663 1375 tianistatuae,
689 1322 963 1377 postquam
989 1314 1209 1377 dejectae
1232 1323 1371 1373 sunt,

302 1397 472 1450 strage
511 1404 609 1440 sua
646 1398 697 1438 et
738 1391 901 1450 ruina,
936 1399 1182 1454 tauquam
1220 1399 1371 1454 grato

301 1466 518 1529 quodam
539 1465 800 1517 sacrificio
820 1464 986 1528 facto,
1000 1468 1371 1521 satisfecerunt

301 1543 484 1605 gaudio
506 1543 743 1607 publico,
760 1544 916 1608 idque
936 1546 1079 1608 quasi
1099 1546 1371 1594 satiaruut.

301 1620 316 1648 ‘
343 1621 558 1671 Litare'
602 1636 703 1671 non
752 1622 1041 1683 generatim
1092 1621 1372 1687 significat,

299 1695 624 1757 sacrificare-3
647 1695 742 1745 sed
765 1698 1055 1760 speciatim,
1076 1696 1370 1746 sacrifican-

302 1773 366 1822 do
389 1776 533 1824 Deos
571 1776 799 1838 placare,
832 1789 1043 1841 eosque,
1078 1782 1200 1824 voto
1237 1776 1369 1823 soln-

304 1856 369 1905 to‚
393 1852 705 1914 propitiare.
759 1852 949 1901 Festus
972 1853 1066 1908 ait,
1099 1853 1115 1879 ‘
1135 1852 1369 1915 Litotum,

299 1927 383 1976 alii
405 1929 652 1990 solutum,
674 1927 907 1977 deditum
937 1929 1063 1984 Deo,
1095 1928 1241 1993 quasi
1270 1929 1366 1977 lui·

299 2009 479 2055 tatum.
551 2005 661 2054 Alii
697 2019 763 2054 ex
804 2004 995 2054 Graeco
1035 2020 1065 2053 a
1110 2005 1367 2068 precibus,

299 2094 420 2143 quas
443 2080 516 2129 illi
546 2080 689 2130 λιτὰς
711 2079 927 2131 dicunt.'
997 2082 1201 2131 Nonius
1224 2083 1365 2131 Mar-

297 2158 475 2220 cellus,
505 2159 732 2214 ‘Luam
755 2166 835 2206 est
865 2157 1174 2221 propitiare,
1196 2165 1249 2206 et
1277 2173 1365 2206 vo·

294 2240 399 2281 tum
433 2234 743 2297 impetrare.
811 2233 997 2296 virgil.
1047 2234 1256 2283 Ain-tv.
1281 2239 1364 2284 50.

296 2307 514 2358 Plautus
554 2310 603 2359 in
641 2310 878 2371 Poeuulo,
912 2324 972 2359 ιι.
992 2314 1075 2359 42.
1116 2310 1366 2373 ‘Jupiter

294 2382 472 2446 facist,
509 2392 571 2434 nt
605 2400 813 2449 semper
849 2385 1157 2445 sacrificem,
1196 2401 1362 2453 neque

295 2475 520 2527 unquam
559 2462 744 2511 litem-⁸
809 2465 1025 2513 Sueten.
1051 2464 1100 2511 in
1130 2465 1362 2521 Nerone,

294 2551 406 2602 esp.
426 2544 511 2590 56.
549 2539 565 2567 ‘
586 2538 827 2589 Attendit
856 2547 909 2589 et
942 2540 1240 2603 extispicio,
1265 2557 1362 2592 nec

292 2633 518 2684 unquam
562 2619 771 2669 litavit.'
850 2620 1028 2669 Aurel.
1071 2621 1254 2671 Victor
1295 2623 1360 2672 de

293 2694 430 2743 Viris
463 2695 668 2744 Illustr.
703 2710 750 2745 c.
775 2700 824 2744 4.
860 2696 1073 2744 ‘Tullus
1110 2697 1362 2748 Hostilius

288 2769 407 2821 Jovi
432 2771 606 2821 Elicio
629 2771 778 2820 litare
804 2787 903 2821 non
926 2772 1158 2836 potuit.''
1204 2776 1361 2825 Varie

288 2849 382 2898 boc
408 2851 629 2899 verbum
653 2852 993 2899 construitur.
1066 2851 1360 2915 Aliquando

289 2924 599 2989 simpliciter
618 2926 848 2989 ponitur,
867 2926 944 2974 uti
967 2927 1016 2974 in
1040 2927 1162 2975 locis
1181 2928 1360 2978 Plauti

290 3009 343 3050 et
366 3002 607 3051 Suetonii
633 3001 784 3050 modo
814 3003 1008 3051 citatis.
1076 3003 1164 3052 Sic
1188 3011 1245 3052 et
1268 3005 1360 3054 Se-

289 3090 418 3128 neca
441 3078 496 3126 iu
520 3077 789 3140 Agamem.
807 3092 881 3125 vs.
900 3081 1017 3127 677.
1038 3079 1052 3105 ⁴
1072 3079 1358 3144 Postquam

287 3154 497 3206 litatum
532 3165 638 3215 est,
673 3156 770 3204 Ilio
796 3155 1024 3204 Pboebus
1050 3157 1221 3219 redit,'
1256 3158 1288 3206 i.
1312 3173 1360 3208 e.

286 3240 566 3294 postquam
590 3231 705 3279 Diis
741 3240 884 3292 grato
915 3231 1173 3281 sacrificio
1209 3234 1357 3283 satis·

285 3302 485 3355 sactum
513 3312 613 3366 est,
645 3316 701 3356 et
730 3307 970 3366 solutum,
996 3308 1132 3371 qnod
1172 3310 1244 3358 illi
1270 3310 1358 3359 de-

285 3381 394 3431 beri
412 3382 517 3431 sibi
543 3384 771 3440 voluere,
789 3387 888 3433 διο.
959 3386 1256 3448 Aliquando
1280 3388 1357 3436 di·

285 3467 476 3508 contur
510 3458 741 3508 homines
778 3462 793 3490 ⁶
816 3461 1001 3523 litare,'
1036 3471 1127 3512 aut
1165 3465 1181 3491 ‘
1203 3466 1357 3525 perli-

284 3539 397 3583 tare
440 3534 709 3584 victimis'
748 3536 828 3584 vel
864 3536 1121 3586 ‘hostiis.’
1186 3539 1356 3589 Tacit.

281 3610 348 3659 de
385 3610 576 3661 Germ.
609 3626 657 3660 c.
694 3616 742 3660 9.
779 3613 795 3640 ‘
819 3613 1088 3662 Mercurio
1125 3614 1356 3665 humanis

281 3701 489 3752 quoque
513 3688 697 3737 bostiis
717 3689 861 3737 litare
880 3688 958 3738 fas
975 3689 1209 3741 habeut)
1237 3694 1356 3742 Flo·

281 3779 370 3814 rus
417 3778 503 3815 ιν.
544 3768 594 3813 2ε
650 3772 665 3794 ⁸
692 3764 804 3815 Nec
850 3767 1100 3828 perlitare
1147 3776 1354 3818 centum

280 3840 512 3890 victimis
540 3838 784 3902 poterat-⁹
834 3839 991 3904 Apul.
1018 3843 1104 3891 lib.
1130 3857 1215 3892 ιιι.
1240 3859 1357 3907 pag.

280 3923 395 3970 137.
439 3920 457 3946 ⁴
487 3919 631 3967 Litat
668 3918 810 3968 vario
848 3920 1027 3976 latice,
1063 3934 1199 3970 nunc
1240 3936 1355 3972 rore

279 3994 520 4056 fontano,
565 4009 704 4044 nunc
759 3995 898 4044 lacte
956 3997 1211 4058 vaccino‚'
1256 4001 1355 4047 διο.

279 4068 583 4137 Aliquando
606 4084 731 4120 casu
763 4079 950 4133 quarto
980 4070 1242 4120 adduntur
1266 4087 1352 4122 vo-

278 4163 387 4209 ces,
409 4157 426 4179 ‘
445 4147 636 4204 sacra,’
667 4155 680 4177 ⁸
701 4147 866 4210 exta,’
887 4150 985 4198 dte.
1024 4149 1182 4199 Ovid.
1211 4150 1353 4201 Fast.

279 4240 358 4277 nr.
389 4228 507 4275 6³⁰.
543 4228 560 4251 ⁸
581 4222 868 4274 Pontifices
904 4222 1056 4273 forda
1089 4224 1353 4290 [gravida]

275 4314 429 4353 sacra
451 4302 607 4353 litate
632 4300 802 4355 bore.'
847 4303 915 4352 Et
937 4303 1073 4365 ,Men
1095 4315 1214 4354 xtv.
1239 4308 1352 4355 156.

2388 391 2517 461 761

1451 543 1471 579 ⁴*
1493 550 1772 615 Sacrisque
1816 565 1846 601 e
1898 565 2041 602 more
2099 552 2262 602 litatis
2318 553 2522 604 Littora

1451 624 1594 674 adit-⁹
1663 627 1819 676 Fallit
1860 628 1995 677 enim
2036 628 2251 677 Servius
2294 630 2358 677 ad
2400 631 2519 680 Vir-

1449 702 1648 765 gilium,
1670 716 1884 765 negaus,
1918 704 2016 752 dici
2055 717 2223 767 posse,
2253 703 2434 755 ‘sacra
2457 707 2520 756 li-

1451 777 1590 837 tari,'
1612 786 1718 834 aut,
1757 781 1772 806 ⁴
1795 792 1885 826 nos
1919 793 2066 827 sacra
2094 778 2282 829 litare.'
2348 782 2518 832 Porro

1448 853 1700 918 Propert.
1734 868 1809 903 ιν.
1840 858 1887 904 l.
1922 854 1939 881 ‘
1963 856 2156 904 Pastor
2191 863 2243 904 et
2277 855 2342 904 ard
2381 859 2519 908 cala*

1448 943 1559 980 mos
1605 938 1730 978 exta
1776 930 1961 981 litabat
2013 930 2162 982 ovis.’
2227 932 2518 999 Aliquando

1448 1006 1563 1069 ipsa
1585 1015 1599 1036 ⁴
1622 1009 1865 1067 victima,’
1895 1017 1949 1059 et
1987 1017 2002 1039 ‘
2021 1010 2368 1072 sacrificium,’
2389 1013 2515 1063 item

1448 1089 1502 1131 et
1538 1081 1554 1110 ‘
1574 1083 1698 1139 ara:
1732 1084 1884 1137 litare
1915 1085 2128 1137 dicitur.
2197 1086 2357 1136 Ovid.
2379 1090 2518 1140 Met.

1448 1173 1548 1210 xv.
1573 1164 1689 1210 794.
1724 1163 1740 1191 ‘
1765 1162 1994 1212 Victima
2021 1165 2158 1212 nulla
2185 1164 2337 1214 litat.’
2368 1167 2516 1219 Mar-

1447 1235 1556 1284 tial.
1597 1250 1655 1286 x.
1693 1241 1776 1286 73.
1820 1239 1975 1287 ‘Non
2014 1255 2321 1307 quacunque
2362 1256 2514 1293 manu

1447 1312 1657 1361 victima
1691 1328 1823 1362 caesa
1858 1315 2016 1365 litat.’
2084 1317 2233 1367 Idem
2272 1331 2399 1366 νιιι.
2435 1323 2515 1370 15.

1444 1388 1459 1416 ‘
1477 1388 1663 1438 Omnis
1686 1392 1822 1439 etad
1849 1391 2090 1441 reducem
2119 1395 2237 1442 dum
2271 1394 2387 1443 litat
2418 1408 2516 1445 ‘ara

1446 1463 1670 1515 ducem-⁹
1736 1468 1950 1517 Sueton-
1973 1469 2110 1531 Aug.
2142 1485 2186 1519 c.
2211 1474 2291 1519 96.
2328 1473 2342 1500 ⁸
2363 1473 2516 1522 Circa

1447 1541 1738 1605 Perusiam,
1772 1543 2023 1593 sacrificio
2060 1559 2161 1595 non
2199 1546 2401 1611 litante,
2427 1563 2516 1598 au-

1446 1618 1560 1681 geri
1593 1619 1789 1668 hostias
1829 1620 2138 1683 imperavit.’
2204 1623 2340 1671 Plin.
2373 1623 2518 1676 Hist.

1447 1696 1578 1744 Nat.
1599 1709 1726 1745 vm.
1745 1700 1828 1746 45.
1855 1704 1867 1726 ⁸
1891 1698 2009 1748 Hoc
2027 1714 2231 1764 quoque
2255 1699 2511 1759 notatum,

1446 1772 1638 1821 vitulos
1663 1773 1726 1822 ad
1752 1787 1865 1823 aras
1888 1775 2111 1829 humeris
2143 1777 2363 1827 hominis
2387 1780 2511 1828 alla·

1446 1853 1526 1896 tos
1552 1863 1651 1897 non
1678 1847 1789 1898 fere
1814 1850 1964 1898 litare
1986 1866 2002 1911 ς
2038 1853 2170 1903 sicut
2195 1867 2292 1902 nec
2316 1853 2511 1902 claudi-

1443 1933 1619 1990 cante,
1656 1941 1753 1976 uec
1791 1928 1960 1976 aliena
1998 1929 2185 1994 hostia,
2221 1932 2364 1980 Deos
2400 1931 2511 1995 pla·

1441 2005 1584 2054 cari-⁹
1648 2008 1746 2056 Ubi
1775 2008 1936 2057 inanis
1961 2016 2044 2058 est
2072 2010 2345 2065 hariolatio
2371 2012 2511 2061 Har·

1442 2081 1604 2144 duini,
1628 2080 1762 2132 forte
1795 2084 1931 2146 apud
1967 2085 2194 2137 Plinium
2231 2087 2509 2150 legendum

1441 2172 1553 2206 esse
1576 2159 1728 2218 litari.
1754 2168 1810 2209 ut
1835 2174 1951 2208 mox
1975 2161 2173 2222 placari.
2227 2163 2393 2212 Sicuti
2419 2178 2511 2213 au-

1442 2241 1567 2291 tern.
1605 2236 1647 2282 si
1678 2235 1791 2283 Diis
1828 2236 2070 2286 litabatur
2108 2238 2269 2299 gratis
2305 2239 2510 2302 hostiis,

1439 2309 1715 2360 dicebatur
1752 2312 1813 2360 iis
1854 2313 2000 2374 solvi,
2035 2313 2171 2378 quod
2209 2313 2511 2377 deberetur,

1437 2385 1724 2451 iisdemque
1771 2389 2031 2446 satisfieri,
2077 2397 2135 2439 ut
2186 2391 2378 2454 placati
2423 2406 2508 2442 ac-

1438 2466 1795 2528 quiescerent:
1834 2468 1907 2516 ita
1941 2467 2153 2517 verbum
2186 2469 2329 2517 litare
2361 2486 2510 2528 μετα-

1437 2544 1637 2604 φορικῶς
1660 2543 1850 2592 dicitur
1874 2558 1983 2607 pro,
2002 2544 2308 2595 satisfacere
2332 2547 2508 2603 alicui,

1436 2622 1653 2683 explere
1695 2627 1850 2685 atque
1887 2630 2123 2672 saturare
2163 2623 2380 2686 alicujus
2416 2639 2508 2674 vo·

1437 2695 1691 2745 luntatern
1715 2711 1775 2746 ac
1796 2698 2155 2761 cupiditatem.
2207 2697 2364 2762 Apud
2393 2699 2507 2751 Cic.

1434 2769 1550 2819 haec
1595 2771 1828 2833 legimus,
1876 2787 1969 2835 pro
2013 2774 2219 2830 Flacco,
2267 2789 2384 2838 cap.
2424 2778 2508 2824 88.

1433 2849 1450 2875 ‘
1473 2849 1642 2898 Quam
1671 2849 1888 2911 potestis
1916 2851 1975 2898 P.
2002 2850 2224 2899 Lentulo
2253 2885 2266 2899 .
2292 2882 2306 2899 .
2327 2882 2341 2897 .
2363 2865 2505 2901 mac-

1435 2930 1551 2972 tare
1578 2926 1832 2975 victimam
1873 2927 2171 2989 gratiorem,
2199 2942 2352 2990 quam
2377 2928 2417 2976 si
2448 2929 2506 2976 L.

1438 3000 1615 3049 Flacci
1636 3003 1883 3063 sanguine
1909 3003 2042 3051 illius
2064 3003 2316 3053 nefarium
2340 3004 2390 3052 iu
2414 3017 2504 3054 nos

1434 3091 1614 3126 onmes
1636 3079 1809 3127 odium
1838 3078 2235 3128 saturaveritis?
2268 3081 2500 3130 Liternus

1431 3153 1589 3215 igitur
1630 3155 1890 3215 Lentulo;
1941 3164 2273 3219 parentemus
2311 3157 2502 3207 Cethe-

1433 3233 1536 3292 go?
1604 3229 1856 3294 Apuleius
1903 3232 2087 3280 crebro
2132 3233 2503 3296 metaphoricis

1433 3307 1688 3370 ejusmodi
1734 3307 1968 3357 formulis
2012 3324 2133 3359 usus
2180 3319 2296 3373 θεῖς
2352 3326 2400 3362 ν.
2447 3328 2499 3376 g.

1431 3385 1566 3433 Met.
1604 3398 1690 3433 ιιι.
1715 3387 1828 3433 131.
1864 3388 1880 3414 ⁸
1903 3385 2114 3433 Parvuli
2149 3388 2302 3449 hujus
2337 3387 2501 3439 fortu-

1432 3463 1510 3510 nis
1544 3463 1854 3517 succurrite,
1891 3470 1947 3511 et
1984 3462 2049 3511 de
2097 3465 2311 3512 latronis
2348 3464 2500 3528 liujus

1430 3538 1678 3597 sauguine
1704 3536 1899 3600 legibus
1925 3539 2108 3587 vestris
2132 3545 2186 3587 et
2210 3539 2501 3604 disciplinoe

1433 3615 1653 3676 publicae
1689 3616 1836 3663 litate
1856 3613 1888 3674 ;’
1923 3615 1955 3666 i.
1983 3629 2031 3663 e.
2071 3614 2376 3666 satisfacite.
2447 3616 2499 3667 1·

1430 3690 1548 3738 den·
1577 3691 1666 3740 lib.
1693 3704 1741 3738 v.
1776 3706 1894 3755 pag.
1920 3695 2030 3740 172.
2067 3693 2083 3720 ‘
2104 3692 2256 3742 Tunc
2293 3693 2498 3757 injuriae

1428 3783 1560 3817 meae
1602 3769 1804 3818 litatum
1852 3769 2186 3831 crediderim,
2228 3783 2342 3818 cum
2389 3771 2501 3833 ejus

1428 3859 1603 3894 comas
1627 3844 1946 3894 deraserim.’
1998 3846 2113 3893 Lib.
2140 3860 2216 3894 vt.
2245 3860 2365 3908 pag.
2387 3849 2498 3895 18⁶.

1426 3921 1533 3970 ‘Et
1571 3929 1646 3982 tu,
1682 3922 1911 3970 Fortuna
1945 3921 2141 3982 durior,
2166 3922 2277 3984 jam
2314 3924 2497 3972 saevire

1427 3996 1651 4046 desiste!
1707 3997 1805 4047 Sat
1831 3998 1925 4046 tibi
1952 3998 2154 4046 miseris
2190 3998 2302 4047 istis
2330 3999 2502 4049 cruci-

1428 4072 1602 4121 atibus
1641 4073 1767 4121 meis
1806 4073 2009 4122 litatum
2046 4072 2166 4123 est.’
2216 4074 2331 4122 Lib.
2370 4088 2502 4127 vul.

1428 4163 1549 4211 pag.
1580 4151 1694 4196 203.
1729 4154 1743 4177 ·
1771 4149 1885 4198 Nec
1909 4163 2016 4196 suae
2047 4149 2263 4198 saevitiae
2289 4150 2495 4202 litatum

1426 4226 1614 4273 saltem
1641 4230 1790 4273 tauto
1816 4226 2047 4288 periculo
2071 4239 2307 4288 cernens,
2331 4230 2503 4291 potuit

1427 4300 1667 4365 expleri.'
1718 4301 1921 4352 Seneca
1944 4300 1994 4349 iu
2018 4300 2233 4366 Medea,
2257 4315 2331 4354 vs.
2351 4308 2501 4357 1019.
