3060 4902
806 429 873 476 Ο.
923 425 1159 476 PLINH
1210 425 1547 475 SECUNDI
1598 424 1873 475 PANRG.

365 578 485 629 Hoc
517 580 701 638 argute
736 572 896 623 dicit:
930 570 1120 634 Turpis
1144 575 1225 620 est
1246 569 1428 620 defen-

361 656 457 709 sio,
490 659 579 701 aut
611 647 930 712 nuncupatio
971 662 1063 710 pro
1104 648 1271 696 salute
1315 647 1427 708 ejus

362 729 636 794 principis,
667 727 750 777 cui
788 727 919 774 banc
954 724 1118 788 possis
1151 724 1429 785 imputare,

362 807 416 857 id
457 814 557 867 est,
591 818 741 869 quarn
781 802 894 865 ejus
938 814 1119 849 caussa
1158 799 1429 862 suscipias,

364 892 417 933 et
450 897 600 948 quam
638 881 782 929 velut
819 877 1127 926 beneficium
1163 873 1430 922 inscribas.

362 961 436 1011 At
480 962 568 1009 ilia
613 958 779 1007 tutela
833 953 1046 1017 pulchra
1088 960 1142 1001 et
1188 951 1430 1013 gloriosa,

362 1050 518 1099 quam
551 1049 644 1083 sua
678 1045 858 1083 caussa
891 1028 1087 1079 subditi
1122 1026 1430 1090 suscipiunt.

366 1112 501 1175 Lips.
1356 1166 1359 1169 ἢ

436 1187 588 1242 Queri
640 1185 780 1248 libet]
838 1183 901 1233 lu
958 1180 1142 1231 codice
1175 1180 1431 1229 Vaticano

367 1269 514 1315 3461.
596 1266 846 1328 scriptum
924 1268 1024 1318 est,
1080 1260 1237 1317 Queri
1301 1260 1428 1309 licet.

362 1341 620 1391 Schwarz.

429 1420 649 1484 Secreta]
704 1418 979 1468 Sermones
1029 1415 1280 1477 occultos,
1337 1422 1427 1465 sut

366 1511 565 1546 sensus.
600 1496 735 1558 Lips.

433 1575 566 1628 Quos
603 1570 808 1633 odimus]
844 1570 958 1619 Nisi
1006 1568 1158 1628 maii3
1192 1581 1308 1616 nam
1352 1567 1426 1627 hi,

362 1650 686 1700 conscientia
708 1650 1043 1711 suggerente,
1064 1643 1237 1693 sciunt
1268 1643 1427 1691 nisius

365 1728 431 1780 de
473 1744 529 1779 se
574 1742 834 1777 sermones
878 1740 1012 1775 esse.
1076 1721 1216 1775 Quid
1264 1722 1424 1771 boui?

364 1805 546 1866 bonos,
566 1804 748 1852 eadem
776 1809 927 1851 teste.
963 1802 1113 1851 Idem.

431 1882 605 1936 Bonis.
639 1896 742 1944 quoe
765 1878 925 1941 malis]
960 1876 1115 1926 Bonis
1133 1879 1179 1924 et
1201 1889 1307 1938 quae
1327 1889 1427 1923 ma-

362 1959 426 2008 lis
453 1959 520 2006 V.
543 1960 603 2008 C.
626 1958 691 2005 R.
725 1957 887 2007 Licin.

431 2035 603 2094 Bonis,
639 2050 743 2098 φασι
787 2031 947 2095 malis]
993 2032 1039 2081 1.
1084 2045 1132 2080 e.
1175 2031 1230 2080 Si
1279 2030 1426 2079 bouis

364 2110 684 2174 principibus
725 2109 928 2164 eadem,
959 2122 1073 2171 quae
1108 2106 1257 2155 maiis
1292 2107 1427 2156 solet

364 2203 499 2244 esse,
544 2203 668 2236 cura
712 2194 851 2235 esset
903 2183 1170 2233 scrutandi
1203 2190 1428 2233 secreta

365 2272 559 2327 nostra,
595 2273 648 2313 et
690 2278 881 2312 arcana
925 2261 1077 2310 animi
1121 2274 1289 2315 sensa,
1329 2263 1426 2308 διο.

363 2341 586 2390 Codices
609 2340 739 2389 Mes.
775 2339 861 2403 (ut
897 2345 1096 2386 taccam
1135 2337 1333 2398 aliquot
1370 2336 1425 2383 li-

367 2416 487 2466 bros
526 2413 794 2479 excusos,)
849 2413 1036 2478 partim
1076 2413 1265 2462 babent
1299 2411 1431 2460 bonis

363 2499 410 2542 et
434 2494 606 2551 malin
640 2492 849 2555 partim,
870 2491 1078 2539 bonisne
1097 2490 1252 2538 malis.
1290 2489 1430 2537 Nihil

366 2568 545 2625 refert,
572 2584 724 2632 quarn
748 2583 813 2616 ex
835 2568 914 2615 bis
937 2566 1102 2616 tribus
1121 2565 1430 2614 lectionibus

362 2647 720 2708 amplectaris,
741 2660 854 2694 cuui
880 2658 1056 2692 omnes
1081 2643 1193 2691 istoe
1221 2643 1430 2706 loqueu-

363 2723 417 2772 di
453 2725 679 2771 rationes
716 2721 927 2783 optimis
964 2719 1120 2766 etiam
1165 2718 1430 2777 scriptori-

364 2798 464 2847 bus
486 2798 683 2846 Latinis
702 2797 805 2845 sint
828 2808 1139 2844 communes.
1203 2793 1430 2842 Difficile

367 2885 541 2926 tamen
567 2885 649 2924 est
671 2873 904 2929 detiuire.
927 2886 1042 2936 quae
1081 2871 1146 2919 ab
1178 2871 1288 2933 ipso
1324 2871 1429 2919 Pii·

364 2953 454 3003 nio
476 2950 836 3000 dima'naverit.
887 2948 1103 2996 Interim
1128 2962 1263 3010 eam,
1280 2961 1428 3009 quam

364 3029 688 3092 recepi,jani
716 3027 1109 3091 promulgarunt
1134 3026 1433 3088 Catanaeus,

365 3107 553 3166 Aldus,
589 3102 1115 3165 Jnnia,'cratander,
1159 3103 1220 3152 R.
1269 3103 1337 3150 H.
1375 3112 1430 3152 et

363 3185 428 3235 P.
482 3184 755 3245 Stephani,
809 3183 1090 3244 Gryphium,
1131 3180 1429 3236 Ascensius,

362 3262 664 3321 sichardus,
703 3260 921 3322 Navius,
967 3259 1251 3316 Livineius,
1289 3258 1429 3306 Box-

363 3340 594 3399 hornius,
625 3337 899 3396 Cenaviua,
930 3335 1255 3391 Armenius,
1294 3336 1428 3385 Ges-

365 3430 536 3466 nerus.
571 3434 574 3437 ·
604 3415 690 3463 Sic
714 3428 838 3463 vero
876 3413 1105 3476 loquitur
1135 3411 1289 3459 etiam
1316 3412 1428 3460 Cic.

364 3508 415 3541 v.
438 3507 490 3555 g.
512 3492 578 3541 de
613 3488 768 3541 Offic.
800 3503 887 3538 ιιι.
920 3493 1000 3539 18.
1035 3491 1049 3516 ·
1069 3487 1264 3537 Eadem
1289 3487 1427 3535 utili-

365 3570 509 3628 tatis,
534 3583 648 3630 quae
672 3568 976 3621 honestatis,
999 3573 1081 3614 est
1109 3562 1323 3627 regula)
1360 3565 1428 3613 Et

363 3646 474 3710 ipse
497 3645 635 3694 Piin.
662 3644 861 3704 Paneg.
886 3654 1090 3691 xxxvi.
1114 3644 1161 3689 8.
1191 3641 1206 3667 ⁴
1227 3638 1298 3688 At
1325 3636 1429 3689 for·

361 3730 503 3772 tasse
547 3735 648 3769 non
692 3720 873 3767 eadem
913 3716 1197 3765 severitate
1229 3715 1430 3779 fiscum,

363 3814 466 3866 qua
487 3798 744 3857 erarium,
765 3792 1012 3844 coiiibes.'
1044 3793 1284 3842 Schwarz.

375 3896 378 3899 ·
432 3875 617 3937 Ubique
644 3868 1027 3933 admirationem]
1065 3870 1237 3926 Domi,
1267 3868 1316 3917 in
1350 3867 1429 3917 so·

363 3965 439 4007 ro.
480 3948 707 4008 circulis,
743 3948 1017 3996 conviviis.
1088 3946 1136 3995 Ο
1174 3945 1431 4007 optabiles

361 4027 598 4090 fidasque
618 4025 741 4073 istas
760 4024 1181 4087 privates,super
1199 4020 1429 4084 publicas

362 4119 541 4155 omnes
581 4100 943 4150 inundationes!
991 4099 1068 4148 Ac
1121 4099 1311 4147 Senec.
1363 4097 1430 4146 de

364 4182 622 4231 Clement-
647 4193 684 4227 1.
710 4181 789 4226 19.
822 4176 888 4226 de
922 4175 1001 4225 bis
1039 4174 1319 4225 affectibus
1342 4190 1430 4223 aii·

362 4257 598 4309 diamus:
633 4255 649 4282 ‘
671 4253 809 4304 Quid
846 4252 1111 4316 pulchrius
1148 4259 1247 4315 est,
1279 4266 1431 4316 quarn

363 4333 545 4387 vivere
589 4327 891 4393 optantibus
938 4326 1158 4386 cunctis,
1205 4334 1262 4378 et
1307 4333 1431 4378 vota

1953 425 2005 474 1.
2030 408 2139 475 68.
2437 409 2568 476 901

1503 584 1641 619 nunc
1665 568 1762 618 sub
1785 567 2002 619 custode
2037 565 2493 630 nuncupantibus?
2526 569 2570 617 si

1504 645 1732 707 paullum
1756 644 1997 693 valetudo
2018 643 2280 698 titubavit,
2302 658 2404 693 non
2424 657 2569 706 spem

1502 722 1762 770 bouiinum
1788 721 2022 782 excitari,
2054 720 2145 770 sed
2181 721 2408 770 metum?
2443 721 2569 768 nihil

1503 814 1615 848 esse
1659 801 1895 863 cuiquam
1942 805 2046 846 tam
2091 799 2395 861 pretiosum,
2430 797 2569 861 quod

1503 889 1607 923 non
1633 888 1727 937 pro
1750 875 1916 922 salute
1937 874 2171 935 praesidis
2188 873 2264 921 sui
2285 882 2570 922 commuta-

1504 961 1612 1003 tum
1659 953 1823 1001 velit?
1859 965 2030 1012 omne,
2074 950 2208 1015 quod
2254 951 2329 999 iili
2372 952 2567 1013 evenit,

1501 1030 1601 1079 sibi
1625 1044 1828 1094 quoque
1850 1030 2063 1078 evenire
2085 1027 2305 1091 deputet
2331 1028 2367 1073 θ’
2399 1027 2536 1091 Lips.

1568 1106 1687 1156 Aris
1706 1103 1947 1167 jocisque]
1983 1103 2028 1153 1.
2054 1118 2100 1151 e.
2134 1105 2460 1163 μετωνυμικῶς
2494 1105 2565 1153 ia·

1505 1182 1646 1232 ribus
1669 1192 1723 1231 et
1751 1181 2042 1245 penatibus,
2062 1187 2122 1229 ut
2146 1187 2289 1229 recte
2312 1179 2568 1242 interpre-

1504 1265 1643 1307 tatus
1668 1266 1747 1306 est
1773 1257 1993 1320 Lipsius.
2061 1256 2181 1305 Non
2209 1256 2348 1304 enim
2376 1270 2570 1304 sermo-

1500 1348 1595 1383 nes
1618 1334 1806 1383 habere
1840 1331 2189 1381 credebantur
2223 1345 2340 1380 cum
2376 1332 2479 1379 aris
2515 1336 2571 1380 et

1501 1410 1651 1471 focis,
1673 1411 1764 1459 sed
1791 1424 1906 1458 curn
1928 1409 2071 1470 Diis,
2096 1423 2223 1472 quos
2248 1408 2298 1456 in
2324 1407 2571 1456 domesti-

1499 1489 1576 1536 cis
1611 1487 1715 1536 aris
1757 1493 1810 1535 et
1847 1484 1976 1534 focis
2022 1484 2421 1533 venerabantur.
2492 1483 2565 1533 Hi

1499 1566 1592 1615 Dii
1635 1565 1954 1615 vocabantur
1990 1564 2147 1612 etiam
2192 1562 2381 1612 ‘Genii
2418 1559 2562 1611 foco-

1499 1642 1652 1704 rum‚'
1692 1639 1956 1705 ‘privam'
1996 1647 2051 1688 et
2094 1638 2403 1688 ‘domestici
2440 1636 2564 1700 Dii‚’

1497 1723 1700 1786 πατρῷοι
1723 1719 1837 1779 omi,
1872 1718 1968 1768 θεοὶ
1997 1719 2286 1767 amanitidem.
2356 1718 2557 1767 Seneca

1500 1816 1623 1852 vero
1677 1802 1744 1850 de
1801 1809 1814 1829 ⁴
1837 1813 2074 1850 sermone
2128 1798 2388 1846 bominum
2447 1809 2565 1846 cnm

1498 1878 1645 1938 Deo‚’
1680 1878 1714 1926 i.
1743 1891 1789 1927 e.
1821 1875 1886 1924 de
1921 1874 2305 1939 precationibus
2329 1880 2386 1922 et
2413 1871 2565 1933 votis,

1498 1955 1669 2018 Epist.
1719 1958 1799 2003 1⁰.
1851 1951 1867 1979 ‘
1890 1951 2017 2013 Sic‚’
2069 1952 2256 2016 inquit,
2310 1950 2562 2012 ‘loquere

1499 2047 1616 2082 cum
1641 2034 1776 2087 Deo,
1794 2038 2037 2095 tanquam
2054 2031 2286 2080 homiues
2304 2028 2519 2078 audiant
2538 2026 2572 2075 !'

1500 2109 1743 2159 Schwarz.

1567 2186 1685 2234 Aris
1721 2183 1967 2248 focisque]
2024 2181 2183 2245 Apud
2244 2182 2398 2243 lares,
2452 2180 2565 2229 sive

1503 2262 1648 2311 Deos
1674 2269 1909 2325 penates.
1947 2260 2083 2321 Lips.
2182 2273 2185 2276 ·

1570 2335 1845 2400 Sermones]
1883 2333 2089 2382 Laudes
2121 2338 2399 2395 gratesque
2428 2331 2491 2380 de
2517 2338 2571 2380 tc

1505 2411 1804 2476 dicentium,
1822 2419 1941 2461 vota
1961 2424 2052 2474 pro
2075 2416 2126 2459 te
2150 2408 2573 2472 concipientium.

1506 2490 1657 2539 Idem.
2122 2544 2128 2551 ι

1572 2565 1896 2630 Molli-scintis]
1923 2560 2408 2613 verecundissimis.
2439 2561 2515 2609 Id.

1575 2643 1876 2693 mollissimis
1921 2641 2017 2690 iuis
2066 2638 2260 2688 auribus
2312 2638 2468 2700 parci]
2519 2636 2574 2685 Si

1506 2719 1623 2783 quis
1665 2721 1805 2767 locus
1842 2719 1893 2765 in
1932 2714 2258 2779 Panegyrico
2291 2712 2466 2769 Plinii,
2491 2713 2577 2761 bic

1508 2803 1654 2845 certe
1680 2795 1799 2843 mihi
1826 2791 2045 2843 difficilis
2069 2790 2291 2846 videtur.
2321 2802 2377 2838 ut
2403 2789 2582 2850 mirer,

1508 2888 1600 2921 cur
1624 2888 1739 2921 eum
1764 2872 1902 2922 sicco
1927 2870 2061 2934 pede
2096 2868 2402 2917 transierint
2433 2880 2570 2914 com·

1505 2958 1824 2999 mentatores
1893 2946 2225 2996 recentiores.
2315 2943 2569 2993 Celiarius

1507 3028 1619 3075 baec
1663 3024 1822 3073 verba
1862 3025 1936 3071 ita
1976 3023 2389 3083 interpretatur:
2428 3016 2570 3066 ‘Sci-

1508 3118 1609 3157 res,
1650 3086 1957 3150 verecundis
2006 3096 2106 3145 tuis
2150 3096 2362 3144 auin-ibus
2407 3093 2570 3155 parci,

1506 3195 1606 3229 nec
1662 3190 1840 3227 omnes
1898 3173 2078 3223 laudes
2135 3179 2191 3220 et
2244 3168 2569 3234 precationes

1505 3254 1784 3309 enuntiari,
1806 3264 1929 3314 quas
1962 3250 2129 3299 animo
2163 3247 2230 3297 de
2268 3254 2319 3295 te
2342 3245 2571 3307 concipi·

1504 3331 1656 3383 mus.’
1724 3332 1856 3381 Quae
1895 3325 2265 3390 interpretatio
2303 3322 2566 3387 haudqua-

1504 3424 1656 3475 quam
1684 3407 1887 3470 placen
1921 3418 2038 3453 cum
2074 3409 2225 3451 extra
2259 3406 2566 3450 contextum

1503 3482 1753 3534 orationis
1787 3481 1954 3529 iocum
1980 3477 2190 3542 quidem
2224 3476 2414 3525 babere
2452 3489 2568 3538 posa-

1503 3561 1609 3622 sit;
1656 3568 1710 3609 at
1743 3571 1912 3621 neque
1956 3570 2071 3606 cum
2121 3552 2572 3614 antecedentibus,

1504 3652 1672 3702 neque
1697 3650 1813 3686 cum
1844 3632 2181 3696 sequentibus
2202 3631 2371 3681 verbis
2395 3627 2572 3690 Plinii,

1504 3713 1802 3763 conveniat.
1869 3708 2026 3762 Quod
2069 3708 2111 3757 si
2154 3708 2294 3758 enim
2343 3706 2395 3755 in
2440 3706 2569 3754 locis

1504 3791 1720 3842 secretis
1743 3783 2071 3837 admirationi
2106 3792 2160 3835 et
2194 3782 2356 3832 amori
2380 3779 2573 3845 princi-

1505 3870 1587 3933 pis
1618 3867 1757 3926 boni,
1780 3866 1902 3915 item
1939 3862 2125 3928 gaudio
2160 3868 2213 3911 et
2244 3857 2577 3918 exultationi,

1504 3945 1718 3996 liberius
1749 3950 1903 4005 atque
1938 3936 2367 4000 intemperantius
2402 3933 2571 3982 indul·

1506 4029 1689 4086 getur3
1722 4016 1976 4083 quomodo
2014 4014 2121 4062 dici
2168 4016 2363 4076 potest,
2406 4008 2568 4058 sbsti·

1505 4098 1620 4147 neri
1660 4096 1732 4144 ibi
1781 4109 1812 4143 a
1857 4090 2115 4148 laudibus,
2150 4096 2243 4137 aut
2277 4086 2421 4150 parci
2456 4085 2567 4148 ejus

1505 4171 1733 4233 auribus,
1756 4168 1843 4232 qui
1867 4165 2051 4215 nimias
2078 4162 2257 4211 laudes
2282 4171 2432 4225 aequo
2465 4160 2575 4209 sni-

1506 4262 1590 4298 mo
1613 4245 1754 4295 ferre
1780 4256 1878 4292 non
1916 4239 2125 4305 potest?
2175 4239 2366 4288 Parum
2403 4235 2571 4297 abest,

1506 4324 1633 4390 quin
1658 4319 1908 4386 suspicer,
1931 4314 2186 4367 excidisse
2222 4314 2392 4380 potius
2415 4312 2578 4376 parti,
