3060 4902
561 362 692 428 498

563 527 616 570 et
642 520 785 574 alios,
824 518 873 569 in
896 517 1134 568 omnibus
1164 517 1432 568 codicibus
1466 517 1624 569 fuisse

562 604 856 660 corruptos,
881 595 967 646 ubi
993 596 1147 645 etiam
1167 595 1392 646 occurrit
1418 595 1467 643 in
1498 610 1623 658 prae-

560 674 731 725 rentia.
796 674 954 724 Certe
994 672 1090 721 boc
1138 672 1381 736 loquendi
1432 686 1623 733 genere

562 765 664 800 non
691 765 804 799 raro
830 764 948 798 usus
983 756 1061 797 est
1096 746 1296 796 Plinius
1321 756 1532 808 noster;
1574 761 1623 795 v.

561 842 611 889 g.
636 827 803 889 Epist.
827 839 863 874 ι.
885 830 933 874 7.
958 829 1009 874 3.
1039 830 1053 852 ‘
1078 825 1266 888 Neque
1290 823 1424 873 enim
1451 830 1622 873 tanto·

561 918 686 967 pere
728 901 847 950 mibi
888 899 1317 951 considerandum
1363 908 1462 959 est,
1498 900 1622 964 quid

561 981 641 1030 vir
660 980 886 1043 optimus
911 979 960 1027 in
982 978 1264 1042 praesentia
1286 977 1443 1037 velis3
1468 991 1622 1040 quam

558 1057 680 1122 quid
699 1070 907 1119 semper
922 1056 991 1105 sis
1012 1052 1358 1118 probaturus.’
1392 1067 1455 1102 ιι.
1472 1059 1520 1102 5.
1542 1058 1622 1102 10.

559 1139 575 1165 ‘
598 1138 658 1187 In
676 1137 956 1201 pra-sentia
979 1143 1151 1185 tamen
1167 1135 1265 1183 ista
1290 1134 1381 1183 tibi
1402 1133 1621 1183 familia-

560 1214 698 1263 riora
737 1211 897 1262 fient.'
983 1225 1070 1261 ιιι.
1118 1215 1166 1259 9.
1204 1214 1288 1259 26.
1323 1215 1337 1238 ⁸
1367 1209 1522 1259 Fides
1567 1211 1620 1259 in

561 1288 841 1353 praesentia
866 1302 975 1348 eos,
996 1287 1181 1351 quibus
1208 1286 1424 1348 resistit,
1458 1284 1619 1335 offen·

556 1364 674 1415 dit!
740 1363 821 1413 ef.
845 1377 971 1412 vni.
997 1367 1074 1413 11.
1099 1367 1149 1412 2.
1183 1362 1429 1411 Schwarz.

630 1440 875 1489 Vetustior
909 1438 1063 1501 miles]
1106 1438 1139 1487 i.
1177 1453 1223 1487 e.
1259 1438 1432 1487 senior
1470 1445 1619 1501 natu,

558 1517 640 1566 vei
666 1524 824 1565 astate
850 1515 1030 1579 major.
1094 1515 1248 1564 Hanc
1288 1515 1423 1564 euim
1461 1514 1619 1577 signi-

556 1592 855 1644 ficationem
878 1592 1158 1642 identidem
1186 1591 1380 1641 liabent
1409 1600 1461 1641 et
1498 1600 1509 1619 ⁸
1534 1606 1618 1639 ve·

560 1676 644 1719 tus
665 1669 677 1691 ’
702 1679 758 1718 et
780 1669 1085 1728 ‘vetustus‚'
1114 1677 1168 1718 ut
1186 1668 1503 1731 junioribus,
1529 1682 1616 1717 na·

559 1755 719 1810 tuque
747 1746 1045 1807 minoribus,
1069 1754 1416 1809 opponantur.
1442 1745 1618 1804 Certe,

558 1823 668 1886 ipse
718 1824 834 1872 Liv.
872 1835 1007 1871 xm.
1049 1827 1132 1871 47.
1180 1822 1312 1871 dixit
1347 1819 1619 1882 ‘vetet-es:

557 1915 684 1964 quos
732 1900 905 1962 paullo
957 1906 1077 1963 post
1124 1908 1272 1948 vocat
1316 1900 1332 1925 ‘
1352 1896 1619 1948 seniores.'

553 1977 692 2025 Vide
730 1976 1109 2039 expositionem
1157 1983 1385 2025 nostram
1433 1975 1621 2024 veteris

554 2052 912 2115 inscriptionis
934 2052 996 2100 de
1022 2051 1320 2114 AEsculapio
1337 2059 1390 2100 et
1413 2052 1621 2115 Hygea,

555 2129 674 2178 Diis
708 2129 1068 2190 φιλανθρώποις,
1105 2129 1238 2191 §tm
1278 2135 1291 2157 ‘
1312 2125 1621 2176 Vetustum'

555 2221 651 2268 pro
675 2207 879 2255 seniore
903 2206 1024 2266 dici,
1045 2205 1271 2268 pluribus
1304 2204 1558 2265 exemplis
1590 2217 1621 2252 e

553 2284 739 2331 Tacito
784 2283 1089 2346 deprointis,
1135 2282 1196 2330 ad
1243 2281 1398 2330 Plinii
1453 2282 1623 2344 Epist.

560 2373 689 2408 vm.
717 2362 798 2408 14.
828 2360 940 2423 jam
965 2358 1324 2424 comprobavit
1350 2358 1619 2407 Cellarius.

554 2436 727 2487 Unum
752 2438 836 2486 liic
875 2446 1152 2486 annotasse
1174 2433 1393 2485 sufficiat
1432 2450 1495 2485 ex
1533 2448 1619 2485 eo-

554 2513 671 2562 dem
706 2514 906 2570 Tacito,
931 2514 1073 2562 Hist.
1106 2525 1142 2560 1.
1167 2516 1251 2560 28.
1287 2521 1300 2542 ·
1325 2513 1380 2560 1n
1408 2513 1617 2572 itinere,

553 2590 606 2638 in
632 2590 854 2653 agmine,
890 2591 940 2638 in
970 2590 1299 2650 stationibus,
1334 2590 1618 2637 vetustissi-

555 2682 692 2714 mum
717 2681 974 2730 quemque
997 2667 1211 2715 militum
1240 2666 1443 2714 nomine
1466 2679 1616 2714 voca·

557 2741 651 2791 bat
675 2742 856 2792 Otho-⁹
893 2743 1045 2791 Idem.

621 2818 877 2882 Censetur]
929 2818 962 2868 i.
995 2833 1038 2867 e.
1069 2818 1372 2874 aestimatur,
1410 2817 1619 2881 insigni·

554 2900 661 2953 tur,
687 2902 845 2958 atque
870 2894 1205 2957 dignoscitur.
1277 2894 1503 2943 Verbum
1523 2897 1620 2945 hoc

554 2984 583 3019 e
608 2984 748 3019 more
773 2985 957 3020 census
992 2970 1208 3019 Romani
1237 2970 1619 3032 explicandum.

552 3046 789 3101 Scilicet,
805 3047 845 3095 si
872 3047 1011 3095 cives
1030 3047 1242 3095 Romani
1264 3045 1395 3094 bona
1419 3061 1510 3094 sua
1529 3047 1618 3096 de·

553 3120 755 3171 ferrent
794 3123 847 3170 in
888 3136 1119 3177 censum,
1154 3135 1215 3170 ea
1243 3121 1619 3185 censebantur,

550 3199 600 3248 h.
633 3213 680 3246 e.
725 3198 1120 3246 estimabantur
1151 3213 1180 3246 a
1214 3198 1618 3260 magistratibus.

552 3274 721 3323 Censu
746 3273 901 3322 etiam
928 3272 1372 3336 dignoscebantur
1411 3283 1616 3324 senato·

551 3348 637 3411 rii,
679 3356 735 3398 et
770 3350 1044 3413 equestris,
1078 3349 1372 3413 plebeiique
1418 3352 1614 3400 ordinis

548 3425 801 3474 homines.
868 3425 1022 3475 Cives
1070 3428 1490 3476 tenuissimarum
1537 3427 1615 3476 fa·

549 3503 798 3551 cultatum
836 3501 1149 3552 dicebantur
1187 3504 1203 3531 ‘
1225 3503 1401 3564 capite
1437 3502 1617 3550 censi.’

549 3577 692 3626 Hin'c
730 3586 905 3627 autem
952 3592 1046 3626 usu
1097 3579 1259 3633 veuit,
1300 3586 1357 3626 nt
1399 3579 1613 3629 verbum

545 3661 562 3685 ⁴
583 3653 783 3704 censeri
802 3652 816 3674 '
838 3653 1116 3719 aliquando
1133 3654 1439 3718 simpliciter
1455 3663 1511 3705 et
1527 3670 1614 3718 ge·

548 3730 791 3786 neratim,
824 3737 976 3779 extra
1014 3731 1171 3781 istum
1206 3732 1460 3781 censionis
1497 3747 1617 3795 pro·

549 3807 663 3870 pria
685 3807 844 3856 dicta
867 3821 1065 3868 casum,
1088 3817 1371 3872 poneretur
1396 3822 1488 3871 pro
1514 3816 1527 3837 ⁸
1549 3824 1616 3859 ε·

547 3882 802 3943 atimari3’
829 3883 1260 3946 quemadmodum
1301 3884 1412 3935 bec
1455 3885 1618 3935 verba

550 3959 822 4023 conjunxit
845 3958 955 4008 Cic.
978 3960 1168 4009 Parad.
1191 3974 1262 4010 vt.
1286 3964 1336 4009 2.
1379 3968 1394 3989 ·
1414 3961 1470 4010 Si
1495 3976 1616 4012 cen-

549 4034 710 4084 senda
734 4035 922 4094 nobis,'
937 4037 1123 4102 inquit,
1146 4043 1160 4065 ‘
1182 4046 1341 4101 atque
1358 4040 1616 4088 aestiman·

552 4109 621 4159 da
644 4123 761 4170 ταις
797 4118 969 4160 utrum
994 4111 1202 4162 tandem
1219 4113 1379 4177 pluris
1394 4116 1616 4165 estima-

551 4184 721 4236 bimus
764 4187 1036 4249 pecuniam
1069 4188 1280 4252 Pyrrhi,
1320 4205 1468 4255 quam
1516 4192 1617 4241 Fa-

549 4260 719 4313 bricio
741 4263 931 4327 dabat3
965 4281 1029 4317 an
1045 4267 1419 4320 continentiam
1437 4269 1618 4320 Fabri·

1254 378 1473 427 NOTAE
1525 374 1867 426 VARtORU
1885 375 1932 422 Μ
1993 374 2068 423 ΙΝ

1704 518 1792 581 cii,
1812 519 1900 584 qui
1923 519 2060 570 illam
2086 518 2359 583 pecuniam
2383 518 2733 583 repudiabat?
2756 520 2772 543 '

1704 593 1791 645 Ita
1839 610 1960 645 vero
1999 596 2155 645 etiam
2198 596 2431 646 homines
2460 596 2770 647 dicebantur

1700 674 1716 699 ‘
1743 686 1803 720 ea
1830 686 1882 719 re
1907 671 2144 734 censeri‚’
2167 673 2311 735 cujus
2337 675 2385 721 in
2418 674 2647 736 ipsorum
2671 688 2770 723 oa-

1704 748 1971 797 timatione
1997 750 2263 812 praecipua
2288 749 2578 798 habebatur
2609 749 2769 798 ratio.

1700 825 1838 873 Vide
1859 826 2098 875 Perizon.
2120 826 2184 874 ad
2209 826 2407 875 Sanctii
2432 825 2658 874 Minerv.
2676 838 2770 875 ιιι.

1698 906 1748 952 2.
1772 918 1887 967 pag.
1911 908 2027 954 321.
2094 906 2226 955 Quae
2265 918 2347 953 res
2383 912 2435 951 et
2471 916 2673 959 caussa,
2698 901 2768 952 ob

1699 993 1852 1043 quam
1878 981 2063 1045 aliquis
2088 981 2398 1038 oestimatur,
2416 995 2478 1030 ac
2498 980 2767 1037 notabilis,

1700 1062 1753 1104 et
1769 1057 1914 1119 quasi
1932 1057 2138 1118 nobilis,
2157 1057 2399 1118 habetur,
2419 1057 2766 1119 praedicatur·

1701 1147 1820 1196 que,
1843 1132 1893 1181 in
1918 1148 2039 1184 casu
2062 1133 2332 1185 auferendi
2351 1134 2471 1184 addi
2491 1135 2627 1185 solet
2651 1147 2764 1182 ver-

1699 1208 1764 1258 bo
1807 1216 1822 1238 ⁴
1848 1212 2052 1260 censeri
2069 1210 2103 1273 ς’
2157 1227 2206 1261 ν.
2246 1228 2298 1275 g.
2330 1211 2563 1261 Martial.
2602 1223 2646 1260 ι.
2683 1215 2768 1261 62.

1699 1286 2022 1349 ‘Censetur,'
2058 1288 2246 1352 inquit,
2280 1288 2382 1337 i.c.
2417 1286 2588 1350 magni
2623 1286 2768 1336 aesti·

1698 1370 1867 1413 matur
1910 1373 1966 1413 et
2002 1365 2319 1427 celebratur,
2356 1364 2578 1427 ‘Apona
2617 1363 2768 1413 Livio

1698 1454 1789 1489 suo
1832 1441 2026 1490 tellus!
2091 1440 2170 1492 cf.
2212 1443 2348 1492 idem
2386 1454 2515 1490 vm.
2561 1444 2612 1490 ο.
2679 1440 2766 1492 Sic

1694 1516 1940 1566 Juvenal.
1972 1520 2085 1569 Sat.
2110 1532 2233 1569 νιιι.
2257 1522 2306 1567 2.
2340 1519 2356 1546 ‘
2373 1515 2511 1569 Quid
2535 1515 2770 1579 prodest,

1696 1591 1938 1656 Pontice,
1979 1597 2136 1659 longo
2177 1596 2439 1658 Sanguine
2486 1594 2726 1644 censeri?
2749 1592 2764 1613 ’

1698 1668 1767 1717 Et
1786 1684 1861 1720 vs.
1886 1673 1969 1719 74.
1996 1673 2126 1720 ‘Sed
2164 1678 2217 1721 te
2241 1671 2444 1720 censeri
2469 1669 2622 1718 laude
2649 1677 2766 1720 tuo·

1699 1759 1828 1805 rum,
1851 1746 2091 1804 Pontice,
2113 1746 2404 1796 noluerim.'
2475 1747 2543 1795 Et
2566 1744 2598 1796 J
2608 1746 2767 1796 nstin.

1698 1833 1782 1869 tx.
1805 1826 1854 1871 9.
1887 1823 2040 1880 dixit,
2062 1823 2076 1849 ⁴
2096 1823 2336 1886 Scythas,
2363 1823 2554 1872 virtute
2586 1821 2768 1886 animi,

1699 1905 1755 1947 et
1776 1899 1965 1948 duritia
1989 1901 2243 1963 corporis,
2278 1912 2378 1948 non
2415 1899 2602 1961 opibus
2640 1914 2766 1948 cen-

1698 1974 1839 2025 seri.'
1905 1976 2147 2026 Cumulat
2185 1976 2332 2039 liujus
2370 1976 2573 2037 generis
2614 1976 2766 2026 συνύ-

1697 2069 1818 2110 ,vua
1847 2053 2055 2101 Latinus
2084 2053 2329 2114 Pacatus,
2352 2052 2626 2115 aliquando
2651 2053 2766 2103 imi·

1701 2138 1839 2177 tator
1864 2128 2040 2185 Plinii,
2062 2129 2258 2191 Paneg.
2284 2143 2405 2190 cap.
2432 2143 2518 2179 tn.
2546 2136 2559 2157 ⁶
2579 2130 2766 2179 Meva-

1698 2205 1783 2252 nia
1819 2214 2134 2254 memoretur
2169 2212 2433 2265 armento;
2475 2205 2767 2268 Campania

1697 2292 1973 2331 censeatur
2029 2288 2203 2330 moute
2256 2281 2523 2342 Gauriuo;
2593 2282 2766 2344 Lydia

1699 2357 2018 2419 praedicetur
2036 2372 2181 2409 amne
2206 2357 2581 2416 Pactolo,’&c.
2616 2359 2764 2409 Alio·

1696 2434 1840 2497 quin,
1860 2433 1874 2460 ⁴
1896 2432 2150 2490 censere,’
2175 2440 2257 2483 est
2281 2433 2495 2485 verbum
2522 2434 2683 2485 curiae
2707 2441 2766 2486 et

1683 2510 2025 2571 judiciorum,
2065 2511 2150 2559 ubi
2192 2509 2474 2573 significat,
2515 2513 2529 2540 ‘
2550 2518 2764 2562 senten·

1695 2585 1818 2632 tiam
1860 2583 2032 2633 ferre'
2073 2585 2262 2635 deinde
2301 2587 2613 2649 generatim,
2643 2587 2763 2651 ‘ju-

1693 2660 1908 2723 dicare,'
1930 2671 1944 2693 ⁶
1964 2661 2241 2711 arbitrari.'
2261 2664 2412 2714 Idem.

1763 2738 1969 2786 Nomine
1990 2739 2223 2802 appellas]
2240 2739 2660 2789 Blandimentnm
2685 2739 2763 2791 ef-

1694 2811 1828 2862 ficax
1877 2815 2014 2877 apud
2059 2816 2270 2877 milites,
2317 2825 2371 2866 et
2412 2816 2474 2866 iis
2520 2825 2727 2879 gratum
2745 2834 2762 2869 z

1696 2889 1997 2953 imperatori
2049 2891 2295 2941 decorum
2351 2907 2412 2942 ac
2466 2894 2763 2958 gloriosum,

1697 2980 1846 3029 posse
1891 2981 1978 3015 eos
2035 2969 2242 3018 nomine
2299 2970 2633 3032 compellare,
2687 2972 2763 3022 ait

1695 3041 1939 3090 Barthius
1962 3043 2025 3091 ad
2055 3043 2329 3093 Claudian.
2353 3045 2526 3094 Stilic.
2557 3059 2618 3094 ιι.
2644 3051 2761 3097 153.

1695 3119 1709 3143 ⁴
1732 3117 1958 3168 Nomine
1986 3135 2242 3185 quemque
2265 3122 2577 3185 Compellas,
2609 3123 2762 3186 clari,

1694 3194 1789 3243 sub
1815 3202 1867 3244 te
1886 3196 2022 3260 quod
2041 3205 2272 3258 gesserat
2291 3198 2430 3256 olim,
2447 3197 2762 3249 Admonitot·

1693 3267 1863 3319 facti.’
1945 3269 2051 3319 Sed
2098 3278 2152 3321 et
2196 3272 2308 3322 baec
2354 3287 2438 3322 ars
2473 3271 2760 3324 affectandi

1693 3346 1865 3394 studia
1887 3347 2124 3403 militnm,
2161 3362 2351 3413 eosque
2389 3350 2652 3400 excitandi
2690 3351 2759 3401 ad

1693 3436 1799 3471 rem
1846 3422 1977 3472 bene
2021 3425 2323 3486 gerendam,
2371 3426 2478 3491 jain
2538 3428 2760 3478 vetustis

1693 3499 1813 3550 belli
1847 3502 2063 3552 ducibus
2086 3513 2339 3567 usurpata
2360 3514 2456 3557 est.
2523 3508 2607 3557 De
2630 3508 2761 3557 Tar-

1691 3579 1884 3627 chonte
1925 3579 2108 3643 Virgil.
2153 3581 2270 3632 AEn.
2317 3595 2396 3632 xi.
2438 3587 2553 3632 781.
2596 3585 2760 3647 cauit,

1689 3656 1885 3705 ‘Variis
1908 3656 2124 3719 instigat
2147 3658 2358 3707 vocibus
2376 3659 2503 3714 alas.
2531 3660 2575 3709 N
2585 3661 2759 3712 omine

1693 3746 1946 3797 quemque
1971 3733 2200 3783 vocans?
2265 3735 2479 3784 Sallust.
2502 3735 2619 3786 Cat.
2638 3750 2761 3800 cap-

1693 3822 1810 3859 ιιι.
1845 3808 1912 3858 de
1946 3810 2008 3860 C.
2044 3810 2303 3860 Antonio:
2338 3809 2531 3874 ‘Ipse,’
2565 3812 2759 3877 inquit,

1691 3884 1707 3911 ‘
1723 3899 1855 3948 equo
1880 3885 2210 3943 circumiens,
2227 3900 2647 3952 unumquemque
2663 3904 2757 3941 no·

1693 3962 1892 4011 minans
1916 3963 2169 4026 appellat,
2187 3963 2443 4024 bortatur,
2465 3972 2634 4027 rogat.
2658 3999 2675 4017 .
2700 4002 2714 4017 .
2740 3999 2757 4018 .

1692 4040 1868 4090 Homo
1891 4039 2152 4096 militaris,
2185 4039 2321 4105 qnod
2347 4041 2569 4103 amplius
2592 4057 2758 4097 annos

1694 4116 1913 4180 triginta
1935 4116 2190 4172 tribunus,
2213 4123 2303 4167 aut
2341 4115 2641 4182 prefectus,
2662 4129 2759 4173 ant

1691 4192 1915 4256 legatus,
1945 4199 2035 4242 aut
2063 4200 2274 4255 proetor,
2295 4207 2410 4242 cnm
2434 4209 2622 4257 magna
2644 4198 2757 4260 glo·

1694 4269 1768 4318 ria
1787 4266 1979 4328 fuerat,
2004 4268 2305 4335 plerumque
2330 4269 2483 4334 ipsos,
2508 4269 2755 4339 factaque
