3060 4902
802 342 865 389 c.
914 339 1157 389 Ρωιιιι
1207 339 1543 388 saeuum
1595 341 1869 391 nnec.
1947 342 1996 389 ι.
2028 325 2137 390 92.

366 498 426 534 v,
450 497 568 547 cap.
604 487 684 535 11.
704 482 720 511 ‘
742 483 900 533 Nonii
924 483 1094 543 ambo,
1118 483 1251 532 alter
1273 481 1324 531 in
1360 483 1432 532 al·

365 568 538 610 terum
560 574 793 609 caussam
815 557 1130 610 conferunt.'
1199 559 1338 609 Plin.
1367 559 1435 608 E-

363 637 490 701 pist.
513 650 550 685 1.
576 642 625 685 5.
647 638 662 663 ‘
679 638 809 686 Cum
833 638 966 687 alter
992 635 1055 685 ad
1081 638 1297 686 alterum
1323 644 1434 684 ten·

365 711 647 762 der-emus!
712 712 860 761 Idem
900 713 1069 775 Epist.
1092 726 1173 763 vr.
1199 718 1248 761 6.
1267 719 1279 739 ¹
1302 711 1433 761 Mihi

367 787 706 851 peracerbum
753 786 873 850 fuit,
920 788 1056 851 quod
1094 789 1226 836 alter
1262 788 1435 849 alteri,

364 865 492 930 quid
518 874 785 928 pararent,
805 874 927 914 sunt
949 864 1200 914 indicati.’
1224 867 1375 915 Idem.

435 941 731 1004 Accipimus]
744 942 1025 1006 Accepimus
1038 943 1102 991 V.
1118 942 1281 992 Livia.
1302 943 1432 993 Rec-

366 1026 441 1068 te.
468 1019 706 1068 nater-⁸12.

434 1096 536 1145 Sed
558 1096 749 1158 iterum,
772 1102 818 1145 et
850 1097 1067 1160 pariter]
1094 1097 1297 1156 Iterum,
1320 1098 1355 1146 ἰ.
1386 1113 1432 1149 e.

368 1173 449 1221 bis
472 1174 714 1223 consules
754 1189 929 1223 sumus
955 1191 970 1233 ς
1000 1182 1046 1223 et
1080 1175 1285 1237 pariter,
1317 1176 1348 1225 i·
1385 1190 1434 1225 e.

369 1251 524 1299 simul
581 1251 798 1313 collegae
855 1266 1048 1300 sumus.
1135 1253 1432 1315 Cliristoplt.

367 1327 593 1376 Bebrins
641 1328 866 1389 potavit,
911 1342 1005 1391 pro
1044 1329 1299 1391 particula
1333 1330 1437 1392 sed,

368 1402 759 1451 rescribendum
780 1416 891 1451 esse
905 1409 952 1452 et
966 1419 987 1461 ,-
1022 1419 1120 1452 non
1135 1412 1279 1453 certe
1299 1419 1431 1468 prae·

365 1486 452 1527 ter
475 1478 764 1539 rationi-nu
798 1493 972 1528 verum
996 1481 1164 1528 nullus
1186 1479 1317 1529 liber
1342 1480 1433 1530 ali·

369 1557 457 1607 eni
480 1556 795 1606 innovationi
814 1557 1154 1605 lenocinatur.
1188 1556 1433 1606 Schmun.

437 1633 575 1682 Cae.
599 1646 737 1684 xcix.
784 1633 1041 1692 Profecti·
1063 1632 1263 1696 oemrio]
1288 1635 1435 1683 Diei·

367 1716 454 1758 tnr
474 1706 774 1770 ‘praet‘ectns
792 1709 999 1771 erari&
1022 1719 1077 1758 ut
1099 1710 1194 1759 boc
1212 1711 1357 1770 loco;
1378 1717 1433 1760 et

369 1793 385 1813 ·
407 1782 687 1845 prefectus
710 1783 916 1846 aerarii‚'
942 1793 995 1833 nt
1019 1786 1118 1848 Ep.
1142 1799 1225 1835 ιιι.
1245 1790 1295 1834 4.
1313 1791 1362 1835 2.
1379 1794 1434 1836 et

370 1863 471 1924 Ep.
507 1875 587 1911 tx.
611 1866 685 1911 13.
704 1866 780 1911 1¹.
806 1862 1233 1926 quemadmodum
1260 1872 1313 1912 et
1338 1863 1434 1913 lioc

369 1940 486 1988 loco
521 1939 677 1988 babet
707 1938 872 1987 codex
895 1938 1198 2001 patavinus,
1220 1946 1273 1987 et
1305 1941 1436 1988 liber

370 2014 545 2065 vossii
570 2015 827 2074 Proesectr's
850 2017 1032 2065 ‹erar-ii.
1072 2016 1324 2065 AErarium
1347 2016 1436 2066 Sa·

375 2092 511 2141 turni
548 2093 598 2141 in
618 2090 732 2139 foro
758 2100 868 2141 erat
894 2093 1067 2142 Romae
1094 2109 1109 2153 ;
1146 2094 1279 2140 unde
1297 2093 1435 2142 Plin.

373 2168 473 2231 Ep.
500 2182 556 2216 x.
574 2172 657 2217 20.
679 2172 725 2216 l.
743 2168 834 2217 ‘Ut
857 2170 1075 2231 primum
1092 2184 1191 2232 me,
1206 2169 1432 2232 domine,

369 2244 694 2308 indulgentia
719 2255 893 2293 vestra
921 2244 1175 2307 promovit
1200 2244 1264 2292 ad
1300 2258 1432 2307 prae·

371 2319 629 2369 secturam
656 2321 823 2369 oerarii
848 2318 1097 2370 Saturni.'
1156 2320 1360 2369 Etenim
1382 2321 1432 2369 in

373 2397 572 2461 templo
608 2397 821 2447 Saturni
861 2412 962 2447 non
1008 2398 1169 2446 solum
1215 2398 1433 2461 pecnnia

371 2475 601 2539 publica,
646 2475 736 2524 sed
781 2476 936 2524 etiam
974 2476 1165 2524 tabulae
1209 2476 1433 2537 publicas

371 2560 586 2602 senatus
630 2551 1000 2608 consultorum,
1043 2559 1095 2600 et
1138 2552 1239 2599 alia
1274 2551 1436 2599 moui·

368 2637 567 2690 menta,
587 2631 710 2679 item
735 2635 788 2677 et
812 2630 961 2692 signa
984 2630 1246 2690 militaria,
1271 2643 1438 2677 asser-

371 2706 661 2766 vabantur3
698 2714 980 2769 propterea
1025 2705 1180 2769 quod,
1216 2718 1436 2765 regnan-

369 2793 424 2832 te
449 2783 693 2845 Saturno,
714 2782 843 2831 tides
866 2782 1143 2843 etjustitia
1170 2781 1435 2845 praecipue

371 2858 608 2908 floruisse
634 2857 1020 2921 perhibebatur,
1045 2857 1282 2907 tradente
1314 2857 1438 2905 Plu·

371 2936 554 2985 tarcho
577 2937 777 2987 Quaest.
800 2934 950 2983 Rom.
969 2950 1019 2984 n.
1042 2939 1124 2984 41.
1158 2935 1220 2984 In
1244 2936 1437 2997 repub·

371 3014 474 3063 lica
531 3011 699 3062 libera
751 3017 1037 3075 quaestores
1082 3009 1266 3059 urbani
1320 3010 1439 3060 lruic

368 3089 572 3138 muneri
606 3084 929 3150 prefuerunt
948 3102 963 3146 3
994 3100 1022 3134 a
1046 3086 1232 3150 quibus
1266 3094 1438 3136 autem

372 3166 470 3215 sub
504 3164 907 3227 imperatoribus
936 3178 1061 3213 cura
1097 3164 1243 3226 liujus
1268 3164 1437 3213 aerarii

374 3240 730 3290 administrata
754 3237 932 3294 fuerit,
958 3238 1189 3288 breviter
1220 3240 1439 3302 exponit

369 3316 540 3367 Tacit.
577 3314 764 3364 Annal.
802 3327 935 3363 xrtr.
968 3318 1049 3362 29.
1083 3316 1098 3341 ‘
1122 3314 1254 3364 Dein
1297 3317 1438 3378 prin·

370 3406 499 3455 ceps
521 3389 725 3457 (Nero)
747 3404 918 3439 curam
947 3389 1235 3439 tabularum
1272 3391 1436 3454 publi·

372 3484 546 3519 carum
584 3483 614 3517 a
653 3465 997 3532 quaestoribus
1044 3465 1108 3514 ad
1157 3466 1435 3530 profectos

371 3545 658 3597 transtulit.
726 3543 885 3591 Varie
908 3541 1084 3591 habita
1106 3558 1166 3593 ac
1179 3558 1320 3607 saepe
1344 3547 1435 3593 im·

368 3629 574 3673 mutata
618 3621 733 3684 ejus
772 3618 933 3667 forma
956 3634 971 3679 ;
1016 3633 1133 3667 nam
1172 3618 1436 3679 Augustus

370 3697 605 3763 permisit
630 3696 834 3744 senatui
867 3695 1095 3757 deligere
1123 3695 1399 3758 prefectos
1424 3713 1439 3758 ;

369 3775 583 3835 deinde,
605 3773 802 3823 ambitu
837 3770 1198 3835 suffragiorum
1223 3788 1435 3837 suspec-

371 3858 448 3912 to,
469 3858 611 3899 sorte
628 3848 955 3898 ducebantur·
976 3864 1040 3897 ex
1064 3863 1279 3899 numero
1304 3866 1435 3911 μιαι-

375 3939 547 3979 torum
587 3926 673 3990 qui
703 3933 1022 3988 praeessent3
1056 3941 1226 3991 neque
1260 3927 1310 3976 id
1344 3928 1433 3976 diu

369 4004 582 4059 mansit,
602 4004 720 4068 quia
742 4016 852 4051 sors
869 4002 1143 4052 deerrabat
1165 4003 1229 4053 ad
1256 4019 1433 4067 parurn

371 4084 607 4133 idoneos.
667 4080 823 4128 Tune
868 4079 1112 4128 Claudius
1152 4090 1439 4143 questores

372 4174 578 4211 rursum
603 4156 869 4219 imposuit,
893 4157 1079 4219 iisqne,
1101 4172 1163 4207 ne
1199 4167 1337 4207 metu
1362 4158 1437 4208 of·

370 4238 662 4287 sensionum
684 4233 889 4296 segnius
914 4235 1265 4294 consulerent,
1286 4243 1441 4284 extra

368 4313 609 4366 ordinem
644 4310 865 4361 bonores
889 4310 1139 4375 promisit.
1207 4312 1311 4363 Sed
1344 4312 1432 4362 de-

2401 323 2574 390 1077

1511 491 1625 533 erat
1659 484 1814 534 robur
1851 482 2024 533 oetstia
2055 497 2171 533 enm
2210 480 2431 546 primum
2465 496 2573 532 ma·

1510 560 1779 623 gistratum
1805 559 2212 622 capessentibus.
2280 559 2448 621 Igitur
2465 560 2574 610 Ne-

1510 648 1569 685 ro
1594 645 1826 699 praetura
1844 635 2139 696 defunctos,
2169 643 2220 685 et
2245 636 2575 699 experientia

1510 713 1778 776 probatos,
1802 711 2036 776 delegit!
2077 712 2205 762 Haec
2222 712 2386 762 forma
2407 713 2576 766 adhue

1509 789 1606 839 sub
1631 791 1804 840 Nerva
1827 799 1882 840 et
1905 790 2134 853 'l‘rajano
2151 789 2397 853 obtinuit,
2426 790 2501 840 ita
2517 800 2574 841 ut

1508 868 1562 917 bi
1586 869 1822 932 praefecti
1859 876 1975 932 post
2016 867 2385 932 praefecturam
2428 868 2574 918 brevi

1508 945 1835 993 consulatum
1865 944 2079 1007 adipisci
2105 945 2351 994 solerent.
2418 944 2574 995 Unde

1508 1018 1650 1069 Plin.
1675 1019 1845 1082 Epist.
1867 1032 2000 1069 xtu.
2027 1024 2106 1069 11.
2126 1020 2141 1047 ⁸
2164 1020 2399 1070 Lacessis
2415 1021 2576 1071 homi·

1508 1111 1625 1145 nem
1642 1098 1749 1160 jam
1782 1097 2087 1158 pra-fectum
2126 1099 2313 1160 aerarii,
2336 1105 2391 1148 et
2427 1099 2576 1149 brevi

1505 1172 1804 1223 consulem.'
1869 1175 1956 1223 Sic
1978 1182 2030 1223 et
2054 1175 2148 1238 ipsi
2176 1175 2348 1225 Plinio
2366 1190 2426 1224 ac
2445 1175 2574 1225 Cor-

1508 1260 1654 1306 nuto,
1679 1264 1792 1298 cum
1817 1249 2043 1299 nondum
2071 1251 2331 1300 biennium
2358 1250 2577 1314 praefec-

1509 1333 1640 1375 turae
1660 1326 1827 1374 aerarii
1844 1326 2264 1389 complevissent,
2280 1329 2576 1377 consulatus

1508 1418 1540 1451 a
1577 1402 1802 1466 Trajano
1843 1404 2044 1453 oblatus
2083 1412 2181 1453 est.
2246 1404 2407 1454 Istam
2452 1420 2578 1455 vero

1509 1480 1682 1528 Taciti
1717 1480 2060 1530 narrationem
2098 1482 2323 1531 illustrat
2349 1482 2576 1545 Lipsius,

1510 1555 1563 1604 in
1599 1555 1834 1605 Excursn
1861 1556 1928 1605 Β.
1953 1556 2017 1604 ad
2041 1556 2211 1606 Tacit.
2236 1554 2422 1606 Annal.
2446 1571 2576 1608 xnr.

1510 1631 1736 1680 illustrat
1779 1641 1835 1680 et
1873 1632 2203 1694 Vertranius,
2247 1633 2311 1681 ad
2358 1634 2575 1683 citatum

1509 1706 1682 1755 Taciti
1723 1709 1909 1771 locum,
1939 1709 1991 1757 in
2028 1709 2254 1759 editione
2278 1709 2575 1760 Groeviana.

1510 1784 1778 1840 Ceterum,
1805 1800 1920 1833 cum
1956 1786 2276 1835 Octavianus
2309 1785 2575 1850 Augustus

1510 1860 1665 1909 etiarn
1692 1861 1949 1923 peculiare
1970 1862 2210 1910 serarium
2230 1862 2451 1912 militare
2470 1865 2574 1926 pri·

1511 1951 1622 1985 mus
1649 1937 1948 1998 instituerit,
1979 1946 2033 1988 et
2060 1939 2312 2000 praetoriis
2338 1941 2460 1989 viris
2484 1942 2576 1991 tri-

1513 2013 1609 2060 bus
1632 2022 1770 2063 sorte
1797 2016 1946 2063 lectis
1971 2014 2035 2063 ad
2063 2016 2337 2064 triennium
2368 2017 2575 2066 manda·

1509 2090 1596 2149 rit,
1622 2089 1843 2138 testibus
1870 2092 2038 2139 Dione
2064 2091 2153 2138 lib.
2177 2105 2262 2139 ιν.
2282 2100 2335 2139 et
2359 2093 2574 2141 Sueton.

1507 2164 1646 2227 Aug.
1669 2171 1812 2215 cato.
1836 2166 1923 2217 Jo.
1948 2167 2178 2214 Masson.
2205 2167 2254 2213 in
2279 2167 2401 2216 Vita
2422 2169 2575 2216 Plinii

1506 2230 1757 2303 Junio'ris,
1780 2242 1845 2291 ad
1868 2241 1934 2291 A.
1959 2243 2020 2291 C.
2040 2246 2122 2289 98.
2161 2245 2452 2305 annotavit,
2473 2260 2574 2292 non

1508 2318 1725 2382 liquere,
1769 2333 1951 2367 eamne
1999 2316 2361 2380 proefecturam
2405 2325 2578 2370 aerarii

1510 2396 1768 2458 militaris,
1807 2396 1947 2443 hisce
1981 2395 2192 2458 Trajaui
2239 2399 2580 2461 temporibus,

1510 2471 1575 2519 ab
1631 2473 1720 2520 illa
1777 2471 2089 2535 praefectura
2139 2474 2311 2553 agerii
2364 2474 2574 2525 Saturni

1508 2546 1831 2605 distinctam,
1863 2564 1926 2597 an
1963 2563 2115 2598 unam
2149 2550 2471 2615 eandemque
2496 2550 2578 2601 su·

1511 2623 1647 2685 isse;
1682 2639 1974 2688 quanquam
2005 2626 2101 2674 boc
2128 2628 2454 2675 verisimilius
2485 2643 2577 2677 ex·

1514 2698 1730 2761 istimet,
1754 2715 1820 2748 ex
1839 2700 2004 2749 Tacit.
2028 2701 2219 2752 Annal.
2249 2716 2302 2750 v.
2323 2707 2371 2752 8.
2397 2704 2482 2752 ubi
2509 2704 2576 2755 de

1514 2776 1580 2825 P.
1619 2777 1858 2837 Vitellio,
1904 2780 1918 2806 ‘
1939 2778 2131 2841 Illum‚’
2176 2781 2360 2845 inquit,
2409 2789 2423 2810 ‘
2445 2782 2577 2832 indi·

1513 2868 1601 2903 ces
1646 2854 1951 2917 arguebant,
1997 2856 2222 2905 claustra
2264 2860 2453 2914 aerarii,
2493 2862 2577 2909 cui

1516 2928 1800 2992 praefectus
1833 2937 1961 2985 erat,
1984 2937 2039 2979 et
2062 2932 2334 2980 militarem
2367 2936 2580 2996 pecnni-

1514 3019 1616 3066 am,
1639 3005 1789 3055 rebus
1814 3006 1959 3054 novis
1984 3007 2260 3057 attulisse!
2290 3008 2531 3060 Schmun.

1582 3081 1841 3141 Pru-sectis
1879 3083 2074 3145 erario]
2127 3082 2172 3131 Ii
2219 3094 2365 3133 erant
2409 3087 2575 3148 primo

1514 3166 1822 3224 quaestores,
1840 3158 2030 3207 deinde
2050 3159 2245 3219 aediles,
2263 3161 2419 3209 tertio
2441 3176 2577 3223 prte-

1517 3245 1677 3296 tores,
1712 3236 1886 3299 (Suet.
1922 3235 2059 3296 Aug.
2104 3250 2150 3284 c.
2183 3239 2264 3284 ³6.
2303 3237 2488 3284 Claud.
2528 3254 2574 3289 c.

1512 3313 1622 3377 24.)
1651 3313 1879 3376 denique
1906 3311 2164 3374 praefecti,
2189 3313 2296 3361 sive
2324 3316 2579 3378 pretorii,

1510 3392 1561 3440 h.
1586 3406 1631 3440 e.
1669 3398 1899 3454 praetnra
1937 3387 2123 3448 functi,
2161 3402 2258 3436 non
2304 3399 2578 3453 praetores,

1511 3469 1647 3534 iique
1674 3467 1928 3516 biennium
1954 3479 2018 3514 ex
2042 3468 2312 3516 sanctione
2338 3468 2575 3519 Neronis.

1510 3545 1595 3595 Id.
1633 3543 1771 3593 Plin.
1809 3542 1873 3592 de
1911 3557 1967 3590 se
2002 3550 2055 3590 et
2089 3543 2345 3601 Tertullo,
2395 3548 2576 3596 ‘Non-

1510 3622 1630 3670 dum
1656 3619 1951 3676 bienninm,'
1971 3623 2071 3669 ἃς.
2105 3622 2256 3671 Bern.

1577 3697 1798 3759 Dedisti]
1834 3698 1974 3760 Ergo
1996 3697 2203 3747 videtur
2225 3714 2378 3747 unum
2413 3700 2576 3749 idem.

1511 3788 1632 3839 que,
1655 3774 1860 3837 quando
1884 3774 2024 3822 Plin.
2057 3788 2173 3823 xct.
2213 3780 2259 3824 l.
2295 3775 2447 3837 dixit,
2483 3784 2496 3804 ‘
2520 3787 2572 3827 tu

1512 3850 1657 3899 nobis
1670 3852 1990 3899 consulatum
2012 3850 2245 3898 obtulisti
2262 3849 2292 3910 ς’
2318 3858 2371 3898 et
2389 3852 2484 3900 boc
2504 3854 2575 3901 lo-

1509 3944 1594 3989 co,
1613 3930 1626 3954 ‘
1644 3928 1789 3977 nobis
1802 3928 2122 3976 consulatum
2140 3933 2281 3987 ante,
2299 3942 2449 3988 quam
2462 3943 2572 3978 suc·

1510 4017 1768 4054 cessorem
1793 4002 1871 4065 (in
1898 3999 2209 4065 praefectura
2233 4002 2452 4065 erarii.)
2484 4004 2574 4054 de.

1510 4083 1672 4133 disti!
1697 4084 1801 4131 Pro
1817 4096 1943 4130 voce
1957 4082 2454 4137 successor-cmmoda
2474 4084 2574 4133 Pa-

1514 4159 1718 4211 tavinns
1741 4156 1895 4205 habet
1912 4156 2260 4204 successionem.
2307 4160 2575 4210 Qnaeritur

1516 4251 1659 4296 vero,
1697 4248 1799 4298 quo
1845 4241 2079 4295 tempore
2109 4232 2364 4295 Trajanus
2401 4237 2574 4288 Plinio

1517 4313 1852 4376 Cornutoqne
1864 4308 2071 4359 dederit
2082 4310 2402 4365 consulatum
2415 4313 2434 4361 ἓ
2448 4314 2573 4365 Cre·
