3060 4902
718 362 783 409 C.
836 361 1077 409 PmNu
1129 359 1459 410 SECUNDI
1512 363 1788 412 PANEG.
1865 366 1910 411 1.

294 504 351 553 Iu
390 501 661 553 codicibus
700 503 837 553 Mss.
879 504 1005 553 mire
1048 504 1347 556 hallucinati

291 588 400 628 snut
418 579 637 629 librarii.
706 580 770 630 In
795 581 1062 630 vaticanis
1077 582 1231 639 enim,
1251 583 1344 632 Sa·

290 655 606 718 linburgensl,
627 663 682 705 et
697 656 1009 719 Guelphico‚
1023 657 1215 718 legitur
1231 673 1344 722 pro·

292 731 432 790 bito-,-
464 732 516 780 in
555 732 839 782 parisiensi
866 733 1102 796 probitur,
1139 733 1224 781 nbi
1267 743 1345 783 ta-

291 821 397 856 men
422 810 642 873 vestigia
664 808 897 874 quaedsm
924 810 1171 872 temporis
1202 808 1343 859 sutu-

294 885 332 933 ri
379 885 656 947 probabitur
693 886 1119 948 animadvertam
1170 888 1220 936 in
1257 902 1342 937 co·

293 960 399 1010 dice
425 963 629 1012 Veneto
658 970 714 1013 et
750 978 886 1024 meo,
909 953 1172 1027 probetur-'3
1208 965 1258 1013 in
1284 965 1342 1012 li-

292 1038 376 1088 bro
393 1040 645 1090 Vossisno
664 1041 912 1104 probatur,
930 1049 985 1089 et
1018 1041 1082 1089 al.
1100 1041 1340 1105 probetur.

295 1115 450 1167 Idem.

366 1195 661 1245 Probabitur
698 1194 1042 1259 experimento]
1097 1195 1341 1243 Probatur

294 1274 599 1333 minente
637 1273 806 1323 Lirin.
834 1273 924 1322 sed
960 1273 1239 1336 probabitur
1280 1271 1340 1320 C.

286 1347 484 1410 probiter
507 1350 571 1398 V.
598 1349 739 1400 forte
764 1349 1006 1414 probetur.
1045 1349 1209 1398 Livin-

352 1425 619 1489 Cogntur]
639 1427 655 1453 ‘
673 1426 908 1476 Tiberius
927 1427 1022 1475 Cn.
1050 1426 1343 1480 Lentulum,

291 1501 370 1548 eui
403 1516 587 1551 census
636 1510 752 1551 erst
793 1504 1069 1566 maximus,
1107 1510 1250 1551 metu
1288 1508 1344 1552 et

287 1577 524 1642 languore
562 1579 632 1628 ad
673 1577 936 1629 festidium
974 1581 1099 1630 vitae
1136 1580 1343 1642 egit,ut

292 1669 351 1704 ne
370 1670 489 1720 qno,
510 1657 618 1705 nisi
641 1656 755 1719 ipso
776 1656 988 1716 herede,
1023 1652 1345 1705 moreretur!

290 1731 521 1781 Vitellius
550 1735 568 1760 ⁸
593 1732 823 1796 equitem
847 1732 995 1780 Rom.
1023 1732 1345 1794 proclaman-

291 1815 406 1866 tem,
427 1824 544 1858 cum
573 1815 855 1872 raperetur
886 1807 949 1856 ad
988 1822 1210 1872 paenam,
1235 1807 1342 1857 He·

290 1900 367 1935 res
386 1900 523 1936 mens
546 1883 648 1949 es,’
681 1885 923 1934 exhibere
944 1885 1243 1935 testamenti
1267 1894 1345 1935 ta-

288 1963 423 2012 bulas
444 1963 660 2028 coegit:
684 1973 847 2026 utque
868 1962 1015 2025 legit,
1035 1961 1343 2012 coheredem

288 2038 376 2088 sibi
398 2040 650 2090 libertum
672 2040 788 2101 ejus
823 2038 1166 2101 adscriptum,
1187 2038 1343 2103 jugu-

287 2115 375 2165 lari
397 2130 511 2166 cnm
537 2117 732 2166 liberto
756 2116 1047 2177 imperavit.
1084 2116 1235 2167 Rern.

345 2195 493 2244 Pater
527 2194 664 2257 tm]
700 2194 900 2254 Nerva,
938 2193 953 2219 ⁸
977 2193 1064 2256 qui
1103 2198 1158 2242 et
1205 2192 1345 2242 hona

288 2272 446 2320 omnin
476 2286 597 2336 qnae
635 2269 903 2325 extabunt,
934 2278 986 2318 et
1016 2269 1344 2318 Domitianus

286 2347 452 2412 inique
475 2347 791 2402 abstulerat,
821 2345 1040 2395 dominis
1073 2344 1340 2406 reddidit;

266 2431 340 2473 .et
360 2423 496 2487 plebi
520 2425 773 2473 Romsnae
794 2436 943 2486 agros
980 2421 1105 2471 emit
1130 2435 1190 2472 ac
1213 2421 1345 2471 divi-

287 2501 384 2550 sit.’
432 2502 553 2551 Dio.
597 2502 816 2550 Psctum
854 2500 1085 2564 ejusdem
1126 2500 1342 2549 liberale

287 2587 338 2627 et
384 2576 724 2628 memorabile
762 2578 811 2625 in
842 2577 1043 2625 Zonars
1075 2581 1130 2625 et
1169 2576 1344 2624 Philo·

285 2662 442 2704 strato
457 2654 738 2717 scriptum.
760 2653 1087 2716 Reppererat
1102 2650 1344 2701 Herodes

283 2730 509 2787 Atticus,
555 2730 815 2793 Sophiste
856 2737 1024 2794 pater,
1059 2727 1197 2777 domi
1236 2743 1343 2778 suae

286 2808 549 2871 ingentem
573 2808 886 2856 thesaurum.
936 2805 1231 2854 calumnias
1256 2819 1344 2854 ve-

289 2883 433 2948 ritus,
461 2883 532 2933 sd
566 2884 854 2948 principem
882 2882 1090 2944 scripsit
1126 2889 1176 2930 et
1208 2881 1343 2931 indi·

284 2963 435 3012 ervit.
493 2964 596 3012 Ille
620 2963 908 3027 rescripsit,
947 2961 1187 3013 ‘Utere.’
1236 2960 1340 3011 Sed

284 3038 491 3091 Atticus
516 3054 616 3091 nec
636 3041 712 3090 sic
729 3055 957 3103 securus,
972 3041 1160 3090 iterum
1177 3040 1341 3103 scrip-

282 3119 367 3181 sit,
399 3119 511 3170 ‘At
548 3119 683 3168 enim
717 3119 989 3168 thesaurus
1021 3119 1211 3183 privati
1252 3120 1343 3168 ho-

283 3195 430 3245 minis
459 3195 813 3245 conditionem
850 3195 1094 3259 superat!
1168 3197 1345 3245 Nerva

281 3272 465 3322 iterum
484 3274 730 3336 animose,
753 3273 910 3336 ‘Ergo
930 3269 1186 3322 abutere.'
1210 3272 1344 3334 Lips.

333 3350 521 3415 Multa]
536 3349 758 3399 Consule
774 3351 994 3400 Dionem
1012 3349 1346 3408 scribentem,

282 3425 414 3475 bons
437 3426 629 3482 omnis,
660 3440 775 3489 quae
803 3426 1128 3476 Domitianus
1159 3438 1345 3487 rapue-

281 3511 375 3560 rat,
397 3504 645 3555 restituta
666 3503 827 3553 fnisse
844 3503 1064 3553 dominis
1087 3503 1343 3567 prioribus

281 3593 308 3628 s
333 3581 514 3630 Nerva
545 3580 877 3642 imperatore,
916 3588 1065 3645 patre
1095 3580 1347 3644 adoptivo

282 3655 514 3720 Trajnni.
550 3657 773 3706 Pataroz.

350 3734 563 3784 Cesserit
594 3749 761 3798 porum
791 3733 988 3796 gruem]
1018 3733 1082 3783 In
1107 3733 1343 3783 omnibus

280 3810 423 3861 libris
462 3814 578 3861 hec
615 3811 713 3861 sibi
747 3818 954 3861 constat
988 3812 1167 3865 lectio.
1198 3812 1343 3875 cujus

283 3902 409 3939 vero
431 3891 697 3941 sententis
733 3889 969 3940 Livineio
1003 3890 1109 3939 viss
1131 3891 1231 3942 fuit
1254 3892 1343 3941 ob-

281 3968 506 4030 scurior-3
540 3982 693 4033 qnam
719 3981 845 4031 ergo
881 3969 953 4017 its
985 3969 1342 4031 corrigendam

287 4046 505 4101 censuit.
531 4045 774 4094 Cesset-int
799 4045 1005 4109 [mults,
1024 4060 1138 4109 quae
1175 4054 1227 4094 tu
1255 4060 1344 4107 pa-

286 4129 465 4185 terque
505 4121 783 4184 donasti-,J
822 4135 992 4183 purum
1016 4122 1211 4181 gratim
1247 4138 1346 4170 mu-

287 4203 400 4246 tent
437 4205 594 4248 tumen
622 4199 665 4248 ii
698 4198 782 4261 qui
814 4197 948 4246 bonis
980 4198 1075 4246 tuis
1095 4198 1346 4259 fruuntur.

285 4274 360 4323 At
385 4276 457 4327 sic
476 4277 634 4327 etism
657 4290 755 4341 pro
776 4274 897 4338 eius,
913 4282 1096 4327 contra
1120 4277 1345 4328 omnium

1424 506 1670 556 librorum
1708 507 2070 558 mictoritatem
2107 506 2335 571 reposuit
2373 511 2488 560 tuis.

1424 583 1653 646 Lipsius,
1676 599 1774 647 pro
1795 585 2004 646 cesserit,
2029 584 2303 647 legendum
2333 594 2484 648 puta·

1424 660 1498 708 vit
1521 661 1736 724 ceperit,-
1771 661 1869 709 nisi
1903 669 2074 710 tamen
2098 661 2212 723 quis
2238 663 2366 709 velit
2388 677 2487 712 ces·

1420 739 1553 794 serit,
1581 752 1673 801 pro
1696 740 1965 794 decesserit,
1989 739 2244 800 accipere.
2307 740 2485 804 Suspi-

1421 814 1579 862 csbsr
1615 814 1857 877 primum,
1891 829 2010 863 num
2042 815 2239 865 cesserit
2273 830 2486 878 genera·

1422 891 1513 938 tim
1563 905 1656 953 pro
1691 898 1706 921 ‘
1730 890 1996 953 evaserit,’
2042 890 2354 948 ‘evenerit‚'
2401 894 2482 941 vel

1422 966 1653 1017 ‘fuerit’
1705 970 1950 1032 positum,
1991 975 2045 1019 et
2093 968 2242 1032 quasi
2284 968 2484 1018 dictum

1419 1042 1503 1106 sit,
1557 1044 1670 1093 Etsi
1717 1044 1901 1108 aliquis
1960 1058 2157 1099 eorum,
2205 1043 2388 1108 quibus
2425 1051 2482 1092 tu

1419 1127 1674 1183 paterque
1714 1127 1832 1169 tnus
1873 1120 2036 1169 multa
2070 1119 2322 1182 donastis,
2363 1134 2490 1168 eva-

1420 1196 1546 1245 serit
1568 1196 1815 1258 ingratus,
1850 1199 1951 1247 &c.
2023 1196 2116 1246 Uti
2152 1196 2289 1246 Plin.
2332 1208 2483 1247 κων.

1419 1277 1467 1320 8.
1504 1273 1598 1333 ait,
1653 1276 1666 1300 ‘
1695 1280 1848 1335 prout
1900 1280 2050 1337 turpe
2110 1274 2486 1339 honestumque

1421 1349 1554 1397 bene
1577 1363 1637 1397 sc
1661 1364 1807 1397 secus
1834 1351 1988 1399 cessit
2006 1350 2035 1410 ;'
2070 1350 2161 1398 sed
2182 1350 2387 1399 videtur
2405 1358 2482 1400 ta-

1417 1440 1536 1474 men
1570 1425 1767 1474 Plinius
1800 1425 1883 1474 hic
1915 1425 1980 1474 de
2007 1426 2241 1487 pleniore
2265 1426 2405 1475 abitu
2432 1435 2486 1475 et

1419 1503 1638 1552 decessu
1668 1502 1839 1567 loqui3
1876 1501 1996 1565 quia
2016 1502 2252 1565 sequitur
2273 1508 2486 1562 manent,

1418 1581 1451 1632 i.
1476 1595 1522 1628 e.
1575 1587 1853 1643 supersunt
1902 1578 2137 1643 salvique
2187 1586 2417 1640 manent,
2446 1578 2487 1626 ii

1418 1658 1499 1721 qui
1534 1657 1666 1706 bonis
1699 1657 1818 1721 qius,
1852 1670 2040 1719 nempe
2073 1654 2311 1705 defuncti
2335 1662 2386 1704 et
2409 1655 2485 1703 in·

1420 1735 1553 1797 grati
1579 1734 1815 1795 hominis,
1849 1747 1913 1781 ex
1949 1731 2182 1781 bonitate
2215 1730 2487 1794 principis,

1406 1810 1665 1870 fruuntur.
1730 1809 1958 1858 Verbum
1987 1808 2145 1871 igitur
2177 1808 2389 1864 cesserit,
2424 1816 2486 1857 nt

1418 1886 1552 1936 bene
1573 1887 1622 1936 in
1641 1897 1866 1936 mentem
1889 1888 2026 1936 venit
2046 1886 2339 1951 Lipsio,per
2360 1887 2375 1915 ‘
2394 1887 2485 1937 de-

1421 1964 1671 2014 cesserit'
1709 1965 1788 2012 vel
1812 1963 1828 1991 ‘
1849 1963 2034 2013 obierit
2056 1962 2070 1984 '
2105 1973 2184 2013 est
2218 1965 2485 2027 explican-

1420 2041 1560 2090 dum.
1628 2042 1715 2092 Sic
1741 2041 1859 2089 boni
1886 2046 2125 2089 auctores
2157 2041 2348 2103 lingnae
2386 2043 2484 2089 La·

1419 2118 1544 2168 tinae
1585 2116 1885 2183 frequenter
1918 2116 2122 2180 quidem
2148 2129 2243 2177 pro
2283 2116 2482 2172 ‘mori,'

1420 2196 1605 2245 dicunt
1645 2194 1937 2243 ‘decedere
1978 2191 2124 2247 vits,’
2171 2199 2259 2239 aut
2292 2191 2485 2241 ‘dece-

1420 2272 1546 2322 dere
1570 2271 1636 2320 de
1662 2271 1772 2318 vita
1790 2268 1825 2330 ;'
1860 2270 2019 2317 nihilo
2045 2268 2211 2317 minus
2235 2274 2405 2316 tamen
2430 2277 2485 2316 et

1419 2347 1601 2398 eadem
1658 2348 1870 2395 notione
1942 2344 2250 2407 simpliciter
2302 2343 2486 2392 dicunt

1415 2424 1709 2474 ‘decedere
1728 2421 1761 2484 ς’
1810 2436 1872 2472 ac
1917 2422 2120 2472 Plinius
2160 2420 2389 2485 quidem,
2431 2424 2482 2472 in

1423 2503 1662 2566 epistolis
1686 2502 1808 2557 suis,
1837 2509 2094 2564 perpetuo
2116 2501 2213 2549 hoc
2237 2500 2346 2549 solo
2373 2514 2486 2548 ver-

1421 2578 1509 2643 bo,
1557 2593 1651 2641 pro
1701 2576 1904 2635 ‘mori,'
1954 2574 2173 2640 ‘obire,'
2221 2591 2340 2625 usus
2383 2584 2481 2627 est.

1420 2655 1608 2719 Itaque
1634 2655 1868 2719 quamvis
1893 2654 2005 2703 Cic.
2023 2654 2234 2703 Tuscul.
2257 2668 2295 2702 1.
2327 2658 2405 2704 15.
2431 2654 2483 2702 in

1420 2732 1606 2794 Bruto,
1627 2747 1741 2796 cap.
1777 2736 1823 2780 1.
1863 2740 1915 2780 et
1946 2733 2120 2780 Tacit.
2155 2731 2296 2780 Hist.
2318 2744 2380 2780 η.
2404 2735 2486 2779 65.

1419 2810 1676 2871 similiter,
1712 2824 1807 2872 pro
1842 2808 2041 2864 ‘mori,'
2077 2809 2279 2870 plenius
2302 2806 2484 2856 dicant

1419 2893 1434 2916 ‘
1456 2887 1644 2936 cedere
1669 2887 1810 2945 vits,'
1845 2888 1861 2913 ⁴
1882 2885 2071 2935 cedere
2096 2900 2124 2933 e
2152 2886 2258 2933 vita
2277 2883 2312 2945 ς’
2338 2884 2484 2946 quid-

1420 2964 1472 3013 ni
1499 2970 1673 3013 tamen
1714 2962 1916 3010 Plinius
1939 2961 2099 3009 nihilo
2125 2961 2289 3008 minus
2325 2961 2482 3008 etiam

1419 3040 1729 3102 simpliciter
1759 3040 1774 3065 ⁶
1795 3037 1984 3087 cedere
2010 3036 2022 3056 ’
2069 3051 2215 3101 aeqne
2260 3052 2321 3086 ac
2356 3036 2371 3064 ‘
2397 3036 2486 3085 de·

1421 3115 1613 3168 cedere
1635 3116 1647 3136 '
1685 3132 1778 3179 pro
1802 3116 1949 3171 mori,
1989 3130 2183 3177 ponere
2210 3114 2442 3178 potuerit
2468 3118 2485 3163 ?

1421 3194 1520 3245 Cui
1578 3195 1853 3244 sententiae
1919 3194 2075 3242 etiam
2136 3195 2485 3256 adstipuletur

1422 3270 1757 3320 Arntzenius.
1831 3271 1950 3318 Duo
1990 3270 2199 3321 codices
2240 3272 2486 3321 Vaticani

1421 3348 1617 3397 habent
1642 3352 1832 3396 vnuuent
1860 3346 1952 3395 tibi
1983 3348 2039 3408 ii,
2069 3363 2163 3410 pro
2200 3355 2385 3398 manent
2410 3355 2484 3397 tu-

1420 3440 1525 3474 men
1543 3425 1599 3473 ii.
1633 3425 1886 3474 Scliwsrz.

1512 3503 1723 3550 cesserit
1770 3516 1937 3566 porum
1976 3502 2172 3566 gratus]
2230 3502 2486 3567 Obscura,

1421 3578 1546 3629 mihi
1601 3580 1832 3644 quidem,
1875 3583 2154 3643 sententis,
2198 3588 2253 3630 et
2304 3581 2487 3645 empli-

1422 3672 1501 3721 ns,
1530 3673 1709 3721 parum
1730 3673 1870 3707 sana.
1952 3659 2217 3718 corrigam
2245 3666 2296 3707 et
2323 3673 2486 3720 expo-

1421 3750 1560 3798 nam,
1586 3737 1826 3785 Cesset-int
1849 3736 2050 3786 scilicet
2075 3738 2237 3786 multa
2262 3736 2350 3785 illa
2384 3751 2486 3796 qus

1422 3813 1587 3876 patris
1626 3812 1780 3873 dona,
1828 3828 1924 3876 qua
1971 3819 2058 3861 tna
2100 3828 2269 3876 purum
2309 3812 2486 3875 gratis,

1420 3895 1612 3939 manent
1646 3895 1822 3951 lumen,
1856 3890 1905 3938 id
1942 3898 2040 3946 est,
2063 3899 2359 3952 supersunt,
2395 3889 2487 3936 im-

1424 3982 1561 4030 pune
1592 3965 1762 4015 serunt
1803 3967 1859 4025 ii,
1896 3967 1976 4028 qui
2011 3966 2140 4013 bonis
2183 3967 2278 4013 mis
2308 3966 2484 4025 fruun-

1422 4048 1520 4103 t'ur,
1546 4045 1643 4093 hoc
1670 4051 1769 4104 est,
1796 4042 1992 4106 posteri
2023 4051 2075 4090 et
2101 4041 2336 4095 heredes,
2359 4055 2485 4104 quo-

1425 4135 1535 4169 rum
1577 4120 1896 4182 decessores,
1951 4119 2180 4166 maximis
2228 4133 2253 4166 a
2302 4126 2353 4165 te
2397 4118 2486 4166 bo-

1423 4198 1500 4247 nis
1543 4196 1735 4252 affecti,
1788 4204 1840 4245 te
1896 4196 1947 4243 in
2003 4201 2313 4244 testamento
2357 4211 2485 4258 prm·

1426 4275 1583 4325 terito
1627 4271 1879 4323 defuncti.
1950 4270 2021 4319 At
2067 4285 2168 4320 non
2210 4271 2260 4320 id
2307 4271 2483 4321 itidem
