3060 4902
499 390 631 456 630

503 563 688 613 nuper,
716 547 879 611 pudet
902 560 964 596 ac
999 547 1145 611 piget
1168 544 1346 607 fateri,
1369 546 1567 595 Omnes

504 642 622 676 cum
673 625 809 676 Jove
856 637 1109 687 pauperes
1165 620 1405 672 eramus.'
1473 622 1571 670 Est

503 707 674 767 ipsum
699 703 816 759 boc,
837 701 973 766 quod
1004 700 1171 763 tangit
1191 699 1411 749 Plinius.
1464 698 1568 748 Sed

503 781 670 844 primo
707 780 909 829 scilicet
941 778 993 827 in
1028 777 1163 826 ludis
1195 776 1309 824 hmo
1341 781 1571 837 ostensa,

505 864 614 906 tum
642 856 867 920 denique
891 858 1216 904 consecrata.
1249 851 1384 914 Lips.

569 934 788 996 Desuper
829 931 1028 995 intueri]
1074 930 1119 978 E
1155 926 1566 991 spectaculorum

505 1007 771 1071 gradibus,
803 1021 921 1056 cum
956 1007 992 1056 ii
1027 1020 1121 1071 per
1155 1018 1365 1054 arenam
1410 1003 1568 1053 duce·

504 1091 702 1134 rentur.
736 1083 887 1132 Idem.

569 1159 813 1222 Desuper]
848 1159 928 1208 Ex
947 1156 1093 1206 edito
1130 1156 1318 1206 theatri
1356 1156 1490 1219 loco,
1515 1156 1568 1204 in

504 1251 606 1300 quo
629 1239 693 1284 ad
730 1235 1028 1298 spectacula
1061 1232 1432 1282 assidebamus.
1467 1231 1569 1280 Pa·

505 1316 646 1363 tarel.

569 1389 754 1453 Supina
769 1388 876 1453 ora]
912 1387 1142 1444 Scilicet,
1163 1394 1221 1437 ιιι
1246 1384 1310 1435 ab
1334 1384 1569 1434 omnibus

507 1466 673 1517 videri
708 1473 935 1531 possent,
959 1472 1015 1515 et
1043 1463 1271 1527 agnosci.
1342 1462 1572 1511 Relortas

505 1545 727 1598 ceruices,
756 1558 850 1607 per
882 1543 982 1590 vim
1018 1556 1204 1603 nempe
1233 1540 1283 1588 in
1320 1539 1480 1588 altum
1514 1552 1567 1587 e·

508 1632 702 1684 rectas,
727 1635 842 1671 cum
869 1620 982 1667 illas
1002 1619 1096 1681 ipsi
1124 1631 1234 1680 prae
1258 1614 1454 1678 pudore
1479 1614 1569 1662 de·

506 1698 800 1746 mitterent.
867 1693 1180 1743 Cf.Sueton.
1212 1691 1386 1740 Vitell.
1414 1705 1463 1738 c.
1488 1694 1568 1740 17.

506 1782 558 1825 et
583 1774 751 1823 Tacit.
777 1770 919 1819 Hist.
949 1774 1129 1817 m.85.
1165 1767 1383 1816 Patarol.

573 1849 758 1911 Supina
787 1843 896 1906 ora]
937 1845 1007 1894 Ut
1042 1842 1268 1906 conspici
1306 1841 1370 1890 ab
1406 1841 1566 1891 omni-

507 1925 622 1985 bus,
647 1931 701 1972 et
737 1921 945 1986 agnosci
972 1925 1202 1982 possent.
1265 1919 1352 1968 Sic
1376 1919 1568 1968 milites

506 2011 518 2031 ⁴
547 2001 814 2050 Vitellium
856 2000 1058 2060 erigere
1112 2012 1185 2054 os,
1228 2003 1282 2045 et
1328 1995 1568 2059 praebere

505 2076 832 2127 contumeliis
866 2072 1188 2139 coegerunt?
1231 2082 1290 2122 ut
1336 2073 1569 2122 breviter

503 2154 714 2202 Tacitus
750 2152 997 2201 Hist.m.
1032 2154 1114 2200 85.
1140 2155 1189 2201 7.
1224 2150 1275 2199 in
1313 2149 1494 2199 Vitell.
1523 2164 1570 2199 c.

508 2232 587 2277 1⁷.
611 2237 669 2277 ut
704 2228 984 2279 Suetonius
1020 2227 1161 2291 quasi
1197 2226 1573 2289 interpretans,

504 2307 521 2333 ‘
546 2306 765 2357 reducto
795 2321 943 2357 coma
967 2307 1162 2370 capite,
1195 2319 1292 2354 ceu
1325 2305 1465 2354 noxii
1488 2319 1569 2353 so·

507 2385 635 2440 lent.
681 2392 838 2448 atque
884 2383 1042 2433 etiam
1098 2389 1276 2432 mento
1326 2396 1571 2432 mucrone

506 2461 664 2524 gladii
689 2461 950 2522 subrecto,
974 2470 1031 2510 ut
1067 2459 1332 2509 visendam
1370 2459 1573 2522 praebe·

505 2545 590 2587 ret
631 2536 856 2587 faciem.’
923 2538 1059 2586 Nam
1105 2536 1156 2584 iu
1194 2535 1474 2597 ignominia
1515 2542 1570 2584 et

506 2614 786 2677 supplicio,
820 2621 1005 2661 natura
1045 2626 1101 2660 oa
1139 2612 1418 2674 oculosque
1451 2612 1571 2661 sub·

506 2690 790 2739 mittimus:
827 2688 1095 2750 erigebant
1129 2687 1306 2750 igitur,
1342 2690 1358 2715 ⁴
1383 2687 1571 2736 reduc·

509 2776 563 2816 to
597 2780 743 2816 coma
777 2766 952 2828 capite
982 2765 996 2786 ⁹
1026 2763 1112 2829 (ut
1152 2764 1482 2828 Suetonius),
1513 2764 1568 2813 id

507 2852 607 2906 est,
638 2843 828 2905 capillo
853 2856 1005 2892 manu
1043 2848 1272 2905 arrepto,
1296 2847 1351 2890 et
1375 2848 1570 2890 retror-

503 2935 619 2969 sum
645 2933 761 2969 cum
786 2918 962 2982 capite
984 2926 1171 2969 tracto.
1204 2919 1337 2982 Lips.

558 2997 931 3062 Etfruebamur]
951 2998 1094 3046 Nota
1108 3006 1189 3046 est
1204 2995 1450 3060 loquendi
1469 2994 1571 3045 for-

506 3077 660 3131 mula,
673 3072 799 3124 ‘frui
817 3074 1027 3137 alicujus
1045 3087 1197 3136 poena
1213 3071 1572 3136 etsupplicio,'

508 3156 543 3203 i.
569 3167 615 3202 e.
654 3154 897 3216 gaudere,
935 3152 1203 3206 delectari,
1237 3157 1291 3200 et
1326 3151 1445 3199 inde
1484 3165 1571 3199 vo·

507 3232 763 3293 luptatem
789 3244 1015 3293 capere3
1049 3229 1185 3292 qnod
1217 3229 1393 3291 Nepos
1420 3229 1571 3276 Eum.

507 3320 625 3369 cap.
648 3311 729 3354 11.
760 3306 963 3369 plenius
994 3305 1162 3365 dixit3
1195 3308 1210 3332 ‘
1237 3305 1322 3367 qui
1353 3313 1573 3368 propter

508 3381 680 3430 odium
725 3380 951 3431 fructum
996 3381 1160 3430 oculis
1194 3395 1258 3429 ex
1292 3382 1405 3444 ejus
1445 3395 1571 3430 casu

510 3471 700 3520 capere
725 3456 954 3507 vellent.'
1023 3457 1274 3520 Equidem
1309 3457 1571 3505 inhumani

509 3541 564 3582 et
589 3533 712 3582 soevi
739 3533 892 3582 animi
918 3524 1019 3596 est,
1037 3540 1051 3561 ¹
1069 3533 1315 3596 sanguine
1339 3540 1392 3581 et
1417 3547 1572 3596 poeua

507 3609 862 3657 damnatorum
898 3609 1072 3656 oculos
1105 3606 1358 3670 pascere‚'
1383 3617 1439 3657 ut
1468 3609 1572 3658 Ta·

507 3687 598 3734 cit.
622 3683 757 3732 Ann.
798 3695 1004 3730 xxxtv.
1035 3687 1083 3731 2.
1113 3682 1372 3746 loquitur:
1410 3684 1572 3732 bomi-

509 3761 657 3810 nibus
680 3769 852 3810 tamen
893 3760 1047 3821 laesis,
1069 3760 1157 3824 qui
1181 3768 1428 3822 expertes
1452 3769 1572 3812 sunt

510 3839 818 3888 Christiana:
866 3836 1151 3898 religionis,
1194 3837 1323 3885 nihil
1368 3836 1573 3888 dulcius

508 3921 588 3964 est
642 3914 859 3973 ultione,
904 3912 1030 3960 nibil
1072 3912 1359 3976 jucundius
1415 3929 1571 3978 quam

508 3989 780 4040 vindicari.
847 3987 966 4037 Hoc
1001 3988 1113 4037 loco
1148 3987 1361 4038 verbum
1397 3996 1413 4019 ⁸
1441 3989 1571 4041 frui'

507 4068 836 4131 simpliciter,
878 4072 932 4114 et
974 4065 1086 4114 sine
1122 4065 1302 4115 addito
1347 4069 1572 4133 nomine,

509 4143 691 4194 eadem
728 4152 921 4205 tanuen,
946 4141 1013 4191 de
1047 4155 1147 4207 qna
1174 4142 1304 4205 dixi,
1335 4145 1572 4207 notione,

510 4222 722 4285 ponitur
737 4236 753 4281 3
775 4219 913 4269 baud
929 4232 1099 4274 secus,
1116 4233 1178 4269 ac
1195 4221 1333 4283 apud
1356 4222 1575 4272 Terent.

509 4297 815 4361 simpliciter
833 4294 1061 4361 ponitur,
1085 4294 1282 4348 Heaut.
1301 4311 1362 4349 u.
1380 4302 1429 4349 8.
1458 4303 1573 4351 104.

1206 402 1424 452 No'rAE
1473 401 1881 453 VARtoth
1933 401 2014 450 m

1648 551 1789 594 ὀιι.
1825 544 1964 596 Quid
2011 557 2109 609 ago
2155 545 2325 593 nunc?
2391 556 2475 592 cr..
2523 544 2707 593 Tune?

1647 622 1784 686 quod
1811 622 2000 671 bonum
2026 628 2124 672 est.
2189 635 2298 671 cu.
2321 621 2471 684 Syre,
2492 621 2578 671 dic
2603 636 2712 671 mo·

1646 697 1714 747 do
1760 710 1957 747 verum.
2020 712 2108 747 su.
2165 697 2281 760 Age
2324 696 2478 745 modo
2523 696 2709 757 bodie3

1645 789 1761 824 sero
1783 776 2123 840 nequicquam
2150 776 2312 823 voles.
2381 787 2464 822 ct..
2502 774 2713 832 Datur3

1649 848 1847 911 fruare,
1890 851 2010 900 dum
2047 849 2211 901 licet.’
2281 849 2447 900 Quem
2481 850 2713 899 Terentii

1648 927 1837 991 locum,
1874 927 2066 989 alioqui
2093 925 2485 980 subobscurum,
2516 927 2710 988 partim

1647 1016 1711 1051 ex
1739 1010 1944 1052 vetusta
1976 1003 2204 1052 editione
2241 1004 2490 1062 Romana,
2522 1004 2713 1064 partim

1646 1095 1676 1130 e
1701 1081 2018 1145 conjectura,
2040 1082 2102 1131 ὥς
2124 1082 2175 1130 ἐν
2195 1080 2395 1144 παρόδῳ,
2419 1081 2710 1130 emendavi.

1646 1159 1917 1222 sigillatim
1942 1167 1997 1208 et
2032 1160 2373 1219 incongruens
2406 1158 2711 1220 interpunc-

1648 1237 1738 1293 tio,
1760 1245 1811 1285 et
1848 1234 2109 1300 superflua
2146 1235 2403 1299 particula
2436 1250 2510 1294 ae,
2548 1234 2710 1282 verba

1646 1314 1763 1377 Syri
1806 1314 2065 1377 loquentis
2102 1312 2449 1377 inquinarunt,
2486 1324 2604 1374 quae
2633 1311 2709 1359 sic

1646 1390 1799 1450 vulgo
1836 1391 2111 1452 leguntur:
2152 1389 2261 1450 Age
2284 1388 2446 1437 modo.-
2478 1389 2616 1437 hodie
2635 1401 2709 1436 ae-

1639 1483 1694 1515 ro
1715 1482 1771 1515 ac
1793 1468 2101 1529 nequicquam
2124 1468 2269 1515 voles.
2295 1466 2549 1514 Schwarz.

1714 1542 2031 1606 fruebamur]
2068 1543 2277 1591 Scilicet
2313 1556 2489 1590 eorum
2513 1543 2707 1606 suppli·

1647 1619 1761 1668 ciis.
1829 1619 1968 1670 Juno
2002 1619 2138 1682 apud
2175 1619 2362 1668 Senec.
2391 1618 2551 1667 Herc.
2587 1620 2709 1669 Fur.

1650 1702 1897 1758 ‘superat
1954 1704 2009 1745 et
2058 1695 2251 1745 crescit
2304 1696 2471 1757 malis,
2520 1696 2708 1759 Iraque

1648 1780 1824 1820 nostra
1859 1769 2086 1820 fruitur.’
2150 1772 2271 1823 Sur.
2308 1772 2418 1821 Sat.
2457 1785 2496 1821 t.
2529 1772 2545 1800 ‘
2575 1773 2709 1821 Exul

1649 1846 1713 1896 ab
1737 1853 1921 1896 octava
1941 1846 2137 1896 Marius
2155 1845 2307 1912 bibit,
2326 1856 2378 1899 et
2401 1847 2590 1897 fruitur
2614 1850 2707 1899 Dis

1649 1923 1842 1973 hatis!
1875 1924 2037 1973 Lirin.

1717 2001 2013 2065 piaculares]
2048 2001 2288 2051 Victima!
2328 2000 2402 2051 sic
2441 2000 2708 2063 dicuntur,

1648 2093 1761 2143 quae
1783 2079 1850 2128 ob
1873 2079 2100 2141 culpam,
2122 2087 2175 2127 et
2210 2078 2274 2126 ad
2312 2077 2556 2139 piandum
2590 2093 2708 2140 pur·

1649 2154 1974 2218 gandumque
2015 2154 2226 2204 dantur.
2296 2155 2494 2203 Noster
2540 2155 2707 2218 Epist.

1650 2243 1737 2278 ιιι.
1780 2233 1829 2278 9.
1875 2236 1890 2258 ‘
1918 2230 2001 2278 Ne
2046 2230 2413 2293 potentissimi,
2460 2231 2709 2280 vilissimo

1648 2320 1852 2370 quoqne
1897 2306 2040 2369 quasi
2072 2305 2320 2369 piaculari
2360 2305 2506 2367 dato,
2537 2308 2708 2356 elabe-

1651 2380 1869 2431 rentur.'
1938 2382 2155 2431 Plautus
2193 2383 2244 2430 in
2291 2382 2492 2445 Epidic.
2527 2384 2712 2433 ‘Men’

1652 2459 1966 2523 piacularem
1991 2467 2193 2522 oportet
2215 2458 2324 2508 fieri
2343 2459 2409 2508 ob
2434 2460 2709 2509 stultitiam

1654 2534 1841 2584 tuami'
1893 2536 2133 2585 victimae
2178 2536 2334 2598 igitur
2373 2536 2505 2584 tales
2542 2538 2710 2585 aliena

1650 2612 1783 2660 mala
1807 2613 2159 2675 excipiebant,
2194 2614 2321 2662 etin
2359 2627 2561 2676 poenam
2597 2627 2712 2662 suc·

1648 2688 1922 2738 cedebant.
1989 2690 2074 2740 lta
2097 2691 2201 2753 isti,
2223 2690 2286 2738 ad
2312 2690 2576 2753 expianda
2599 2705 2711 2740 see·

1652 2766 1756 2814 lera
1782 2766 2070 2827 praeterita,
2095 2775 2149 2814 et
2181 2766 2556 2830 detergendam
2594 2764 2711 2815 soli·

1650 2841 1933 2890 citudinem
1978 2841 2223 2905 omnium,
2263 2843 2315 2891 in
2362 2857 2503 2892 mare
2536 2844 2711 2893 mitte-

1650 2917 1851 2968 bantur.
1886 2918 2025 2981 Lips.

1716 2995 1991 3043 piaculares
2016 3025 2184 3043 .....
2219 2994 2449 3058 victime]
2528 2995 2713 3044 Codex

1649 3070 1878 3118 Venetus
1920 3079 1973 3119 et
2009 3070 2331 3133 Gnelpliicus
2366 3071 2594 3133 produnt
2631 3088 2712 3135 pe·

1648 3148 1866 3196 culiares.
1936 3147 2170 3196 Eandem
2227 3162 2406 3197 vocem
2463 3157 2713 3211 posuerat

1649 3225 1806 3273 etiam
1822 3223 2059 3273 librarius
2074 3224 2267 3274 codicis
2280 3224 2713 3290 Salisburgensis,

1649 3302 1737 3366 qui
1762 3316 1883 3350 vero
1900 3317 2017 3350 mox
2043 3308 2184 3351 recte
2210 3303 2476 3366 rescripsit
2502 3305 2553 3352 in
2577 3318 2714 3352 mar·

1650 3381 1786 3440 gine,
1822 3385 1836 3406 ‘
1873 3379 1907 3426 1.
1940 3377 2235 3439 piaculares:
2302 3379 2459 3428 Liber
2507 3380 2713 3430 Vossia-

1650 3468 1745 3502 nus
1778 3452 1934 3502 babet
1965 3454 2170 3517 piacula,
2189 3455 2324 3518 quod
2349 3470 2451 3504 non
2476 3457 2714 3506 admittit

1647 3545 1869 3594 sequens
1930 3544 2134 3586 nomen,
2186 3532 2429 3596 victime&
2484 3535 2712 3598 alioquin

1650 3608 1759 3670 ipse
1792 3607 2014 3667 Plinius,
2046 3622 2161 3670 cap.
2188 3620 2415 3657 Lxxxtt.
2441 3609 2534 3672 ait,
2568 3616 2584 3639 ⁸
2608 3625 2709 3660 non

1650 3697 1817 3739 secus,
1843 3698 1902 3733 ac
1930 3684 2189 3746 piaculum
2212 3682 2439 3747 aliquod,
2465 3686 2711 3735 trabeba-

1651 3758 1766 3810 tur.'
1839 3760 2003 3808 Erant
2041 3773 2165 3808 vero
2196 3759 2465 3822 piaculares
2484 3763 2712 3827 viatim,

1649 3853 1760 3902 quta
1789 3837 2126 3900 excipiebant
2160 3839 2329 3887 aliena
2364 3840 2523 3903 mala,
2545 3848 2620 3898 et,
2646 3842 2712 3890 ad

1649 3914 1929 3978 placandos
1957 3914 2117 3975 Deos,
2145 3916 2197 3963 iu
2223 3929 2427 3978 poenam
2464 3917 2715 3967 succede·

1651 3991 1793 4040 bant.
1820 3990 1970 4039 Unde
1985 4005 2166 4040 servus
2182 3991 2470 4054 Plautinus,
2484 3994 2535 4041 in
2560 3994 2715 4058 Epid.

1650 4081 1690 4117 t.
1735 4072 1783 4117 2.
1828 4072 1908 4116 26.
1949 4073 1964 4097 ⁶
1990 4067 2132 4116 Men·
2177 4067 2474 4130 piaculum,’
2522 4070 2715 4134 inquit.

1649 4144 1666 4172 ‘
1691 4151 1903 4207 oportet
1922 4142 2055 4199 fieri.
2077 4143 2144 4193 ob
2161 4143 2439 4194 stultitiam
2466 4152 2627 4210 tuam,
2651 4155 2714 4198 nt

1649 4235 1817 4272 meum
1857 4228 2059 4283 tergum
2095 4221 2334 4271 stultitia
2370 4229 2475 4272 tuae
2519 4226 2715 4275 subdas

1651 4297 2067 4351 succidaneum?
2148 4297 2441 4365 Aliquando
2504 4307 2712 4353 tautum
