3060 4902
774 405 837 456 Ο.
888 403 1124 452 Phil-ln
1174 403 1506 454 suevum
1561 405 1836 455 PANBG.
1917 409 1965 454 1.

329 543 433 595 sub
460 542 780 600 Domitituo,
800 544 937 608 quod
948 546 1060 610 jum
1081 546 1167 596 alii
1192 560 1254 595 ex
1276 547 1404 596 Dio·

329 622 415 671 nis
449 621 782 684 compendio,
809 621 900 671 lib.
920 635 1123 672 ιινιιι.
1149 636 1266 685 pag.
1288 626 1404 672 770.

328 702 668 753 annotarunt,
721 698 1028 746 exhaustum
1085 706 1224 747 esset
1279 712 1402 746 aern-

327 775 487 836 flnus,
523 774 699 824 Nerva
733 776 1017 837 imperator
1049 775 1212 824 multu
1245 776 1402 824 sacri·

324 850 472 913 ficis,
503 852 696 900 multos
734 850 879 900 ludos
915 851 1204 915 Circenses,
1245 860 1400 915 atque

328 928 438 978 slis
454 927 757 990 spectacula
772 928 999 988 sustulit,
1022 928 1216 982 recisis,
1240 942 1398 991 quau-

331 1010 445 1055 tnm
479 1003 593 1053 fieri
628 1011 859 1067 poterat,
883 1005 1134 1054 sumtibus
1168 1006 1402 1069 publicis.

333 1075 497 1130 Hunc
534 1081 665 1130 adeo
700 1081 750 1130 iu
789 1067 942 1131 fi'nem
983 1081 1211 1132 instituit
1250 1091 1402 1132 extra

331 1157 572 1207 ordinem
598 1171 784 1207 novum
813 1159 1191 1222 magistratum,
1214 1173 1400 1222 nempe

327 1233 611 1295 collegium
666 1233 1121 1297 quinquevirorum
1179 1234 1401 1298 publicis

326 1310 589 1359 sumtibus
613 1310 938 1372 minuendis3
971 1311 1054 1360 cui
1076 1312 1297 1373 collegio
1321 1327 1399 1361 se·

331 1393 491 1436 nutus
535 1386 786 1450 optimum
845 1395 902 1436 et
948 1387 1398 1437 honoratissimum

327 1477 611 1528 quemque,
632 1462 886 1527 adeoque,
907 1463 1044 1528 quod
1071 1479 1135 1514 ex
1170 1465 1266 1513 hoe
1292 1464 1400 1513 Pli-

328 1540 406 1589 nii
441 1540 560 1589 loco
594 1540 947 1604 intelligimus,
977 1556 1086 1604 eos,
1110 1556 1239 1605 quos
1273 1543 1399 1590 Tru·

323 1614 486 1680 janus
511 1624 693 1679 postes
727 1616 995 1667 consulatu
1031 1618 1187 1668 tertio
1211 1619 1400 1668 conde-

332 1697 564 1756 corant,
588 1707 796 1757 nempe,
819 1702 1069 1759 quantum
1099 1697 1402 1758 conjectura

333 1768 648 1832 colligimus.
668 1770 747 1820 Μ.
770 1771 964 1822 Julium
999 1772 1311 1822 Frontonem
1347 1781 1402 1823 et

333 1844 583 1895 Acutinm
605 1845 853 1906 Nervam,
873 1848 1061 1910 primos
1080 1847 1238 1909 elegit
1256 1849 1402 1912 quin·

333 1924 597 1986 queviros.
661 1922 751 1971 Sic
790 1922 945 1971 etiam
984 1923 1263 1984 Verginius
1305 1924 1406 1972 Ru·

331 1999 441 2061 fus,
461 2014 613 2063 quem
650 1999 830 2048 adulto
863 2014 998 2049 suno
1024 2001 1214 2049 Christi
1245 2015 1404 2050 nous·

334 2077 534 2142 gesimo
557 2077 779 2138 septimo
803 2075 938 2125 diem
972 2091 1268 2139 supremum
1292 2077 1404 2128 obi-

336 2155 466 2214 isse,
489 2152 864 2209 demonstravit
885 2154 1195 2217 Musonius,
1212 2168 1328 2203 cum
1353 2155 1403 2203 iu

334 2229 615 2280 novissima
661 2227 957 2277 valetudine
1003 2230 1198 2278 veritus
1246 2239 1405 2293 esset,

334 2319 403 2355 uc
438 2302 577 2353 forte
612 2304 749 2352 iuter
785 2304 875 2352 hos
904 2305 1294 2369 quinqueviros,
1317 2307 1404 2370 qui

325 2380 536 2445 jndicio
559 2388 771 2430 senatus
804 2382 1278 2438 constituebantur.
1297 2385 1404 2433 col·

332 2461 458 2521 legs
478 2466 765 2513 crearetur,
790 2459 1016 2508 Plinium
1042 2466 1293 2522 nostrum,
1311 2477 1403 2524 per

332 2550 490 2600 quem
528 2545 889 2597 excusaretur,
925 2537 1100 2599 elegit.
1166 2537 1226 2585 Id
1266 2538 1403 2601 quod

329 2613 450 2676 lpse
474 2611 676 2660 Plinius
701 2620 897 2672 narrat,
918 2612 1085 2677 Epist.
1112 2627 1168 2662 ιι.
1195 2618 1240 2664 1.
1287 2614 1405 2665 Alia

331 2686 404 2738 dc
449 2687 526 2739 bis
570 2688 921 2752 quinqueviris
964 2690 1086 2738 milii
1133 2706 1234 2739 uon
1281 2706 1403 2740 con·

333 2771 500 2813 stant.
565 2763 812 2828 Alioquin
861 2765 1019 2813 etium
1066 2766 1212 2829 plura
1258 2767 1405 2829 quiu-

332 2840 666 2904 qnevirorum
723 2840 946 2903 collegia
996 2843 1404 2892 extraordinaria

332 2926 841 2978 commemorantum
879 2934 926 2965 v.
953 2933 1004 2981 g.
1034 2919 1404 2983 ‘Quinqueviri

333 2993 538 3056 legibus
557 2993 774 3056 imperio
799 2995 1052 3044 consulari
1078 2996 1407 3059 scribendis,’

331 3084 468 3136 quos
492 3073 845 3133 postulaverat
872 3071 1107 3120 tribunus
1135 3072 1319 3136 plebis,
1343 3074 1401 3123 C.

329 3147 646 3199 Terentilius
673 3147 823 3197 Arsa.
898 3148 1007 3197 biv.
1033 3161 1118 3197 ιιι.
1140 3152 1190 3198 9.
1209 3152 1222 3174 ‘
1240 3150 1403 3201 Quin·

333 3223 540 3290 queviri
577 3238 702 3284 agro
740 3224 1065 3282 dividundo,'
1101 3227 1152 3273 ii.
1173 3240 1220 3275 e.
1256 3240 1403 3274 curn·

335 3307 503 3363 tores,
526 3299 614 3364 qui
638 3314 788 3362 agros
813 3302 950 3348 inter
976 3301 1181 3362 plebem
1207 3300 1403 3350 divide·

335 3382 479 3425 rent.
550 3376 660 3424 biv.-
691 3388 766 3427 νι.
797 3381 882 3425 21.
919 3391 1132 3437 qnorum
1171 3378 1405 3427 meminit

335 3452 496 3502 etism
522 3451 636 3501 Cic.
659 3450 724 3501 de
749 3452 888 3514 Lege
912 3451 1042 3516 Agr.
1066 3467 1127 3502 ιι.
1150 3458 1200 3503 7.
1216 3456 1230 3482 ‘
1251 3455 1406 3503 toties

335 3526 545 3590 legibus
585 3528 799 3590 ngrsriis
833 3539 1100 3577 curatores
1133 3529 1404 3579 constituti

333 3612 483 3663 sunt,
518 3604 788 3668 triumviri,
821 3606 1165 3671 quinqueviri,
1202 3607 1406 3656 decem-

335 3678 488 3730 viri.'
565 3680 636 3730 Et
666 3680 767 3729 ‘de
814 3682 1088 3743 provinciis
1126 3683 1406 3732 consulari-

336 3754 472 3811 bus.’
494 3770 614 3819 cap·
639 3759 719 3806 17.
753 3758 769 3784 ⁴
789 3757 879 3805 Me
904 3757 1119 3819 Casa&
1153 3758 1296 3822 (cum
1335 3760 1406 3809 le-

337 3844 458 3895 gem
496 3831 718 3891 tulisset,
754 3837 811 3880 ut
847 3847 972 3894 ager
995 3835 1292 3897 Campanus
1326 3836 1406 3898 iis,

335 3908 427 3973 qui
471 3915 579 3956 tres
620 3908 858 3969 pluresve
898 3911 1089 3959 liberos
1135 3912 1409 3977 habereut,

334 3983 710 4048 divideretur)
729 3987 744 4012 ⁸
764 3992 821 4034 ut
843 3986 1292 4050 quinqueviratum
1324 4003 1407 4037 ac·

339 4060 594 4126 ciperem,
615 4061 856 4123 rogavit!
904 4062 1115 4125 Adliaec,
1134 4071 1146 4091 ‘
1160 4065 1407 4130 quinque·

340 4139 438 4188 viri
483 4136 765 4192 mensarii‚'
805 4154 832 4187 a
878 4154 1053 4189 mensu
1089 4141 1315 4203 publice,
1354 4152 1409 4194 et

339 4212 730 4278 dispensatione
765 4217 1020 4277 pecunie,
1055 4219 1324 4281 appellati,
1353 4228 1411 4270 et

344 4290 409 4341 sd
447 4290 696 4354 populum
733 4292 797 4339 sb
836 4306 941 4340 aere
981 4293 1150 4345 alieno
1186 4294 1409 4345 libetan·

469 4369 647 4431 Delph.
671 4377 717 4421 et
752 4371 863 4421 γαν.
888 4373 1016 4421 Clas.

1283 4377 1468 4440 Puneg.
1490 4378 1598 4429 Vct.

2008 392 2117 457 62.
2414 347 2547 464 849

1478 545 1599 596 dum
1623 547 1915 609 constituti,
1928 561 2091 613 penes
2112 562 2242 614 quos
2269 548 2400 600 adeo
2419 565 2546 603 curs

1479 623 1554 672 rei
1579 621 1825 673 foeuebris
1847 633 1976 674 erat.
2017 624 2128 677 le.
2147 639 2247 675 vn.
2267 630 2348 677 21.
2398 628 2548 679 Prae·

1479 706 1642 756 teres,
1667 703 1680 725 ⁸
1699 701 2023 765 quinqueviri
2048 702 2208 751 muris
2235 709 2290 752 et
2314 704 2545 756 turribus

1476 774 1809 825 reficiendis.'
1876 776 1990 825 Liv.
2023 791 2165 827 xxV.
2186 782 2235 826 7.
2299 779 2547 844 Denique

1475 850 1835 916 ‘quinqueviri
1881 852 1956 901 cis
2001 853 2229 903 Tiberim
2269 860 2325 904 et
2373 856 2548 914 ultra?

1478 927 1567 990 qui
1593 926 1855 990 adjutores
1888 936 2062 977 essent
2098 929 2379 981 triumviris
2403 934 2547 996 cupi-

1479 1005 1689 1067 talibus‚
1723 1014 1777 1055 et
1817 1005 1891 1054 cis
1926 1007 2154 1056 Tiberim
2187 1024 2293 1058 suoe
2332 1010 2546 1075 quisque

1478 1084 1705 1143 regionis
1757 1083 1994 1133 aediflciis
2048 1093 2351 1149 praeessent.
2436 1088 2551 1137 Liv.

1480 1171 1686 1209 xxxix.
1720 1163 1795 1210 14.
1830 1167 1885 1210 et
1921 1162 2035 1224 lege
2070 1167 2118 1211 2.
2143 1163 2171 1226 ς
2195 1165 2278 1213 31.
2315 1163 2444 1226 Dig.
2480 1164 2546 1215 de

1479 1236 1631 1299 Orig.
1653 1237 1815 1288 Juris.
1884 1240 2133 1289 Ceterum
2164 1242 2213 1288 in
2239 1241 2421 1289 codice
2444 1242 2545 1290 Vs·

1480 1312 1657 1361 licauo
1691 1317 1839 1364 3461.
1874 1323 1925 1363 et
1974 1330 2108 1371 meo.
2137 1331 2230 1380 pro
2261 1318 2546 1375 minuendis,

1478 1389 1667 1438 vitiose
1712 1391 1960 1453 scriptum
2008 1402 2086 1442 est
2131 1394 2416 1445 muniendis.
2483 1395 2545 1445 In

1480 1468 1711 1531 vocibus,
1758 1483 1981 1533 quemque
2020 1473 2301 1536 preficeret,
2339 1473 2547 1524 codices

1478 1545 1806 1607 Parmensis,
1839 1554 1894 1594 et
1931 1554 2149 1610 uterque
2176 1548 2426 1612 Venetus,
2451 1564 2547 1612 pro

1478 1634 1718 1682 quemque,
1741 1620 1930 1669 babent
1964 1638 2131 1685 quem,-
2165 1623 2408 1690 idemque
2444 1625 2547 1675 Pa·

1478 1694 1724 1755 ruiensis,
1763 1710 1924 1751 meus,
1968 1705 2024 1746 et
2070 1697 2353 1748 Vaticanus
2396 1703 2547 1751 3461.

1481 1784 1574 1834 pro
1605 1771 1884 1837 pra-ficeret,
1899 1778 1905 1782 '
1917 1773 2164 1838 perficeret
2180 1792 2201 1833 ‚·
2235 1782 2392 1839 utque
2415 1776 2547 1826 liber

1481 1846 1783 1908 Vossianus,
1828 1864 1962 1910 quem
2000 1850 2240 1915 preficere
2281 1852 2547 1901 statuisset.

1480 1922 1612 1972 Quae
1651 1938 1751 1972 nou
1786 1934 1925 1984 sunt,
1957 1927 2054 1975 nisi
2090 1928 2277 1977 mendo
2311 1937 2368 1978 et
2403 1930 2546 1979 lusus

1477 1998 1823 2050 librariorum.
1860 2002 2104 2053 Schmun.

1553 2076 1614 2125 Et
1654 2079 1844 2139 quidem
1878 2081 2081 2145 primos]
2118 2081 2289 2145 Vulgo
2328 2084 2546 2147 legimns

1475 2151 1690 2214 equidem
1720 2154 1918 2215 primos.
1982 2156 2070 2204 Sic
2104 2157 2259 2205 etism
2295 2160 2544 2221 scriptum

1478 2237 1559 2277 est
1585 2230 1633 2275 iu
1660 2230 1889 2291 pluribus
1922 2230 2209 2292 codicibus,
2239 2241 2431 2294 preter
2455 2237 2547 2284 Sn-

1479 2303 1874 2364 lisbnrgensem‚
1910 2308 1997 2371 qui
2034 2322 2129 2370 pro
2165 2309 2396 2371 equidem,
2428 2311 2547 2359 sim·

1479 2380 1685 2442 pliciter
1703 2380 1859 2430 liubet
1884 2384 2098 2444 quidun,-
2126 2391 2178 2434 et
2202 2393 2397 2448 praeter
2417 2386 2546 2436 duos

1481 2458 1625 2506 Vatt.
1653 2462 1798 2508 1475.
1820 2469 1872 2507 et
1914 2464 2058 2509 1775.
2090 2461 2139 2509 in
2167 2462 2351 2525 quibus
2385 2470 2465 2513 est
2498 2470 2545 2514 et

1476 2534 1663 2596 quidem
1716 2537 1906 2597 primos.
1987 2539 2181 2586 Eadem
2230 2539 2386 2589 lectio
2441 2543 2547 2605 pri-

1479 2625 1615 2660 mum
1633 2627 1662 2660 e
1681 2614 1976 2676 conjectura
1996 2621 2245 2665 annotata
2262 2624 2339 2666 est
2362 2633 2392 2667 u
2412 2618 2551 2667 Livi·

1479 2689 1628 2749 neio;
1660 2690 1749 2737 sed
1766 2692 1877 2752 jam
1898 2694 2142 2756 evulgata
2162 2694 2213 2741 iu
2233 2694 2546 2745 editionibus

1482 2764 1764 2826 Lipsiauis,
1785 2767 2227 2830 Berneggerisns,
2249 2771 2546 2834 Graevinnn,

1480 2839 1752 2902 Belirisua,
1775 2842 2117 2893 Gesnerianu.
2179 2846 2301 2894 Scio
2320 2847 2551 2910 quidem,

1479 2917 1794 2982 largior-que,
1819 2921 2030 2981 equidem
2054 2937 2152 2970 uon
2186 2937 2388 2984 semper
2422 2926 2549 2987 poni

1481 3009 1578 3057 pro
1610 3001 1740 3058 ‘ego
1775 2996 2014 3061 quidem‚'
2044 3011 2139 3046 nec
2174 3012 2381 3060 semper
2423 3016 2547 3048 con·

1468 3069 1620 3133 jungi
1668 3085 1783 3119 cum
1830 3072 2001 3120 verbis
2050 3075 2229 3135 primae
2275 3089 2546 3136 persouae;

1480 3146 1572 3194 sed
1599 3147 1878 3195 identidem
1917 3148 2075 3196 eiiam
2111 3148 2415 3211 simpliciter
2450 3166 2546 3215 pro

1476 3223 1663 3285 quidem
1703 3227 1976 3287 usurpari5
2013 3225 2159 3288 (vide
2200 3240 2359 3288 supra
2395 3227 2457 3276 sd
2495 3243 2544 3278 c.

1482 3312 1674 3348 xxxn.
1698 3300 1774 3360 ⁴.)
1798 3314 1878 3348 me
1906 3308 2079 3349 tamen
2101 3299 2165 3348 ud
2187 3301 2544 3362 recipiendum

1481 3376 1778 3439 lectionem,
1818 3377 1868 3425 in
1908 3384 2157 3427 contextu
2207 3380 2548 3443 propositam,

1481 3453 1741 3515 permovit
1798 3453 2141 3517 potissimum,
2190 3453 2326 3518 quod
2384 3456 2547 3507 nibilo

1481 3529 1649 3577 minus
1688 3529 1859 3578 Plinio
1889 3530 2034 3595 quasi
2069 3530 2335 3594 proprium
2376 3532 2547 3583 videa·

1484 3612 1588 3667 tur,
1610 3607 1662 3655 in
1690 3607 1937 3670 Epistolis
1972 3608 2187 3670 puriter,
2210 3617 2264 3658 et
2301 3609 2352 3657 iu
2378 3608 2549 3660 Pane-

1481 3685 1678 3745 gyrico,
1713 3685 2016 3747 particulam
2052 3686 2265 3748 equidem
2297 3701 2412 3735 curu
2438 3701 2552 3736 ver-

1483 3758 1563 3809 bis
1588 3760 1766 3824 primae
1790 3776 2026 3824 personae
2051 3763 2322 3825 singularis
2346 3764 2548 3812 numeri

1483 3846 1824 3898 connectere3
1861 3837 1959 3887 nisi
1998 3851 2262 3902 perpauco
2296 3839 2427 3893 locs,
2461 3854 2548 3888 eu·

1482 3930 1580 3979 que
1601 3931 1666 3965 ex
1693 3918 1832 3966 varia
1857 3917 2085 3967 lectione
2121 3917 2378 3980 ambigua,
2403 3919 2547 3967 exci-

1484 3993 1611 4055 pias.
1689 3995 1895 4042 Deinde
1938 3993 2074 4058 qnod
2121 3994 2160 4040 is
2205 3994 2362 4042 etiam
2407 3994 2550 4056 alibi,

1483 4070 1569 4118 ubi
1610 4078 1929 4119 concurrunt
1975 4069 2133 4118 verba
2176 4068 2421 4118 secuudae
2465 4073 2546 4120 vel

1483 4146 1656 4195 tertiae
1692 4161 1948 4209 personae,
1969 4151 2022 4194 et
2049 4146 2133 4193 ubi
2169 4146 2441 4209 singularis
2466 4146 2549 4209 ἔμ·

1484 4228 1630 4284 ouo-15
1652 4222 2012 4285 exprimenda,
2033 4220 2256 4269 libenter
2277 4221 2546 4274 distinctis

1484 4298 1702 4349 vocibus
1739 4297 1917 4348 scribit
1948 4302 1994 4347 et
2017 4296 2227 4360 equidem
2243 4313 2263 4356 ‚·
2297 4312 2347 4346 v.
2370 4313 2419 4360 g.
2443 4301 2546 4351 Pn-

2297 4382 2415 4432 BH
