<?xml version="1.0" encoding="UTF-8"?>
<!DOCTYPE html PUBLIC "-//W3C//DTD XHTML 1.0 Transitional//EN"
    "http://www.w3.org/TR/xhtml1/DTD/xhtml1-transitional.dtd">
<html xmlns="http://www.w3.org/1999/xhtml" xml:lang="en" lang="en">
 <head>
  <title>
</title>
<meta http-equiv="Content-Type" content="text/html;charset=utf-8" />
  <meta name='ocr-system' content='tesseract 3.04.00' />
  <meta name='ocr-capabilities' content='ocr_page ocr_carea ocr_par ocr_line ocrx_word'/>
</head>
<body>
  <div class='ocr_page' id='page_1' title='image "./panegyriciveter02unkngoog_0112.png"; bbox 0 0 3060 4902; ppageno 0'>
   <div class='ocr_carea' id='block_1_1' title="bbox 486 366 621 431">
    <p class='ocr_par' dir='ltr' id='par_1_1' title="bbox 486 366 621 431">
     <span class='ocr_line' id='line_1_1' title="bbox 486 366 621 431; baseline 0 -1"><span class='ocrx_word' id='word_1_1' title='bbox 486 366 621 431; x_wconf 78' lang='lat'><strong>554</strong></span> 
     </span>
    </p>
   </div>
   <div class='ocr_carea' id='block_1_2' title="bbox 458 525 1556 4344">
    <p class='ocr_par' dir='ltr' id='par_1_2' title="bbox 458 525 1556 4344">
     <span class='ocr_line' id='line_1_2' title="bbox 493 525 1554 589; baseline 0.003 -16"><span class='ocrx_word' id='word_1_2' title='bbox 493 525 743 589; x_wconf 85' lang='lat' dir='ltr'><strong>riorisqne</strong></span> <span class='ocrx_word' id='word_1_3' title='bbox 765 525 1080 575; x_wconf 85' lang='lat' dir='ltr'><strong>conditionis</strong></span> <span class='ocrx_word' id='word_1_4' title='bbox 1102 534 1259 577; x_wconf 86' lang='lat' dir='ltr'><strong>esset.</strong></span> <span class='ocrx_word' id='word_1_5' title='bbox 1310 526 1464 576; x_wconf 85' lang='lat' dir='ltr'><strong>Unde</strong></span> <span class='ocrx_word' id='word_1_6' title='bbox 1486 525 1554 576; x_wconf 87' lang='lat' dir='ltr'><strong>ad</strong></span> 
     </span>
     <span class='ocr_line' id='line_1_3' title="bbox 491 602 1555 665; baseline 0.006 -16"><span class='ocrx_word' id='word_1_7' title='bbox 491 602 601 652; x_wconf 73' lang='lat' dir='ltr'><strong>boec</strong></span> <span class='ocrx_word' id='word_1_8' title='bbox 625 603 882 653; x_wconf 84' lang='lat' dir='ltr'><strong>Martialis</strong></span> <span class='ocrx_word' id='word_1_9' title='bbox 906 603 1084 665; x_wconf 84' lang='lat' dir='ltr'><strong>verba,</strong></span> <span class='ocrx_word' id='word_1_10' title='bbox 1106 617 1190 654; x_wconf 85' lang='lat' dir='ltr'><strong>tx.</strong></span> <span class='ocrx_word' id='word_1_11' title='bbox 1212 608 1294 655; x_wconf 80' lang='lat'><strong>5⁰.</strong></span> <span class='ocrx_word' id='word_1_12' title='bbox 1327 604 1344 632; x_wconf 87' lang='lat'>‘</span> <span class='ocrx_word' id='word_1_13' title='bbox 1362 613 1555 655; x_wconf 87' lang='lat' dir='ltr'><strong>tremu-</strong></span> 
     </span>
     <span class='ocr_line' id='line_1_4' title="bbox 488 679 1553 743; baseline 0.004 -16"><span class='ocrx_word' id='word_1_14' title='bbox 488 679 539 728; x_wconf 84' lang='lat' dir='ltr'><strong>lo</strong></span> <span class='ocrx_word' id='word_1_15' title='bbox 573 679 657 728; x_wconf 80' lang='lat' dir='ltr'><strong>vix</strong></span> <span class='ocrx_word' id='word_1_16' title='bbox 681 679 985 742; x_wconf 87' lang='lat' dir='ltr'><strong>accipienda</strong></span> <span class='ocrx_word' id='word_1_17' title='bbox 1007 680 1219 743; x_wconf 85' lang='lat' dir='ltr'><strong>tribuli,’</strong></span> <span class='ocrx_word' id='word_1_18' title='bbox 1241 681 1375 731; x_wconf 86' lang='lat' dir='ltr'><strong>bene</strong></span> <span class='ocrx_word' id='word_1_19' title='bbox 1397 696 1553 732; x_wconf 87' lang='lat' dir='ltr'><strong>anno·</strong></span> 
     </span>
     <span class='ocr_line' id='line_1_5' title="bbox 491 753 1553 821; baseline 0.006 -18"><span class='ocrx_word' id='word_1_20' title='bbox 491 761 572 804; x_wconf 82' lang='lat' dir='ltr'><strong>tat.</strong></span> <span class='ocrx_word' id='word_1_21' title='bbox 598 753 856 817; x_wconf 82' lang='lat' dir='ltr'><strong>Raderus,</strong></span> <span class='ocrx_word' id='word_1_22' title='bbox 887 758 904 785; x_wconf 90' lang='lat'>‘</span> <span class='ocrx_word' id='word_1_23' title='bbox 923 756 1165 806; x_wconf 76' lang='lat' dir='ltr'>tribulem</span> <span class='ocrx_word' id='word_1_24' title='bbox 1184 756 1199 778; x_wconf 80' lang='lat'><strong><em>⁹</em></strong></span> <span class='ocrx_word' id='word_1_25' title='bbox 1233 758 1398 821; x_wconf 88' lang='lat' dir='ltr'><strong>prima</strong></span> <span class='ocrx_word' id='word_1_26' title='bbox 1420 759 1553 809; x_wconf 83' lang='lat' dir='ltr'><strong>uoti·</strong></span> 
     </span>
     <span class='ocr_line' id='line_1_6' title="bbox 488 833 1556 898; baseline 0.006 -18"><span class='ocrx_word' id='word_1_27' title='bbox 488 845 589 880; x_wconf 90' lang='lat' dir='ltr'><strong>oue</strong></span> <span class='ocrx_word' id='word_1_28' title='bbox 624 846 690 880; x_wconf 83' lang='lat' dir='ltr'><strong>ex</strong></span> <span class='ocrx_word' id='word_1_29' title='bbox 728 833 862 882; x_wconf 82' lang='lat' dir='ltr'><strong>tribu</strong></span> <span class='ocrx_word' id='word_1_30' title='bbox 896 833 1062 883; x_wconf 81' lang='lat' dir='ltr'><strong>civem</strong></span> <span class='ocrx_word' id='word_1_31' title='bbox 1089 833 1373 884; x_wconf 86' lang='lat' dir='ltr'><strong>Romanum</strong></span> <span class='ocrx_word' id='word_1_32' title='bbox 1396 835 1556 898; x_wconf 69' lang='lat' dir='ltr'><strong>signi·</strong></span> 
     </span>
     <span class='ocr_line' id='line_1_7' title="bbox 488 907 1553 974; baseline 0.007 -19"><span class='ocrx_word' id='word_1_33' title='bbox 488 907 665 966; x_wconf 84' lang='lat' dir='ltr'><strong>ficare,</strong></span> <span class='ocrx_word' id='word_1_34' title='bbox 690 909 776 972; x_wconf 86' lang='lat' dir='ltr'><strong>qni</strong></span> <span class='ocrx_word' id='word_1_35' title='bbox 797 909 1111 960; x_wconf 81' lang='lat' dir='ltr'><strong>domicilium</strong></span> <span class='ocrx_word' id='word_1_36' title='bbox 1139 912 1315 960; x_wconf 69' lang='lat' dir='ltr'><strong>Rome</strong></span> <span class='ocrx_word' id='word_1_37' title='bbox 1338 911 1553 974; x_wconf 79' lang='lat' dir='ltr'><strong>babuit3</strong></span> 
     </span>
     <span class='ocr_line' id='line_1_8' title="bbox 488 981 1555 1052; baseline 0.005 -20"><span class='ocrx_word' id='word_1_38' title='bbox 488 981 678 1033; x_wconf 86' lang='lat' dir='ltr'><strong>deinde</strong></span> <span class='ocrx_word' id='word_1_39' title='bbox 715 989 771 1033; x_wconf 84' lang='lat' dir='ltr'><strong>et</strong></span> <span class='ocrx_word' id='word_1_40' title='bbox 812 999 905 1049; x_wconf 77' lang='lat' dir='ltr'><strong>pro</strong></span> <span class='ocrx_word' id='word_1_41' title='bbox 926 986 1127 1035; x_wconf 86' lang='lat' dir='ltr'><strong>homine</strong></span> <span class='ocrx_word' id='word_1_42' title='bbox 1164 988 1306 1036; x_wconf 88' lang='lat' dir='ltr'><strong>tenui</strong></span> <span class='ocrx_word' id='word_1_43' title='bbox 1338 995 1394 1037; x_wconf 85' lang='lat' dir='ltr'><strong>et</strong></span> <span class='ocrx_word' id='word_1_44' title='bbox 1429 1003 1555 1052; x_wconf 88' lang='lat' dir='ltr'><strong>pau·</strong></span> 
     </span>
     <span class='ocr_line' id='line_1_9' title="bbox 489 1065 1553 1129; baseline 0.008 -19"><span class='ocrx_word' id='word_1_45' title='bbox 489 1075 635 1125; x_wconf 86' lang='lat' dir='ltr'><strong>pere,</strong></span> <span class='ocrx_word' id='word_1_46' title='bbox 671 1078 732 1112; x_wconf 88' lang='lat' dir='ltr'><strong>ac</strong></span> <span class='ocrx_word' id='word_1_47' title='bbox 769 1065 944 1127; x_wconf 87' lang='lat' dir='ltr'><strong>capite</strong></span> <span class='ocrx_word' id='word_1_48' title='bbox 979 1080 1137 1114; x_wconf 84' lang='lat' dir='ltr'><strong>censo</strong></span> <span class='ocrx_word' id='word_1_49' title='bbox 1161 1068 1416 1129; x_wconf 84' lang='lat' dir='ltr'><strong>usurpari.</strong></span> <span class='ocrx_word' id='word_1_50' title='bbox 1488 1068 1553 1118; x_wconf 92' lang='lat' dir='ltr'><strong>Id</strong></span> 
     </span>
     <span class='ocr_line' id='line_1_10' title="bbox 490 1138 1553 1201; baseline 0.008 -17"><span class='ocrx_word' id='word_1_51' title='bbox 490 1138 626 1201; x_wconf 83' lang='lat' dir='ltr'><strong>quod</strong></span> <span class='ocrx_word' id='word_1_52' title='bbox 651 1140 811 1189; x_wconf 84' lang='lat' dir='ltr'><strong>etiam</strong></span> <span class='ocrx_word' id='word_1_53' title='bbox 832 1140 987 1190; x_wconf 90' lang='lat' dir='ltr'><strong>docet</strong></span> <span class='ocrx_word' id='word_1_54' title='bbox 1011 1141 1302 1191; x_wconf 86' lang='lat' dir='ltr'><strong>Scriverius</strong></span> <span class='ocrx_word' id='word_1_55' title='bbox 1324 1142 1388 1191; x_wconf 91' lang='lat' dir='ltr'><strong>ad</strong></span> <span class='ocrx_word' id='word_1_56' title='bbox 1413 1143 1553 1192; x_wconf 86' lang='lat' dir='ltr'><strong>Mar-</strong></span> 
     </span>
     <span class='ocr_line' id='line_1_11' title="bbox 491 1214 1553 1281; baseline 0.008 -20"><span class='ocrx_word' id='word_1_57' title='bbox 491 1214 601 1262; x_wconf 84' lang='lat' dir='ltr'><strong>tial.</strong></span> <span class='ocrx_word' id='word_1_58' title='bbox 615 1229 740 1266; x_wconf 74' lang='lat' dir='ltr'><strong>vin.</strong></span> <span class='ocrx_word' id='word_1_59' title='bbox 758 1220 836 1266; x_wconf 82' lang='lat'><strong>15.</strong></span> <span class='ocrx_word' id='word_1_60' title='bbox 861 1217 1079 1266; x_wconf 88' lang='lat' dir='ltr'><strong>Videtur</strong></span> <span class='ocrx_word' id='word_1_61' title='bbox 1096 1231 1221 1281; x_wconf 78' lang='lat' dir='ltr'><strong>ergo</strong></span> <span class='ocrx_word' id='word_1_62' title='bbox 1240 1218 1439 1267; x_wconf 75' lang='lat' dir='ltr'><strong>Plinius</strong></span> <span class='ocrx_word' id='word_1_63' title='bbox 1456 1221 1553 1270; x_wconf 89' lang='lat' dir='ltr'><strong>boc</strong></span> 
     </span>
     <span class='ocr_line' id='line_1_12' title="bbox 488 1293 1551 1359; baseline 0.006 -21"><span class='ocrx_word' id='word_1_64' title='bbox 488 1305 693 1355; x_wconf 82' lang='lat' dir='ltr'><strong>quoque</strong></span> <span class='ocrx_word' id='word_1_65' title='bbox 720 1294 833 1342; x_wconf 91' lang='lat' dir='ltr'><strong>loco</strong></span> <span class='ocrx_word' id='word_1_66' title='bbox 858 1293 1009 1342; x_wconf 76' lang='lat' dir='ltr'><strong>tribus</strong></span> <span class='ocrx_word' id='word_1_67' title='bbox 1031 1294 1350 1357; x_wconf 72' lang='lat' dir='ltr'><strong>distinguere</strong></span> <span class='ocrx_word' id='word_1_68' title='bbox 1372 1310 1401 1343; x_wconf 90' lang='lat' dir='ltr'><strong>a</strong></span> <span class='ocrx_word' id='word_1_69' title='bbox 1426 1302 1442 1325; x_wconf 80' lang='lat'>‘</span> <span class='ocrx_word' id='word_1_70' title='bbox 1461 1310 1551 1359; x_wconf 86' lang='lat' dir='ltr'><strong>po·</strong></span> 
     </span>
     <span class='ocr_line' id='line_1_13' title="bbox 489 1369 1553 1434; baseline 0.006 -19"><span class='ocrx_word' id='word_1_71' title='bbox 489 1369 652 1431; x_wconf 66' lang='lat' dir='ltr'><strong>pulo:</strong></span> <span class='ocrx_word' id='word_1_72' title='bbox 684 1376 737 1417; x_wconf 89' lang='lat' dir='ltr'><strong>et</strong></span> <span class='ocrx_word' id='word_1_73' title='bbox 775 1384 870 1433; x_wconf 91' lang='lat' dir='ltr'><strong>pro</strong></span> <span class='ocrx_word' id='word_1_74' title='bbox 913 1369 1086 1419; x_wconf 85' lang='lat' dir='ltr'><strong>infima</strong></span> <span class='ocrx_word' id='word_1_75' title='bbox 1127 1371 1277 1433; x_wconf 76' lang='lat' dir='ltr'><strong>plebe</strong></span> <span class='ocrx_word' id='word_1_76' title='bbox 1322 1371 1553 1434; x_wconf 68' lang='lat' dir='ltr'><strong>habere,</strong></span> 
     </span>
     <span class='ocr_line' id='line_1_14' title="bbox 490 1444 1554 1512; baseline 0.007 -20"><span class='ocrx_word' id='word_1_77' title='bbox 490 1444 565 1493; x_wconf 88' lang='lat' dir='ltr'><strong>uti</strong></span> <span class='ocrx_word' id='word_1_78' title='bbox 605 1445 817 1494; x_wconf 90' lang='lat' dir='ltr'><strong>Sueton.</strong></span> <span class='ocrx_word' id='word_1_79' title='bbox 840 1445 976 1509; x_wconf 77' lang='lat' dir='ltr'><strong>Aug.</strong></span> <span class='ocrx_word' id='word_1_80' title='bbox 1009 1461 1126 1509; x_wconf 85' lang='lat' dir='ltr'><strong>cap.</strong></span> <span class='ocrx_word' id='word_1_81' title='bbox 1157 1450 1269 1496; x_wconf 86' lang='lat'><strong>101.</strong></span> <span class='ocrx_word' id='word_1_82' title='bbox 1301 1447 1554 1512; x_wconf 75' lang='lat' dir='ltr'><strong>‘Legavit</strong></span> 
     </span>
     <span class='ocr_line' id='line_1_15' title="bbox 488 1521 1551 1587; baseline 0.006 -19"><span class='ocrx_word' id='word_1_83' title='bbox 488 1521 681 1583; x_wconf 84' lang='lat' dir='ltr'><strong>populo</strong></span> <span class='ocrx_word' id='word_1_84' title='bbox 717 1521 949 1570; x_wconf 83' lang='lat' dir='ltr'><strong>Romano</strong></span> <span class='ocrx_word' id='word_1_85' title='bbox 981 1523 1422 1587; x_wconf 72' lang='lat' dir='ltr'><strong>quadringenties,</strong></span> <span class='ocrx_word' id='word_1_86' title='bbox 1459 1526 1551 1575; x_wconf 85' lang='lat' dir='ltr'><strong>tri·</strong></span> 
     </span>
     <span class='ocr_line' id='line_1_16' title="bbox 491 1597 1551 1662; baseline 0.004 -16"><span class='ocrx_word' id='word_1_87' title='bbox 491 1597 657 1646; x_wconf 88' lang='lat' dir='ltr'><strong>bubus</strong></span> <span class='ocrx_word' id='word_1_88' title='bbox 691 1597 869 1646; x_wconf 89' lang='lat' dir='ltr'><strong>tricies</strong></span> <span class='ocrx_word' id='word_1_89' title='bbox 903 1600 1127 1662; x_wconf 87' lang='lat' dir='ltr'><strong>quinque</strong></span> <span class='ocrx_word' id='word_1_90' title='bbox 1145 1597 1179 1648; x_wconf 67' lang='grc' dir='ltr'><strong>ε’</strong></span> <span class='ocrx_word' id='word_1_91' title='bbox 1222 1599 1325 1658; x_wconf 87' lang='lat' dir='ltr'><strong>ubi,</strong></span> <span class='ocrx_word' id='word_1_92' title='bbox 1365 1600 1551 1650; x_wconf 86' lang='lat' dir='ltr'><strong>Casan·</strong></span> 
     </span>
     <span class='ocr_line' id='line_1_17' title="bbox 488 1674 1551 1740; baseline 0.002 -16"><span class='ocrx_word' id='word_1_93' title='bbox 488 1674 623 1724; x_wconf 91' lang='lat' dir='ltr'><strong>bono</strong></span> <span class='ocrx_word' id='word_1_94' title='bbox 639 1675 959 1737; x_wconf 72' lang='lat' dir='ltr'><strong>explicante,</strong></span> <span class='ocrx_word' id='word_1_95' title='bbox 978 1681 1031 1723; x_wconf 92' lang='lat' dir='ltr'><strong>et</strong></span> <span class='ocrx_word' id='word_1_96' title='bbox 1056 1674 1332 1737; x_wconf 79' lang='lat' dir='ltr'><strong>probante,</strong></span> <span class='ocrx_word' id='word_1_97' title='bbox 1353 1679 1368 1704; x_wconf 90' lang='lat'>‘</span> <span class='ocrx_word' id='word_1_98' title='bbox 1388 1691 1551 1740; x_wconf 89' lang='lat' dir='ltr'><strong>popu·</strong></span> 
     </span>
     <span class='ocr_line' id='line_1_18' title="bbox 484 1753 1553 1818; baseline 0.002 -15"><span class='ocrx_word' id='word_1_99' title='bbox 484 1755 519 1803; x_wconf 85' lang='lat' dir='ltr'><strong>li</strong></span> <span class='ocrx_word' id='word_1_100' title='bbox 538 1753 554 1777; x_wconf 85' lang='lat'>’</span> <span class='ocrx_word' id='word_1_101' title='bbox 588 1755 793 1803; x_wconf 85' lang='lat' dir='ltr'><strong>nomine</strong></span> <span class='ocrx_word' id='word_1_102' title='bbox 811 1755 1151 1818; x_wconf 77' lang='lat' dir='ltr'><strong>designantur</strong></span> <span class='ocrx_word' id='word_1_103' title='bbox 1170 1757 1312 1804; x_wconf 85' lang='lat' dir='ltr'><strong>cives</strong></span> <span class='ocrx_word' id='word_1_104' title='bbox 1331 1757 1553 1806; x_wconf 86' lang='lat' dir='ltr'><strong>Romani</strong></span> 
     </span>
     <span class='ocr_line' id='line_1_19' title="bbox 486 1830 1553 1895; baseline 0.004 -16"><span class='ocrx_word' id='word_1_105' title='bbox 486 1830 839 1892; x_wconf 71' lang='lat' dir='ltr'><strong>honestiores,</strong></span> <span class='ocrx_word' id='word_1_106' title='bbox 874 1831 960 1895; x_wconf 86' lang='lat' dir='ltr'><strong>qui</strong></span> <span class='ocrx_word' id='word_1_107' title='bbox 994 1838 1185 1889; x_wconf 76' lang='lat' dir='ltr'><strong>tamen,</strong></span> <span class='ocrx_word' id='word_1_108' title='bbox 1216 1832 1283 1881; x_wconf 93' lang='lat' dir='ltr'><strong>ob</strong></span> <span class='ocrx_word' id='word_1_109' title='bbox 1316 1833 1553 1895; x_wconf 74' lang='lat' dir='ltr'><strong>indigen·</strong></span> 
     </span>
     <span class='ocr_line' id='line_1_20' title="bbox 491 1905 1551 1962; baseline 0.004 -8"><span class='ocrx_word' id='word_1_110' title='bbox 491 1905 631 1962; x_wconf 85' lang='lat' dir='ltr'><strong>tiam,</strong></span> <span class='ocrx_word' id='word_1_111' title='bbox 667 1906 845 1955; x_wconf 84' lang='lat' dir='ltr'><strong>talium</strong></span> <span class='ocrx_word' id='word_1_112' title='bbox 881 1907 1247 1957; x_wconf 87' lang='lat' dir='ltr'><strong>liberalitatum</strong></span> <span class='ocrx_word' id='word_1_113' title='bbox 1285 1916 1551 1960; x_wconf 86' lang='lat' dir='ltr'><strong>consortes</strong></span> 
     </span>
     <span class='ocr_line' id='line_1_21' title="bbox 488 1982 1552 2046; baseline 0.008 -17"><span class='ocrx_word' id='word_1_114' title='bbox 488 1994 623 2042; x_wconf 88' lang='lat' dir='ltr'><strong>asse,</strong></span> <span class='ocrx_word' id='word_1_115' title='bbox 645 1992 735 2031; x_wconf 89' lang='lat' dir='ltr'><strong>aut</strong></span> <span class='ocrx_word' id='word_1_116' title='bbox 761 1982 973 2043; x_wconf 82' lang='lat' dir='ltr'><strong>vellent,</strong></span> <span class='ocrx_word' id='word_1_117' title='bbox 1006 1992 1098 2034; x_wconf 89' lang='lat' dir='ltr'><strong>ant</strong></span> <span class='ocrx_word' id='word_1_118' title='bbox 1126 1986 1394 2046; x_wconf 65' lang='lat' dir='ltr'><strong>solerent,</strong></span> <span class='ocrx_word' id='word_1_119' title='bbox 1427 1993 1441 2015; x_wconf 76' lang='lat'>⁸</span> <span class='ocrx_word' id='word_1_120' title='bbox 1459 1987 1552 2037; x_wconf 86' lang='lat' dir='ltr'><strong>tri·</strong></span> 
     </span>
     <span class='ocr_line' id='line_1_22' title="bbox 488 2056 1553 2112; baseline 0.006 -5"><span class='ocrx_word' id='word_1_121' title='bbox 488 2057 644 2108; x_wconf 87' lang='lat' dir='ltr'><strong>buum</strong></span> <span class='ocrx_word' id='word_1_122' title='bbox 662 2056 678 2080; x_wconf 88' lang='lat'><em>&#39;</em></span> <span class='ocrx_word' id='word_1_123' title='bbox 711 2066 885 2108; x_wconf 87' lang='lat' dir='ltr'><strong>antem</strong></span> <span class='ocrx_word' id='word_1_124' title='bbox 913 2060 1117 2109; x_wconf 88' lang='lat' dir='ltr'><strong>nomine</strong></span> <span class='ocrx_word' id='word_1_125' title='bbox 1143 2062 1444 2112; x_wconf 89' lang='lat' dir='ltr'><strong>indicantur</strong></span> <span class='ocrx_word' id='word_1_126' title='bbox 1463 2063 1553 2112; x_wconf 86' lang='lat' dir='ltr'><strong>bo·</strong></span> 
     </span>
     <span class='ocr_line' id='line_1_23' title="bbox 486 2133 1551 2203; baseline 0.004 -20"><span class='ocrx_word' id='word_1_127' title='bbox 486 2134 649 2183; x_wconf 86' lang='lat' dir='ltr'><strong>mines</strong></span> <span class='ocrx_word' id='word_1_128' title='bbox 702 2133 882 2198; x_wconf 82' lang='lat' dir='ltr'><strong>infimi,</strong></span> <span class='ocrx_word' id='word_1_129' title='bbox 938 2142 992 2185; x_wconf 83' lang='lat' dir='ltr'><strong>et</strong></span> <span class='ocrx_word' id='word_1_130' title='bbox 1048 2138 1357 2200; x_wconf 69' lang='lat' dir='ltr'><strong>tenuissimi,</strong></span> <span class='ocrx_word' id='word_1_131' title='bbox 1411 2138 1551 2203; x_wconf 88' lang='lat' dir='ltr'><strong>iique</strong></span> 
     </span>
     <span class='ocr_line' id='line_1_24' title="bbox 487 2209 1552 2276; baseline 0.007 -18"><span class='ocrx_word' id='word_1_132' title='bbox 487 2209 861 2259; x_wconf 72' lang='lat' dir='ltr'><strong>mendaciores.</strong></span> <span class='ocrx_word' id='word_1_133' title='bbox 926 2212 1138 2261; x_wconf 84' lang='lat' dir='ltr'><strong>Tacitus</strong></span> <span class='ocrx_word' id='word_1_134' title='bbox 1178 2228 1320 2276; x_wconf 87' lang='lat' dir='ltr'><strong>vero,</strong></span> <span class='ocrx_word' id='word_1_135' title='bbox 1364 2213 1552 2265; x_wconf 84' lang='lat' dir='ltr'><strong>Annal.</strong></span> 
     </span>
     <span class='ocr_line' id='line_1_25' title="bbox 486 2284 1551 2353; baseline 0.006 -20"><span class='ocrx_word' id='word_1_136' title='bbox 486 2298 526 2335; x_wconf 85' lang='lat' dir='ltr'><strong>t.</strong></span> <span class='ocrx_word' id='word_1_137' title='bbox 550 2289 599 2337; x_wconf 85' lang='grc'><strong>8.</strong></span> <span class='ocrx_word' id='word_1_138' title='bbox 622 2284 710 2335; x_wconf 88' lang='lat' dir='ltr'><strong>nbi</strong></span> <span class='ocrx_word' id='word_1_139' title='bbox 734 2285 800 2335; x_wconf 90' lang='lat' dir='ltr'><strong>de</strong></span> <span class='ocrx_word' id='word_1_140' title='bbox 823 2286 1005 2336; x_wconf 86' lang='lat' dir='ltr'><strong>iisdem</strong></span> <span class='ocrx_word' id='word_1_141' title='bbox 1030 2288 1219 2352; x_wconf 74' lang='lat' dir='ltr'><strong>legatis</strong></span> <span class='ocrx_word' id='word_1_142' title='bbox 1235 2287 1456 2353; x_wconf 78' lang='lat' dir='ltr'><strong>Augusti</strong></span> <span class='ocrx_word' id='word_1_143' title='bbox 1480 2291 1551 2340; x_wconf 91' lang='lat' dir='ltr'><strong>lo·</strong></span> 
     </span>
     <span class='ocr_line' id='line_1_26' title="bbox 486 2362 1550 2429; baseline 0.007 -20"><span class='ocrx_word' id='word_1_144' title='bbox 486 2362 680 2427; x_wconf 89' lang='lat' dir='ltr'><strong>quitur,</strong></span> <span class='ocrx_word' id='word_1_145' title='bbox 711 2364 728 2392; x_wconf 78' lang='lat'><strong>⁴</strong></span> <span class='ocrx_word' id='word_1_146' title='bbox 747 2363 951 2424; x_wconf 82' lang='lat' dir='ltr'><strong>plebem</strong></span> <span class='ocrx_word' id='word_1_147' title='bbox 971 2364 984 2387; x_wconf 87' lang='lat'>&#39;</span> <span class='ocrx_word' id='word_1_148' title='bbox 1020 2371 1189 2426; x_wconf 84' lang='lat' dir='ltr'><strong>vocat,</strong></span> <span class='ocrx_word' id='word_1_149' title='bbox 1211 2380 1338 2429; x_wconf 83' lang='lat' dir='ltr'><strong>quas</strong></span> <span class='ocrx_word' id='word_1_150' title='bbox 1362 2366 1550 2416; x_wconf 89' lang='lat' dir='ltr'><strong>Sueto·</strong></span> 
     </span>
     <span class='ocr_line' id='line_1_27' title="bbox 485 2438 1550 2492; baseline 0.005 -5"><span class='ocrx_word' id='word_1_151' title='bbox 485 2438 601 2489; x_wconf 88' lang='lat' dir='ltr'><strong>nius</strong></span> <span class='ocrx_word' id='word_1_152' title='bbox 627 2447 682 2488; x_wconf 91' lang='lat' dir='ltr'><strong>et</strong></span> <span class='ocrx_word' id='word_1_153' title='bbox 705 2439 906 2490; x_wconf 85' lang='lat' dir='ltr'><strong>Plinius</strong></span> <span class='ocrx_word' id='word_1_154' title='bbox 927 2438 1111 2490; x_wconf 86' lang='lat' dir='ltr'><strong>dicunt</strong></span> <span class='ocrx_word' id='word_1_155' title='bbox 1132 2442 1148 2470; x_wconf 86' lang='lat'>‘</span> <span class='ocrx_word' id='word_1_156' title='bbox 1169 2440 1370 2491; x_wconf 66' lang='lat' dir='ltr'><strong>tribus!</strong></span> <span class='ocrx_word' id='word_1_157' title='bbox 1417 2442 1433 2470; x_wconf 90' lang='lat'>‘</span> <span class='ocrx_word' id='word_1_158' title='bbox 1455 2443 1550 2492; x_wconf 87' lang='lat' dir='ltr'><strong>Le-</strong></span> 
     </span>
     <span class='ocr_line' id='line_1_28' title="bbox 486 2514 1551 2580; baseline 0.005 -17"><span class='ocrx_word' id='word_1_159' title='bbox 486 2514 646 2578; x_wconf 78' lang='lat' dir='ltr'><strong>gata,&#39;</strong></span> <span class='ocrx_word' id='word_1_160' title='bbox 679 2515 866 2580; x_wconf 88' lang='lat' dir='ltr'><strong>inquit,</strong></span> <span class='ocrx_word' id='word_1_161' title='bbox 899 2523 913 2544; x_wconf 78' lang='lat'>⁸</span> <span class='ocrx_word' id='word_1_162' title='bbox 930 2531 1030 2565; x_wconf 92' lang='lat' dir='ltr'><strong>non</strong></span> <span class='ocrx_word' id='word_1_163' title='bbox 1054 2517 1190 2566; x_wconf 84' lang='lat' dir='ltr'><strong>ultra</strong></span> <span class='ocrx_word' id='word_1_164' title='bbox 1213 2517 1416 2566; x_wconf 76' lang='lat' dir='ltr'><strong>civilem</strong></span> <span class='ocrx_word' id='word_1_165' title='bbox 1442 2533 1551 2568; x_wconf 91' lang='lat' dir='ltr'><strong>mo·</strong></span> 
     </span>
     <span class='ocr_line' id='line_1_29' title="bbox 484 2590 1552 2656; baseline 0.005 -17"><span class='ocrx_word' id='word_1_166' title='bbox 484 2590 627 2647; x_wconf 88' lang='lat' dir='ltr'><strong>dum,</strong></span> <span class='ocrx_word' id='word_1_167' title='bbox 681 2591 777 2639; x_wconf 90' lang='lat' dir='ltr'><strong>nisi</strong></span> <span class='ocrx_word' id='word_1_168' title='bbox 835 2593 973 2656; x_wconf 89' lang='lat' dir='ltr'><strong>quod</strong></span> <span class='ocrx_word' id='word_1_169' title='bbox 1049 2594 1243 2655; x_wconf 90' lang='lat' dir='ltr'><strong>populo</strong></span> <span class='ocrx_word' id='word_1_170' title='bbox 1298 2602 1353 2641; x_wconf 89' lang='lat' dir='ltr'><strong>et</strong></span> <span class='ocrx_word' id='word_1_171' title='bbox 1411 2595 1552 2656; x_wconf 87' lang='lat' dir='ltr'><strong>plebi</strong></span> 
     </span>
     <span class='ocr_line' id='line_1_30' title="bbox 485 2665 1551 2720; baseline 0.004 -4"><span class='ocrx_word' id='word_1_172' title='bbox 485 2679 804 2716; x_wconf 82' lang='lat' dir='ltr'><strong>ccccxxxv.</strong></span> <span class='ocrx_word' id='word_1_173' title='bbox 826 2665 1004 2715; x_wconf 88' lang='lat' dir='ltr'><strong>dedit.’</strong></span> <span class='ocrx_word' id='word_1_174' title='bbox 1053 2667 1201 2716; x_wconf 83' lang='lat' dir='ltr'><strong>Idem</strong></span> <span class='ocrx_word' id='word_1_175' title='bbox 1220 2668 1388 2718; x_wconf 85' lang='lat' dir='ltr'><strong>Tacit.</strong></span> <span class='ocrx_word' id='word_1_176' title='bbox 1408 2669 1551 2720; x_wconf 82' lang='lat' dir='ltr'><strong>Hist.</strong></span> 
     </span>
     <span class='ocr_line' id='line_1_31' title="bbox 485 2739 1552 2806; baseline 0.003 -15"><span class='ocrx_word' id='word_1_177' title='bbox 485 2755 522 2791; x_wconf 84' lang='lat' dir='ltr'><strong>r.</strong></span> <span class='ocrx_word' id='word_1_178' title='bbox 558 2746 640 2790; x_wconf 78' lang='lat'><strong>86.</strong></span> <span class='ocrx_word' id='word_1_179' title='bbox 673 2739 840 2789; x_wconf 83' lang='lat' dir='ltr'><strong>‘Tum</strong></span> <span class='ocrx_word' id='word_1_180' title='bbox 876 2756 1002 2790; x_wconf 88' lang='lat' dir='ltr'><strong>vero</strong></span> <span class='ocrx_word' id='word_1_181' title='bbox 1034 2755 1133 2790; x_wconf 87' lang='lat' dir='ltr'><strong>non</strong></span> <span class='ocrx_word' id='word_1_182' title='bbox 1177 2744 1396 2806; x_wconf 89' lang='lat' dir='ltr'><strong>populus</strong></span> <span class='ocrx_word' id='word_1_183' title='bbox 1436 2751 1552 2794; x_wconf 87' lang='lat' dir='ltr'><strong>tau·</strong></span> 
     </span>
     <span class='ocr_line' id='line_1_32' title="bbox 486 2817 1552 2882; baseline 0.008 -18"><span class='ocrx_word' id='word_1_184' title='bbox 486 2823 616 2879; x_wconf 88' lang='lat' dir='ltr'><strong>tum,</strong></span> <span class='ocrx_word' id='word_1_185' title='bbox 639 2824 694 2866; x_wconf 83' lang='lat' dir='ltr'><strong>et</strong></span> <span class='ocrx_word' id='word_1_186' title='bbox 719 2817 961 2879; x_wconf 88' lang='lat' dir='ltr'><strong>imperita</strong></span> <span class='ocrx_word' id='word_1_187' title='bbox 993 2818 1164 2880; x_wconf 86' lang='lat' dir='ltr'><strong>plebs,</strong></span> <span class='ocrx_word' id='word_1_188' title='bbox 1186 2820 1236 2868; x_wconf 89' lang='lat' dir='ltr'><strong>iu</strong></span> <span class='ocrx_word' id='word_1_189' title='bbox 1264 2823 1474 2882; x_wconf 88' lang='lat' dir='ltr'><strong>plausus</strong></span> <span class='ocrx_word' id='word_1_190' title='bbox 1496 2829 1552 2873; x_wconf 87' lang='lat' dir='ltr'><strong>et</strong></span> 
     </span>
     <span class='ocr_line' id='line_1_33' title="bbox 483 2892 1550 2961; baseline 0.006 -20"><span class='ocrx_word' id='word_1_191' title='bbox 483 2892 758 2942; x_wconf 90' lang='lat' dir='ltr'><strong>immodica</strong></span> <span class='ocrx_word' id='word_1_192' title='bbox 776 2892 977 2957; x_wconf 87' lang='lat' dir='ltr'><strong>studia;</strong></span> <span class='ocrx_word' id='word_1_193' title='bbox 1000 2894 1089 2942; x_wconf 82' lang='lat' dir='ltr'><strong>sed</strong></span> <span class='ocrx_word' id='word_1_194' title='bbox 1116 2902 1168 2944; x_wconf 90' lang='lat' dir='ltr'><strong>et</strong></span> <span class='ocrx_word' id='word_1_195' title='bbox 1193 2898 1422 2959; x_wconf 89' lang='lat' dir='ltr'><strong>equitum</strong></span> <span class='ocrx_word' id='word_1_196' title='bbox 1443 2899 1550 2961; x_wconf 88' lang='lat' dir='ltr'><strong>ple·</strong></span> 
     </span>
     <span class='ocr_line' id='line_1_34' title="bbox 483 2967 1552 3034; baseline 0.007 -18"><span class='ocrx_word' id='word_1_197' title='bbox 483 2967 653 3032; x_wconf 89' lang='lat' dir='ltr'><strong>rique,</strong></span> <span class='ocrx_word' id='word_1_198' title='bbox 675 2983 734 3018; x_wconf 89' lang='lat' dir='ltr'><strong>ac</strong></span> <span class='ocrx_word' id='word_1_199' title='bbox 770 2976 1089 3031; x_wconf 83' lang='lat' dir='ltr'><strong>senatorum,</strong></span> <span class='ocrx_word' id='word_1_200' title='bbox 1113 2972 1279 3034; x_wconf 91' lang='lat' dir='ltr'><strong>posito</strong></span> <span class='ocrx_word' id='word_1_201' title='bbox 1311 2981 1450 3022; x_wconf 88' lang='lat' dir='ltr'><strong>metu</strong></span> <span class='ocrx_word' id='word_1_202' title='bbox 1474 2976 1552 3023; x_wconf 89' lang='lat' dir='ltr'><strong>in·</strong></span> 
     </span>
     <span class='ocr_line' id='line_1_35' title="bbox 482 3044 1554 3100; baseline 0.007 -7"><span class='ocrx_word' id='word_1_203' title='bbox 482 3044 664 3095; x_wconf 62' lang='lat' dir='ltr'><strong>cauti!</strong></span> <span class='ocrx_word' id='word_1_204' title='bbox 730 3045 1165 3096; x_wconf 87' lang='lat' dir='ltr'><strong>Luculentissime</strong></span> <span class='ocrx_word' id='word_1_205' title='bbox 1205 3048 1342 3097; x_wconf 91' lang='lat' dir='ltr'><strong>idem</strong></span> <span class='ocrx_word' id='word_1_206' title='bbox 1385 3050 1554 3100; x_wconf 78' lang='lat' dir='ltr'><strong>Tacit.</strong></span> 
     </span>
     <span class='ocr_line' id='line_1_36' title="bbox 481 3120 1551 3190; baseline 0.006 -20"><span class='ocrx_word' id='word_1_207' title='bbox 481 3120 623 3170; x_wconf 87' lang='lat' dir='ltr'><strong>Hist.</strong></span> <span class='ocrx_word' id='word_1_208' title='bbox 640 3135 678 3171; x_wconf 85' lang='grc' dir='ltr'><strong>ι.</strong></span> <span class='ocrx_word' id='word_1_209' title='bbox 694 3125 743 3173; x_wconf 78' lang='grc'><strong>4.</strong></span> <span class='ocrx_word' id='word_1_210' title='bbox 762 3122 967 3185; x_wconf 85' lang='lat' dir='ltr'><strong>plebem</strong></span> <span class='ocrx_word' id='word_1_211' title='bbox 984 3137 1013 3171; x_wconf 91' lang='lat' dir='ltr'><strong>a</strong></span> <span class='ocrx_word' id='word_1_212' title='bbox 1041 3125 1320 3187; x_wconf 63' lang='lat' dir='ltr'><strong>popitlo,fet</strong></span> <span class='ocrx_word' id='word_1_213' title='bbox 1340 3125 1551 3190; x_wconf 86' lang='lat' dir='ltr'><strong>reliquis</strong></span> 
     </span>
     <span class='ocr_line' id='line_1_37' title="bbox 481 3197 1551 3265; baseline 0.006 -20"><span class='ocrx_word' id='word_1_214' title='bbox 481 3197 1056 3259; x_wconf 82' lang='lat' dir='ltr'><strong>ordinibus,discernit=</strong></span> <span class='ocrx_word' id='word_1_215' title='bbox 1080 3199 1203 3249; x_wconf 81' lang='lat' dir='ltr'><strong>‘Sed</strong></span> <span class='ocrx_word' id='word_1_216' title='bbox 1222 3209 1393 3263; x_wconf 81' lang='lat' dir='ltr'><strong>patres</strong></span> <span class='ocrx_word' id='word_1_217' title='bbox 1406 3202 1551 3265; x_wconf 56' lang='lat' dir='ltr'><strong>leti:</strong></span> 
     </span>
     <span class='ocr_line' id='line_1_38' title="bbox 481 3272 1549 3340; baseline 0.006 -17"><span class='ocrx_word' id='word_1_218' title='bbox 481 3272 668 3337; x_wconf 85' lang='lat' dir='ltr'><strong>inquit,</strong></span> <span class='ocrx_word' id='word_1_219' title='bbox 683 3306 697 3322; x_wconf 94' lang='lat'><strong>.</strong></span> <span class='ocrx_word' id='word_1_220' title='bbox 716 3307 729 3322; x_wconf 94' lang='lat'><strong>.</strong></span> <span class='ocrx_word' id='word_1_221' title='bbox 749 3307 762 3321; x_wconf 96' lang='lat'><strong>.</strong></span> <span class='ocrx_word' id='word_1_222' title='bbox 776 3274 792 3301; x_wconf 88' lang='lat'>‘</span> <span class='ocrx_word' id='word_1_223' title='bbox 811 3277 1059 3337; x_wconf 79' lang='lat' dir='ltr'><strong>primores</strong></span> <span class='ocrx_word' id='word_1_224' title='bbox 1078 3277 1310 3339; x_wconf 85' lang='lat' dir='ltr'><strong>equitum</strong></span> <span class='ocrx_word' id='word_1_225' title='bbox 1330 3279 1549 3340; x_wconf 83' lang='lat' dir='ltr'><strong>proximi</strong></span> 
     </span>
     <span class='ocr_line' id='line_1_39' title="bbox 479 3351 1547 3420; baseline 0.005 -19"><span class='ocrx_word' id='word_1_226' title='bbox 479 3351 670 3415; x_wconf 74' lang='lat' dir='ltr'><strong>gaudio</strong></span> <span class='ocrx_word' id='word_1_227' title='bbox 695 3360 935 3415; x_wconf 84' lang='lat' dir='ltr'><strong>patrnm;</strong></span> <span class='ocrx_word' id='word_1_228' title='bbox 973 3367 1089 3416; x_wconf 83' lang='lat' dir='ltr'><strong>pars</strong></span> <span class='ocrx_word' id='word_1_229' title='bbox 1123 3356 1297 3419; x_wconf 89' lang='lat' dir='ltr'><strong>populi</strong></span> <span class='ocrx_word' id='word_1_230' title='bbox 1325 3355 1547 3420; x_wconf 82' lang='lat' dir='ltr'><strong>integra,</strong></span> 
     </span>
     <span class='ocr_line' id='line_1_40' title="bbox 479 3428 1548 3496; baseline 0.005 -19"><span class='ocrx_word' id='word_1_231' title='bbox 479 3436 537 3478; x_wconf 82' lang='lat' dir='ltr'><strong>et</strong></span> <span class='ocrx_word' id='word_1_232' title='bbox 560 3429 757 3490; x_wconf 74' lang='lat' dir='ltr'><strong>magnis</strong></span> <span class='ocrx_word' id='word_1_233' title='bbox 780 3428 1017 3479; x_wconf 75' lang='lat' dir='ltr'><strong>domibus</strong></span> <span class='ocrx_word' id='word_1_234' title='bbox 1053 3445 1275 3494; x_wconf 83' lang='lat' dir='ltr'><strong>annexa,</strong></span> <span class='ocrx_word' id='word_1_235' title='bbox 1311 3433 1363 3481; x_wconf 89' lang='lat' dir='ltr'><strong>in</strong></span> <span class='ocrx_word' id='word_1_236' title='bbox 1399 3447 1548 3496; x_wconf 87' lang='lat' dir='ltr'><strong>spem</strong></span> 
     </span>
     <span class='ocr_line' id='line_1_41' title="bbox 479 3505 1549 3569; baseline 0.003 -15"><span class='ocrx_word' id='word_1_237' title='bbox 479 3505 682 3565; x_wconf 76' lang='lat' dir='ltr'><strong>erecti3</strong></span> <span class='ocrx_word' id='word_1_238' title='bbox 733 3505 881 3569; x_wconf 90' lang='lat' dir='ltr'><strong>plebs</strong></span> <span class='ocrx_word' id='word_1_239' title='bbox 925 3506 1152 3567; x_wconf 83' lang='lat' dir='ltr'><strong>sordida,</strong></span> <span class='ocrx_word' id='word_1_240' title='bbox 1196 3513 1253 3556; x_wconf 87' lang='lat' dir='ltr'><strong>et</strong></span> <span class='ocrx_word' id='word_1_241' title='bbox 1296 3508 1440 3557; x_wconf 85' lang='lat' dir='ltr'><strong>circo</strong></span> <span class='ocrx_word' id='word_1_242' title='bbox 1486 3523 1549 3557; x_wconf 85' lang='lat' dir='ltr'><strong>ac</strong></span> 
     </span>
     <span class='ocr_line' id='line_1_42' title="bbox 479 3581 1549 3647; baseline 0.001 -14"><span class='ocrx_word' id='word_1_243' title='bbox 479 3581 697 3633; x_wconf 73' lang='lat' dir='ltr'><strong>theatris</strong></span> <span class='ocrx_word' id='word_1_244' title='bbox 720 3591 889 3638; x_wconf 86' lang='lat' dir='ltr'><strong>sueta,</strong></span> <span class='ocrx_word' id='word_1_245' title='bbox 921 3615 934 3631; x_wconf 95' lang='lat'><strong>.</strong></span> <span class='ocrx_word' id='word_1_246' title='bbox 952 3615 965 3631; x_wconf 95' lang='lat'><strong>.</strong></span> <span class='ocrx_word' id='word_1_247' title='bbox 984 3616 998 3632; x_wconf 95' lang='lat'><strong>.</strong></span> <span class='ocrx_word' id='word_1_248' title='bbox 1031 3591 1120 3632; x_wconf 84' lang='lat' dir='ltr'><strong>aut</strong></span> <span class='ocrx_word' id='word_1_249' title='bbox 1142 3583 1229 3647; x_wconf 90' lang='lat' dir='ltr'><strong>qui</strong></span> <span class='ocrx_word' id='word_1_250' title='bbox 1253 3584 1422 3633; x_wconf 88' lang='lat' dir='ltr'><strong>adesis</strong></span> <span class='ocrx_word' id='word_1_251' title='bbox 1456 3583 1549 3634; x_wconf 87' lang='lat' dir='ltr'><strong>bo·</strong></span> 
     </span>
     <span class='ocr_line' id='line_1_43' title="bbox 478 3658 1551 3723; baseline 0.001 -15"><span class='ocrx_word' id='word_1_252' title='bbox 478 3660 579 3721; x_wconf 79' lang='lat' dir='ltr'><strong>nis,</strong></span> <span class='ocrx_word' id='word_1_253' title='bbox 613 3673 706 3723; x_wconf 88' lang='lat' dir='ltr'><strong>per</strong></span> <span class='ocrx_word' id='word_1_254' title='bbox 740 3658 969 3708; x_wconf 84' lang='lat' dir='ltr'><strong>dedecus</strong></span> <span class='ocrx_word' id='word_1_255' title='bbox 998 3659 1222 3709; x_wconf 88' lang='lat' dir='ltr'><strong>Neronis</strong></span> <span class='ocrx_word' id='word_1_256' title='bbox 1255 3659 1551 3723; x_wconf 72' lang='lat' dir='ltr'><strong>alebantur,</strong></span> 
     </span>
     <span class='ocr_line' id='line_1_44' title="bbox 476 3739 1547 3799; baseline 0.001 -12"><span class='ocrx_word' id='word_1_257' title='bbox 476 3740 669 3799; x_wconf 64' lang='lat' dir='ltr'><strong>musti,</strong></span> <span class='ocrx_word' id='word_1_258' title='bbox 694 3747 747 3786; x_wconf 88' lang='lat' dir='ltr'><strong>st</strong></span> <span class='ocrx_word' id='word_1_259' title='bbox 770 3753 1028 3788; x_wconf 86' lang='lat' dir='ltr'><strong>rumorum</strong></span> <span class='ocrx_word' id='word_1_260' title='bbox 1064 3739 1242 3788; x_wconf 66' lang='lat' dir='ltr'><strong>avidi!</strong></span> <span class='ocrx_word' id='word_1_261' title='bbox 1312 3740 1423 3789; x_wconf 85' lang='lat' dir='ltr'><strong>Etsi</strong></span> <span class='ocrx_word' id='word_1_262' title='bbox 1448 3740 1547 3790; x_wconf 87' lang='lat' dir='ltr'><strong>ita-</strong></span> 
     </span>
     <span class='ocr_line' id='line_1_45' title="bbox 477 3814 1546 3879; baseline 0.004 -16"><span class='ocrx_word' id='word_1_263' title='bbox 477 3817 579 3879; x_wconf 79' lang='lat' dir='ltr'><strong>que</strong></span> <span class='ocrx_word' id='word_1_264' title='bbox 619 3814 816 3879; x_wconf 89' lang='lat' dir='ltr'><strong>populi,</strong></span> <span class='ocrx_word' id='word_1_265' title='bbox 855 3816 1041 3879; x_wconf 90' lang='lat' dir='ltr'><strong>plebis,</strong></span> <span class='ocrx_word' id='word_1_266' title='bbox 1077 3824 1167 3866; x_wconf 87' lang='lat' dir='ltr'><strong>aut</strong></span> <span class='ocrx_word' id='word_1_267' title='bbox 1203 3818 1429 3867; x_wconf 90' lang='lat' dir='ltr'><strong>tribuum</strong></span> <span class='ocrx_word' id='word_1_268' title='bbox 1454 3832 1546 3867; x_wconf 91' lang='lat' dir='ltr'><strong>no-</strong></span> 
     </span>
     <span class='ocr_line' id='line_1_46' title="bbox 478 3888 1547 3957; baseline 0.003 -17"><span class='ocrx_word' id='word_1_269' title='bbox 478 3891 619 3940; x_wconf 84' lang='lat' dir='ltr'><strong>mina</strong></span> <span class='ocrx_word' id='word_1_270' title='bbox 641 3888 767 3941; x_wconf 83' lang='lat' dir='ltr'><strong>alias</strong></span> <span class='ocrx_word' id='word_1_271' title='bbox 791 3907 928 3957; x_wconf 69' lang='lat' dir='ltr'><strong>swpe</strong></span> <span class='ocrx_word' id='word_1_272' title='bbox 951 3893 1372 3955; x_wconf 77' lang='lat' dir='ltr'><strong>confundantur3</strong></span> <span class='ocrx_word' id='word_1_273' title='bbox 1405 3893 1547 3943; x_wconf 76' lang='lat' dir='ltr'><strong>vide-</strong></span> 
     </span>
     <span class='ocr_line' id='line_1_47' title="bbox 458 3969 1548 4034; baseline 0.003 -17"><span class='ocrx_word' id='word_1_274' title='bbox 458 3981 590 4017; x_wconf 72' lang='lat' dir='ltr'><strong>anus</strong></span> <span class='ocrx_word' id='word_1_275' title='bbox 616 3976 806 4024; x_wconf 85' lang='lat' dir='ltr'><strong>tamen,</strong></span> <span class='ocrx_word' id='word_1_276' title='bbox 825 3969 1102 4032; x_wconf 80' lang='lat' dir='ltr'><strong>aliqnando</strong></span> <span class='ocrx_word' id='word_1_277' title='bbox 1124 3970 1263 4019; x_wconf 89' lang='lat' dir='ltr'><strong>aliud</strong></span> <span class='ocrx_word' id='word_1_278' title='bbox 1296 3983 1389 4033; x_wconf 86' lang='lat' dir='ltr'><strong>per</strong></span> <span class='ocrx_word' id='word_1_279' title='bbox 1418 3976 1433 4000; x_wconf 84' lang='lat'>‘</span> <span class='ocrx_word' id='word_1_280' title='bbox 1456 3984 1548 4034; x_wconf 91' lang='lat' dir='ltr'><strong>po-</strong></span> 
     </span>
     <span class='ocr_line' id='line_1_48' title="bbox 476 4044 1547 4110; baseline 0.006 -17"><span class='ocrx_word' id='word_1_281' title='bbox 476 4044 693 4109; x_wconf 82' lang='lat' dir='ltr'><strong>pulum,’</strong></span> <span class='ocrx_word' id='word_1_282' title='bbox 714 4047 855 4096; x_wconf 86' lang='lat' dir='ltr'><strong>aliud</strong></span> <span class='ocrx_word' id='word_1_283' title='bbox 882 4060 975 4110; x_wconf 89' lang='lat' dir='ltr'><strong>per</strong></span> <span class='ocrx_word' id='word_1_284' title='bbox 1006 4050 1022 4076; x_wconf 87' lang='lat'>‘</span> <span class='ocrx_word' id='word_1_285' title='bbox 1039 4047 1281 4110; x_wconf 83' lang='lat' dir='ltr'><strong>plebem,&#39;</strong></span> <span class='ocrx_word' id='word_1_286' title='bbox 1308 4057 1401 4099; x_wconf 87' lang='lat' dir='ltr'><strong>aut</strong></span> <span class='ocrx_word' id='word_1_287' title='bbox 1422 4049 1547 4099; x_wconf 86' lang='lat' dir='ltr'><strong>‘tri-</strong></span> 
     </span>
     <span class='ocr_line' id='line_1_49' title="bbox 479 4122 1545 4191; baseline 0.006 -21"><span class='ocrx_word' id='word_1_288' title='bbox 479 4122 602 4171; x_wconf 86' lang='lat' dir='ltr'><strong>bus&#39;</strong></span> <span class='ocrx_word' id='word_1_289' title='bbox 646 4122 926 4186; x_wconf 77' lang='lat' dir='ltr'><strong>designari.</strong></span> <span class='ocrx_word' id='word_1_290' title='bbox 998 4124 1115 4174; x_wconf 86' lang='lat' dir='ltr'><strong>Nec</strong></span> <span class='ocrx_word' id='word_1_291' title='bbox 1160 4125 1289 4175; x_wconf 87' lang='lat' dir='ltr'><strong>illud</strong></span> <span class='ocrx_word' id='word_1_292' title='bbox 1334 4125 1545 4191; x_wconf 85' lang='lat' dir='ltr'><strong>quidem</strong></span> 
     </span>
     <span class='ocr_line' id='line_1_50' title="bbox 479 4200 1547 4264; baseline 0.004 -17"><span class='ocrx_word' id='word_1_293' title='bbox 479 4212 665 4248; x_wconf 79' lang='lat' dir='ltr'><strong>novum</strong></span> <span class='ocrx_word' id='word_1_294' title='bbox 701 4207 801 4262; x_wconf 87' lang='lat' dir='ltr'><strong>est,</strong></span> <span class='ocrx_word' id='word_1_295' title='bbox 827 4200 994 4264; x_wconf 82' lang='lat' dir='ltr'><strong>inquit</strong></span> <span class='ocrx_word' id='word_1_296' title='bbox 1030 4201 1384 4260; x_wconf 84' lang='lat' dir='ltr'><strong>Casaubonus,</strong></span> <span class='ocrx_word' id='word_1_297' title='bbox 1421 4217 1471 4253; x_wconf 86' lang='lat' dir='ltr'><strong>c.</strong></span> <span class='ocrx_word' id='word_1_298' title='bbox 1512 4203 1547 4252; x_wconf 88' lang='lat' dir='ltr'><strong>l.</strong></span> 
     </span>
     <span class='ocr_line' id='line_1_51' title="bbox 478 4276 1549 4344; baseline 0.005 -18"><span class='ocrx_word' id='word_1_299' title='bbox 478 4276 614 4341; x_wconf 80' lang='lat' dir='ltr'><strong>quod</strong></span> <span class='ocrx_word' id='word_1_300' title='bbox 670 4277 685 4306; x_wconf 88' lang='lat'>‘</span> <span class='ocrx_word' id='word_1_301' title='bbox 712 4277 881 4329; x_wconf 80' lang='lat' dir='ltr'><strong>tribus</strong></span> <span class='ocrx_word' id='word_1_302' title='bbox 907 4276 921 4299; x_wconf 88' lang='grc'><strong><em>’</em></strong></span> <span class='ocrx_word' id='word_1_303' title='bbox 981 4278 1215 4344; x_wconf 81' lang='lat' dir='ltr'><strong>appellet</strong></span> <span class='ocrx_word' id='word_1_304' title='bbox 1265 4279 1549 4333; x_wconf 86' lang='lat' dir='ltr'><strong>Suetonius</strong></span> 
     </span>
    </p>
   </div>
   <div class='ocr_carea' id='block_1_3' title="bbox 1166 381 1978 434">
    <p class='ocr_par' dir='ltr' id='par_1_3' title="bbox 1166 381 1978 434">
     <span class='ocr_line' id='line_1_52' title="bbox 1166 381 1978 434; baseline 0.005 -4"><span class='ocrx_word' id='word_1_305' title='bbox 1166 381 1382 433; x_wconf 73' lang='lat' dir='ltr'>NOTAE</span> <span class='ocrx_word' id='word_1_306' title='bbox 1433 382 1842 434; x_wconf 60' lang='lat' dir='ltr'><strong>vitumnus!</strong></span> <span class='ocrx_word' id='word_1_307' title='bbox 1895 384 1978 434; x_wconf 79' lang='lat' dir='ltr'><strong>IN</strong></span> 
     </span>
    </p>
   </div>
   <div class='ocr_carea' id='block_1_4' title="bbox 1619 526 2699 4345">
    <p class='ocr_par' dir='ltr' id='par_1_4' title="bbox 1624 526 2699 1817">
     <span class='ocr_line' id='line_1_53' title="bbox 1624 526 2697 593; baseline 0.004 -18"><span class='ocrx_word' id='word_1_308' title='bbox 1624 526 1727 592; x_wconf 88' lang='lat' dir='ltr'><strong>(sic</strong></span> <span class='ocrx_word' id='word_1_309' title='bbox 1769 532 1827 577; x_wconf 84' lang='lat' dir='ltr'><strong>et</strong></span> <span class='ocrx_word' id='word_1_310' title='bbox 1870 526 2115 591; x_wconf 83' lang='lat' dir='ltr'><strong>Plinius.)</strong></span> <span class='ocrx_word' id='word_1_311' title='bbox 2150 526 2475 579; x_wconf 71' lang='lat' dir='ltr'><strong>&#39;vilissimam</strong></span> <span class='ocrx_word' id='word_1_312' title='bbox 2513 528 2697 593; x_wconf 85' lang='lat' dir='ltr'><strong>populi</strong></span> 
     </span>
     <span class='ocr_line' id='line_1_54' title="bbox 1626 601 2697 669; baseline 0.004 -19"><span class='ocrx_word' id='word_1_313' title='bbox 1626 601 1871 666; x_wconf 84' lang='lat' dir='ltr'><strong>1›artem.&#39;</strong></span> <span class='ocrx_word' id='word_1_314' title='bbox 1902 619 2053 669; x_wconf 84' lang='lat' dir='ltr'><strong>quam</strong></span> <span class='ocrx_word' id='word_1_315' title='bbox 2077 605 2293 655; x_wconf 74' lang='lat' dir='ltr'><strong>Tacitus</strong></span> <span class='ocrx_word' id='word_1_316' title='bbox 2315 608 2330 633; x_wconf 80' lang='lat'>⁸</span> <span class='ocrx_word' id='word_1_317' title='bbox 2352 604 2555 669; x_wconf 85' lang='lat' dir='ltr'><strong>plebem</strong></span> <span class='ocrx_word' id='word_1_318' title='bbox 2578 604 2590 619; x_wconf 90' lang='lat'>&#39;</span> <span class='ocrx_word' id='word_1_319' title='bbox 2613 623 2697 654; x_wconf 76' lang='grc' dir='ltr'><strong>κυ-</strong></span> 
     </span>
     <span class='ocr_line' id='line_1_55' title="bbox 1625 677 2695 744; baseline 0.002 -17"><span class='ocrx_word' id='word_1_320' title='bbox 1625 677 1750 741; x_wconf 71' lang='lat' dir='ltr'><strong>plus.</strong></span> <span class='ocrx_word' id='word_1_321' title='bbox 1804 679 2104 730; x_wconf 81' lang='lat' dir='ltr'><strong>Observare</strong></span> <span class='ocrx_word' id='word_1_322' title='bbox 2128 680 2263 728; x_wconf 84' lang='lat' dir='ltr'><strong>enim</strong></span> <span class='ocrx_word' id='word_1_323' title='bbox 2296 680 2438 734; x_wconf 83' lang='lat' dir='ltr'><strong>licet.</strong></span> <span class='ocrx_word' id='word_1_324' title='bbox 2460 695 2577 730; x_wconf 86' lang='lat' dir='ltr'><strong>cum</strong></span> <span class='ocrx_word' id='word_1_325' title='bbox 2603 695 2695 744; x_wconf 90' lang='lat' dir='ltr'><strong>po·</strong></span> 
     </span>
     <span class='ocr_line' id='line_1_56' title="bbox 1628 755 2695 821; baseline 0.002 -17"><span class='ocrx_word' id='word_1_326' title='bbox 1628 758 1779 819; x_wconf 89' lang='lat' dir='ltr'><strong>pulus</strong></span> <span class='ocrx_word' id='word_1_327' title='bbox 1818 757 2076 806; x_wconf 85' lang='lat' dir='ltr'><strong>Romanus</strong></span> <span class='ocrx_word' id='word_1_328' title='bbox 2107 771 2139 805; x_wconf 84' lang='lat' dir='ltr'><strong>a</strong></span> <span class='ocrx_word' id='word_1_329' title='bbox 2170 755 2516 821; x_wconf 81' lang='lat' dir='ltr'><strong>scriptoribus</strong></span> <span class='ocrx_word' id='word_1_330' title='bbox 2538 758 2695 806; x_wconf 88' lang='lat' dir='ltr'><strong>modo</strong></span> 
     </span>
     <span class='ocr_line' id='line_1_57' title="bbox 1627 833 2695 896; baseline 0.001 -15"><span class='ocrx_word' id='word_1_331' title='bbox 1627 833 1677 882; x_wconf 86' lang='lat' dir='ltr'><strong>in</strong></span> <span class='ocrx_word' id='word_1_332' title='bbox 1704 841 1809 883; x_wconf 89' lang='lat' dir='ltr'><strong>tres</strong></span> <span class='ocrx_word' id='word_1_333' title='bbox 1833 833 2039 883; x_wconf 88' lang='lat' dir='ltr'><strong>ordines</strong></span> <span class='ocrx_word' id='word_1_334' title='bbox 2070 833 2438 896; x_wconf 77' lang='lat' dir='ltr'><strong>distinguatur,</strong></span> <span class='ocrx_word' id='word_1_335' title='bbox 2461 833 2619 883; x_wconf 88' lang='lat' dir='ltr'><strong>modo</strong></span> <span class='ocrx_word' id='word_1_336' title='bbox 2640 834 2695 883; x_wconf 89' lang='lat' dir='ltr'><strong>in</strong></span> 
     </span>
     <span class='ocr_line' id='line_1_58' title="bbox 1629 909 2699 973; baseline 0 -15"><span class='ocrx_word' id='word_1_337' title='bbox 1629 918 1870 973; x_wconf 79' lang='lat' dir='ltr'><strong>quatuor,</strong></span> <span class='ocrx_word' id='word_1_338' title='bbox 1895 910 2045 959; x_wconf 85' lang='lat' dir='ltr'><strong>modo</strong></span> <span class='ocrx_word' id='word_1_339' title='bbox 2066 909 2117 959; x_wconf 89' lang='lat' dir='ltr'><strong>in</strong></span> <span class='ocrx_word' id='word_1_340' title='bbox 2142 911 2350 973; x_wconf 85' lang='lat' dir='ltr'><strong>plures;</strong></span> <span class='ocrx_word' id='word_1_341' title='bbox 2386 909 2699 973; x_wconf 84' lang='lat' dir='ltr'><strong>appellatio·</strong></span> 
     </span>
     <span class='ocr_line' id='line_1_59' title="bbox 1629 984 2696 1049; baseline 0.002 -15"><span class='ocrx_word' id='word_1_342' title='bbox 1629 1000 1694 1035; x_wconf 87' lang='lat' dir='ltr'><strong>ne</strong></span> <span class='ocrx_word' id='word_1_343' title='bbox 1729 984 2024 1036; x_wconf 87' lang='lat' dir='ltr'><strong>‘tribuum&#39;</strong></span> <span class='ocrx_word' id='word_1_344' title='bbox 2058 1000 2297 1049; x_wconf 67' lang='lat' dir='ltr'><strong>persepe</strong></span> <span class='ocrx_word' id='word_1_345' title='bbox 2337 988 2572 1036; x_wconf 88' lang='lat' dir='ltr'><strong>ultimum</strong></span> <span class='ocrx_word' id='word_1_346' title='bbox 2613 1001 2696 1036; x_wconf 88' lang='lat' dir='ltr'><strong>or·</strong></span> 
     </span>
     <span class='ocr_line' id='line_1_60' title="bbox 1627 1062 2696 1113; baseline 0 -1"><span class='ocrx_word' id='word_1_347' title='bbox 1627 1063 1798 1112; x_wconf 89' lang='lat' dir='ltr'><strong>dinem</strong></span> <span class='ocrx_word' id='word_1_348' title='bbox 1822 1063 2009 1112; x_wconf 87' lang='lat' dir='ltr'><strong>notari.</strong></span> <span class='ocrx_word' id='word_1_349' title='bbox 2043 1062 2178 1112; x_wconf 71' lang='lat' dir='ltr'><strong>Haec</strong></span> <span class='ocrx_word' id='word_1_350' title='bbox 2201 1062 2559 1113; x_wconf 69' lang='lat' dir='ltr'><strong>casaubonus.</strong></span> <span class='ocrx_word' id='word_1_351' title='bbox 2594 1062 2696 1112; x_wconf 81' lang='lat' dir='ltr'><strong>Lo·</strong></span> 
     </span>
     <span class='ocr_line' id='line_1_61' title="bbox 1626 1138 2696 1201; baseline 0.001 -14"><span class='ocrx_word' id='word_1_352' title='bbox 1626 1139 2025 1201; x_wconf 85' lang='lat' dir='ltr'><strong>cupletabantnr</strong></span> <span class='ocrx_word' id='word_1_353' title='bbox 2051 1146 2242 1200; x_wconf 87' lang='lat' dir='ltr'><strong>autem,</strong></span> <span class='ocrx_word' id='word_1_354' title='bbox 2271 1145 2361 1188; x_wconf 87' lang='lat' dir='ltr'><strong>aut</strong></span> <span class='ocrx_word' id='word_1_355' title='bbox 2383 1138 2569 1188; x_wconf 86' lang='lat' dir='ltr'><strong>saltem</strong></span> <span class='ocrx_word' id='word_1_356' title='bbox 2585 1153 2696 1188; x_wconf 89' lang='lat' dir='ltr'><strong>sus·</strong></span> 
     </span>
     <span class='ocr_line' id='line_1_62' title="bbox 1628 1214 2695 1279; baseline 0.002 -16"><span class='ocrx_word' id='word_1_357' title='bbox 1628 1215 1965 1265; x_wconf 89' lang='lat' dir='ltr'><strong>tentabantur</strong></span> <span class='ocrx_word' id='word_1_358' title='bbox 1982 1215 2061 1264; x_wconf 75' lang='lat' dir='ltr'><strong>bae</strong></span> <span class='ocrx_word' id='word_1_359' title='bbox 2087 1214 2272 1278; x_wconf 87' lang='lat' dir='ltr'><strong>tribus,</strong></span> <span class='ocrx_word' id='word_1_360' title='bbox 2289 1223 2343 1265; x_wconf 88' lang='lat' dir='ltr'><strong>et</strong></span> <span class='ocrx_word' id='word_1_361' title='bbox 2369 1216 2695 1279; x_wconf 73' lang='lat' dir='ltr'><strong>pauperioris</strong></span> 
     </span>
     <span class='ocr_line' id='line_1_63' title="bbox 1626 1289 2697 1354; baseline -0.002 -15"><span class='ocrx_word' id='word_1_362' title='bbox 1626 1290 1937 1339; x_wconf 88' lang='lat' dir='ltr'><strong>conditionis</strong></span> <span class='ocrx_word' id='word_1_363' title='bbox 1975 1289 2227 1350; x_wconf 74' lang='lat' dir='ltr'><strong>homiues,</strong></span> <span class='ocrx_word' id='word_1_364' title='bbox 2248 1290 2508 1339; x_wconf 82' lang='lat' dir='ltr'><strong>ordinarie</strong></span> <span class='ocrx_word' id='word_1_365' title='bbox 2532 1292 2697 1354; x_wconf 88' lang='lat' dir='ltr'><strong>potis-</strong></span> 
     </span>
     <span class='ocr_line' id='line_1_64' title="bbox 1626 1369 2697 1431; baseline 0.004 -15"><span class='ocrx_word' id='word_1_366' title='bbox 1626 1370 1809 1420; x_wconf 87' lang='lat' dir='ltr'><strong>simum</strong></span> <span class='ocrx_word' id='word_1_367' title='bbox 1852 1369 2251 1419; x_wconf 80' lang='lat' dir='ltr'><strong>frumentatione</strong></span> <span class='ocrx_word' id='word_1_368' title='bbox 2305 1375 2590 1431; x_wconf 82' lang='lat' dir='ltr'><strong>menstrua,</strong></span> <span class='ocrx_word' id='word_1_369' title='bbox 2638 1378 2697 1420; x_wconf 80' lang='lat' dir='ltr'><strong>et</strong></span> 
     </span>
     <span class='ocr_line' id='line_1_65' title="bbox 1629 1442 2696 1508; baseline 0 -15"><span class='ocrx_word' id='word_1_370' title='bbox 1629 1445 1847 1507; x_wconf 84' lang='lat' dir='ltr'><strong>posthac</strong></span> <span class='ocrx_word' id='word_1_371' title='bbox 1901 1444 2122 1508; x_wconf 83' lang='lat' dir='ltr'><strong>panibus</strong></span> <span class='ocrx_word' id='word_1_372' title='bbox 2175 1442 2495 1506; x_wconf 77' lang='lat' dir='ltr'><strong>gradilibns;</strong></span> <span class='ocrx_word' id='word_1_373' title='bbox 2541 1451 2696 1493; x_wconf 85' lang='lat' dir='ltr'><strong>extra</strong></span> 
     </span>
     <span class='ocr_line' id='line_1_66' title="bbox 1626 1519 2695 1585; baseline 0 -16"><span class='ocrx_word' id='word_1_374' title='bbox 1626 1519 1859 1571; x_wconf 87' lang='lat' dir='ltr'><strong>ordinem</strong></span> <span class='ocrx_word' id='word_1_375' title='bbox 1876 1534 2000 1570; x_wconf 83' lang='lat' dir='ltr'><strong>vero</strong></span> <span class='ocrx_word' id='word_1_376' title='bbox 2018 1522 2175 1570; x_wconf 88' lang='lat' dir='ltr'><strong>etiam</strong></span> <span class='ocrx_word' id='word_1_377' title='bbox 2195 1534 2311 1570; x_wconf 88' lang='lat' dir='ltr'><strong>cum</strong></span> <span class='ocrx_word' id='word_1_378' title='bbox 2336 1520 2449 1568; x_wconf 87' lang='lat' dir='ltr'><strong>aliis</strong></span> <span class='ocrx_word' id='word_1_379' title='bbox 2466 1519 2695 1585; x_wconf 86' lang='lat' dir='ltr'><strong>accipie·</strong></span> 
     </span>
     <span class='ocr_line' id='line_1_67' title="bbox 1626 1596 2694 1661; baseline 0 -15"><span class='ocrx_word' id='word_1_380' title='bbox 1626 1596 1750 1647; x_wconf 83' lang='lat' dir='ltr'><strong>bant</strong></span> <span class='ocrx_word' id='word_1_381' title='bbox 1784 1598 2066 1661; x_wconf 72' lang='lat' dir='ltr'><strong>congiaria.</strong></span> <span class='ocrx_word' id='word_1_382' title='bbox 2134 1596 2272 1646; x_wconf 86' lang='lat' dir='ltr'><strong>Vide</strong></span> <span class='ocrx_word' id='word_1_383' title='bbox 2307 1597 2590 1660; x_wconf 86' lang='lat' dir='ltr'><strong>Spanbem.</strong></span> <span class='ocrx_word' id='word_1_384' title='bbox 2626 1597 2694 1646; x_wconf 92' lang='lat' dir='ltr'><strong>de</strong></span> 
     </span>
     <span class='ocr_line' id='line_1_68' title="bbox 1628 1671 2693 1737; baseline 0 -16"><span class='ocrx_word' id='word_1_385' title='bbox 1628 1671 1817 1721; x_wconf 73' lang='lat' dir='ltr'><strong>Proest.</strong></span> <span class='ocrx_word' id='word_1_386' title='bbox 1838 1683 1891 1722; x_wconf 90' lang='lat' dir='ltr'><strong>et</strong></span> <span class='ocrx_word' id='word_1_387' title='bbox 1927 1674 2036 1722; x_wconf 86' lang='lat' dir='ltr'><strong>Usu</strong></span> <span class='ocrx_word' id='word_1_388' title='bbox 2068 1673 2117 1722; x_wconf 85' lang='lat' dir='ltr'>N</span> <span class='ocrx_word' id='word_1_389' title='bbox 2126 1673 2322 1721; x_wconf 85' lang='lat' dir='ltr'><strong>umism.</strong></span> <span class='ocrx_word' id='word_1_390' title='bbox 2342 1681 2465 1722; x_wconf 83' lang='lat' dir='ltr'><strong>tom·</strong></span> <span class='ocrx_word' id='word_1_391' title='bbox 2487 1686 2547 1722; x_wconf 85' lang='lat' dir='ltr'><strong>n.</strong></span> <span class='ocrx_word' id='word_1_392' title='bbox 2570 1686 2693 1737; x_wconf 78' lang='lat' dir='ltr'><strong>pag.</strong></span> 
     </span>
     <span class='ocr_line' id='line_1_69' title="bbox 1627 1752 2062 1817; baseline -0.005 -14"><span class='ocrx_word' id='word_1_393' title='bbox 1627 1756 1741 1803; x_wconf 75' lang='lat'><strong>685.</strong></span> <span class='ocrx_word' id='word_1_394' title='bbox 1763 1767 1874 1817; x_wconf 84' lang='lat' dir='ltr'><strong>seq.</strong></span> <span class='ocrx_word' id='word_1_395' title='bbox 1909 1752 2062 1801; x_wconf 73' lang='lat' dir='ltr'><strong>Idan.</strong></span> 
     </span>
    </p>

    <p class='ocr_par' dir='ltr' id='par_1_5' title="bbox 1626 1824 2693 2109">
     <span class='ocr_line' id='line_1_70' title="bbox 1692 1824 2693 1891; baseline 0.002 -14"><span class='ocrx_word' id='word_1_396' title='bbox 1692 1829 2027 1891; x_wconf 74' lang='lat' dir='ltr'><strong>Locupletalus</strong></span> <span class='ocrx_word' id='word_1_397' title='bbox 2062 1824 2244 1889; x_wconf 72' lang='lat' dir='ltr'><strong>tribas]</strong></span> <span class='ocrx_word' id='word_1_398' title='bbox 2278 1826 2521 1877; x_wconf 78' lang='lat' dir='ltr'><strong>Imitatus</strong></span> <span class='ocrx_word' id='word_1_399' title='bbox 2553 1827 2693 1879; x_wconf 77' lang='lat' dir='ltr'><strong>hunc</strong></span> 
     </span>
     <span class='ocr_line' id='line_1_71' title="bbox 1627 1903 2692 1954; baseline 0 0"><span class='ocrx_word' id='word_1_400' title='bbox 1627 1906 1797 1954; x_wconf 86' lang='lat' dir='ltr'><strong>locum</strong></span> <span class='ocrx_word' id='word_1_401' title='bbox 1823 1905 2096 1954; x_wconf 83' lang='lat' dir='ltr'><strong>claudian.</strong></span> <span class='ocrx_word' id='word_1_402' title='bbox 2123 1904 2174 1952; x_wconf 89' lang='lat' dir='ltr'><strong>iu</strong></span> <span class='ocrx_word' id='word_1_403' title='bbox 2202 1904 2419 1953; x_wconf 76' lang='lat' dir='ltr'><strong>Laudib.</strong></span> <span class='ocrx_word' id='word_1_404' title='bbox 2440 1903 2692 1954; x_wconf 87' lang='lat' dir='ltr'><strong>Houorii=</strong></span> 
     </span>
     <span class='ocr_line' id='line_1_72' title="bbox 1627 1981 2693 2044; baseline 0.002 -13"><span class='ocrx_word' id='word_1_405' title='bbox 1627 1988 1641 2010; x_wconf 82' lang='lat'><strong><em>⁴</em></strong></span> <span class='ocrx_word' id='word_1_406' title='bbox 1664 1988 1837 2031; x_wconf 87' lang='lat' dir='ltr'><strong>tecum</strong></span> <span class='ocrx_word' id='word_1_407' title='bbox 1864 1982 2116 2044; x_wconf 64' lang='lat' dir='ltr'><strong>preclara</strong></span> <span class='ocrx_word' id='word_1_408' title='bbox 2134 1981 2340 2031; x_wconf 77' lang='lat' dir='ltr'><strong>vocavit</strong></span> <span class='ocrx_word' id='word_1_409' title='bbox 2354 1982 2612 2032; x_wconf 82' lang='lat' dir='ltr'><strong>Ditandas</strong></span> <span class='ocrx_word' id='word_1_410' title='bbox 2627 1982 2693 2033; x_wconf 86' lang='lat' dir='ltr'><strong>ad</strong></span> 
     </span>
     <span class='ocr_line' id='line_1_73' title="bbox 1626 2057 2174 2109; baseline -0.002 -4"><span class='ocrx_word' id='word_1_411' title='bbox 1626 2058 1762 2107; x_wconf 85' lang='lat' dir='ltr'><strong>dona</strong></span> <span class='ocrx_word' id='word_1_412' title='bbox 1786 2057 1988 2107; x_wconf 68' lang='lat' dir='ltr'><strong>tribus!</strong></span> <span class='ocrx_word' id='word_1_413' title='bbox 2028 2057 2174 2109; x_wconf 76' lang='lat' dir='ltr'><strong>Bm.</strong></span> 
     </span>
    </p>

    <p class='ocr_par' dir='ltr' id='par_1_6' title="bbox 1624 2129 2699 2805">
     <span class='ocr_line' id='line_1_74' title="bbox 1695 2129 2698 2197; baseline 0 -14"><span class='ocrx_word' id='word_1_414' title='bbox 1695 2133 2007 2195; x_wconf 71' lang='lat' dir='ltr'><strong>Congiarium</strong></span> <span class='ocrx_word' id='word_1_415' title='bbox 2055 2129 2248 2194; x_wconf 75' lang='lat' dir='ltr'><strong>populo]</strong></span> <span class='ocrx_word' id='word_1_416' title='bbox 2298 2131 2361 2180; x_wconf 91' lang='lat' dir='ltr'><strong>Id</strong></span> <span class='ocrx_word' id='word_1_417' title='bbox 2407 2140 2487 2182; x_wconf 89' lang='lat' dir='ltr'><strong>est</strong></span> <span class='ocrx_word' id='word_1_418' title='bbox 2533 2133 2698 2197; x_wconf 87' lang='lat' dir='ltr'><strong>plebi,</strong></span> 
     </span>
     <span class='ocr_line' id='line_1_75' title="bbox 1627 2206 2698 2273; baseline 0.002 -16"><span class='ocrx_word' id='word_1_419' title='bbox 1627 2223 1724 2258; x_wconf 90' lang='lat' dir='ltr'><strong>nec</strong></span> <span class='ocrx_word' id='word_1_420' title='bbox 1758 2211 1858 2258; x_wconf 85' lang='lat' dir='ltr'><strong>nisi</strong></span> <span class='ocrx_word' id='word_1_421' title='bbox 1894 2210 1967 2258; x_wconf 86' lang='lat' dir='ltr'><strong>illi</strong></span> <span class='ocrx_word' id='word_1_422' title='bbox 2003 2210 2135 2271; x_wconf 86' lang='lat' dir='ltr'><strong>parti</strong></span> <span class='ocrx_word' id='word_1_423' title='bbox 2161 2206 2272 2257; x_wconf 85' lang='lat' dir='ltr'><strong>fere</strong></span> <span class='ocrx_word' id='word_1_424' title='bbox 2296 2209 2398 2271; x_wconf 90' lang='lat' dir='ltr'><strong>(ita</strong></span> <span class='ocrx_word' id='word_1_425' title='bbox 2422 2209 2698 2273; x_wconf 84' lang='lat' dir='ltr'><strong>observes)</strong></span> 
     </span>
     <span class='ocr_line' id='line_1_76' title="bbox 1628 2284 2699 2351; baseline 0.001 -17"><span class='ocrx_word' id='word_1_426' title='bbox 1628 2300 1740 2350; x_wconf 68' lang='lat' dir='ltr'><strong>que</strong></span> <span class='ocrx_word' id='word_1_427' title='bbox 1778 2284 2094 2336; x_wconf 81' lang='lat' dir='ltr'><strong>frumentum</strong></span> <span class='ocrx_word' id='word_1_428' title='bbox 2127 2300 2156 2332; x_wconf 91' lang='lat' dir='ltr'><strong>e</strong></span> <span class='ocrx_word' id='word_1_429' title='bbox 2190 2285 2399 2348; x_wconf 88' lang='lat' dir='ltr'><strong>publico</strong></span> <span class='ocrx_word' id='word_1_430' title='bbox 2430 2287 2699 2351; x_wconf 87' lang='lat' dir='ltr'><strong>capiebat.</strong></span> 
     </span>
     <span class='ocr_line' id='line_1_77' title="bbox 1626 2361 2697 2425; baseline 0.003 -15"><span class='ocrx_word' id='word_1_431' title='bbox 1626 2361 1854 2411; x_wconf 81' lang='lat' dir='ltr'><strong>Martial.</strong></span> <span class='ocrx_word' id='word_1_432' title='bbox 1906 2362 2055 2411; x_wconf 85' lang='lat' dir='ltr'><strong>‘Dat</strong></span> <span class='ocrx_word' id='word_1_433' title='bbox 2100 2361 2339 2424; x_wconf 87' lang='lat' dir='ltr'><strong>populus,</strong></span> <span class='ocrx_word' id='word_1_434' title='bbox 2378 2361 2473 2410; x_wconf 85' lang='lat' dir='ltr'><strong>dat</strong></span> <span class='ocrx_word' id='word_1_435' title='bbox 2515 2369 2697 2425; x_wconf 72' lang='lat' dir='ltr'><strong>gratus</strong></span> 
     </span>
     <span class='ocr_line' id='line_1_78' title="bbox 1625 2435 2696 2503; baseline 0.001 -15"><span class='ocrx_word' id='word_1_436' title='bbox 1625 2451 1804 2502; x_wconf 85' lang='lat' dir='ltr'><strong>eques,</strong></span> <span class='ocrx_word' id='word_1_437' title='bbox 1827 2437 1919 2488; x_wconf 81' lang='lat' dir='ltr'><strong>dat</strong></span> <span class='ocrx_word' id='word_1_438' title='bbox 1947 2437 2097 2488; x_wconf 90' lang='lat' dir='ltr'><strong>thura</strong></span> <span class='ocrx_word' id='word_1_439' title='bbox 2132 2435 2380 2487; x_wconf 63' lang='lat' dir='ltr'><strong>senatus)</strong></span> <span class='ocrx_word' id='word_1_440' title='bbox 2446 2438 2537 2488; x_wconf 85' lang='lat' dir='ltr'><strong>Ita</strong></span> <span class='ocrx_word' id='word_1_441' title='bbox 2569 2437 2587 2466; x_wconf 84' lang='lat'>‘</span> <span class='ocrx_word' id='word_1_442' title='bbox 2604 2454 2696 2503; x_wconf 90' lang='lat' dir='ltr'><strong>po·</strong></span> 
     </span>
     <span class='ocr_line' id='line_1_79' title="bbox 1629 2512 2698 2578; baseline 0.003 -14"><span class='ocrx_word' id='word_1_443' title='bbox 1629 2515 1858 2578; x_wconf 83' lang='lat' dir='ltr'><strong>pularia&#39;</strong></span> <span class='ocrx_word' id='word_1_444' title='bbox 1893 2516 1945 2565; x_wconf 92' lang='lat' dir='ltr'><strong>in</strong></span> <span class='ocrx_word' id='word_1_445' title='bbox 1988 2515 2224 2575; x_wconf 75' lang='lat' dir='ltr'><strong>theatris,</strong></span> <span class='ocrx_word' id='word_1_446' title='bbox 2256 2512 2419 2578; x_wconf 87' lang='lat' dir='ltr'><strong>plebis</strong></span> <span class='ocrx_word' id='word_1_447' title='bbox 2455 2516 2604 2565; x_wconf 71' lang='lat' dir='ltr'><strong>locas</strong></span> <span class='ocrx_word' id='word_1_448' title='bbox 2639 2523 2698 2567; x_wconf 87' lang='lat' dir='ltr'><strong>et</strong></span> 
     </span>
     <span class='ocr_line' id='line_1_80' title="bbox 1624 2588 2699 2654; baseline 0.001 -14"><span class='ocrx_word' id='word_1_449' title='bbox 1624 2600 1638 2621; x_wconf 79' lang='lat'>⁸</span> <span class='ocrx_word' id='word_1_450' title='bbox 1659 2589 1972 2654; x_wconf 83' lang='lat' dir='ltr'><strong>populares,’</strong></span> <span class='ocrx_word' id='word_1_451' title='bbox 2006 2591 2240 2638; x_wconf 81' lang='lat' dir='ltr'><strong>homiues</strong></span> <span class='ocrx_word' id='word_1_452' title='bbox 2265 2604 2295 2638; x_wconf 88' lang='lat' dir='ltr'><strong>e</strong></span> <span class='ocrx_word' id='word_1_453' title='bbox 2330 2588 2503 2651; x_wconf 89' lang='lat' dir='ltr'><strong>plebe.</strong></span> <span class='ocrx_word' id='word_1_454' title='bbox 2568 2591 2699 2641; x_wconf 85' lang='lat' dir='ltr'><strong>Sue·</strong></span> 
     </span>
     <span class='ocr_line' id='line_1_81' title="bbox 1627 2664 2698 2730; baseline 0 -13"><span class='ocrx_word' id='word_1_455' title='bbox 1627 2669 1796 2717; x_wconf 88' lang='lat' dir='ltr'><strong>tonius</strong></span> <span class='ocrx_word' id='word_1_456' title='bbox 1823 2682 1949 2717; x_wconf 83' lang='lat' dir='ltr'><strong>voce</strong></span> <span class='ocrx_word' id='word_1_457' title='bbox 1985 2674 1998 2696; x_wconf 80' lang='lat'><em>⁶</em></span> <span class='ocrx_word' id='word_1_458' title='bbox 2021 2664 2227 2730; x_wconf 87' lang='lat' dir='ltr'><strong>populi’</strong></span> <span class='ocrx_word' id='word_1_459' title='bbox 2262 2666 2450 2716; x_wconf 89' lang='lat' dir='ltr'><strong>crebro</strong></span> <span class='ocrx_word' id='word_1_460' title='bbox 2482 2666 2559 2716; x_wconf 85' lang='lat' dir='ltr'><strong>sic</strong></span> <span class='ocrx_word' id='word_1_461' title='bbox 2595 2668 2698 2717; x_wconf 79' lang='lat' dir='ltr'><strong>nti·</strong></span> 
     </span>
     <span class='ocr_line' id='line_1_82' title="bbox 1626 2742 2257 2805; baseline -0.005 -12"><span class='ocrx_word' id='word_1_462' title='bbox 1626 2750 1730 2805; x_wconf 85' lang='lat' dir='ltr'><strong>tur,</strong></span> <span class='ocrx_word' id='word_1_463' title='bbox 1753 2744 1835 2793; x_wconf 78' lang='lat' dir='ltr'><strong>vel</strong></span> <span class='ocrx_word' id='word_1_464' title='bbox 1860 2743 2085 2792; x_wconf 84' lang='lat' dir='ltr'><strong>assidue.</strong></span> <span class='ocrx_word' id='word_1_465' title='bbox 2119 2742 2257 2805; x_wconf 81' lang='lat' dir='ltr'><strong>Lips.</strong></span> 
     </span>
    </p>

    <p class='ocr_par' dir='ltr' id='par_1_7' title="bbox 1622 2818 2699 3867">
     <span class='ocr_line' id='line_1_83' title="bbox 1691 2818 2694 2886; baseline 0.002 -17"><span class='ocrx_word' id='word_1_466' title='bbox 1691 2821 2034 2886; x_wconf 66' lang='lat' dir='ltr'><strong>Congiarium]</strong></span> <span class='ocrx_word' id='word_1_467' title='bbox 2069 2820 2115 2869; x_wconf 81' lang='grc' dir='ltr'><strong>Α</strong></span> <span class='ocrx_word' id='word_1_468' title='bbox 2151 2818 2356 2883; x_wconf 78' lang='lat' dir='ltr'><strong>congio,</strong></span> <span class='ocrx_word' id='word_1_469' title='bbox 2378 2818 2694 2885; x_wconf 83' lang='lat' dir='ltr'><strong>liquidorum</strong></span> 
     </span>
     <span class='ocr_line' id='line_1_84' title="bbox 1625 2899 2699 2963; baseline 0.002 -17"><span class='ocrx_word' id='word_1_470' title='bbox 1625 2911 1865 2948; x_wconf 85' lang='lat' dir='ltr'><strong>mensura</strong></span> <span class='ocrx_word' id='word_1_471' title='bbox 1916 2913 2007 2947; x_wconf 86' lang='lat' dir='ltr'><strong>sex</strong></span> <span class='ocrx_word' id='word_1_472' title='bbox 2061 2899 2409 2946; x_wconf 81' lang='lat' dir='ltr'><strong>sextariorum</strong></span> <span class='ocrx_word' id='word_1_473' title='bbox 2460 2911 2657 2961; x_wconf 82' lang='lat' dir='ltr'><strong>capace</strong></span> <span class='ocrx_word' id='word_1_474' title='bbox 2684 2919 2699 2963; x_wconf 67' lang='grc' dir='ltr'>ς</span> 
     </span>
     <span class='ocr_line' id='line_1_85' title="bbox 1626 2974 2698 3039; baseline 0.001 -16"><span class='ocrx_word' id='word_1_475' title='bbox 1626 2974 1751 3023; x_wconf 87' lang='lat' dir='ltr'><strong>data</strong></span> <span class='ocrx_word' id='word_1_476' title='bbox 1796 2974 2086 3039; x_wconf 87' lang='lat' dir='ltr'><strong>antiquitus</strong></span> <span class='ocrx_word' id='word_1_477' title='bbox 2127 2974 2181 3022; x_wconf 89' lang='lat' dir='ltr'><strong>iu</strong></span> <span class='ocrx_word' id='word_1_478' title='bbox 2218 2974 2488 3037; x_wconf 87' lang='lat' dir='ltr'><strong>populum,</strong></span> <span class='ocrx_word' id='word_1_479' title='bbox 2525 2988 2698 3038; x_wconf 82' lang='lat' dir='ltr'><strong>eaque</strong></span> 
     </span>
     <span class='ocr_line' id='line_1_86' title="bbox 1628 3051 2696 3117; baseline 0.004 -19"><span class='ocrx_word' id='word_1_480' title='bbox 1628 3053 1708 3100; x_wconf 77' lang='lat' dir='ltr'><strong>vel</strong></span> <span class='ocrx_word' id='word_1_481' title='bbox 1735 3052 1836 3101; x_wconf 77' lang='lat' dir='ltr'><strong>vini</strong></span> <span class='ocrx_word' id='word_1_482' title='bbox 1862 3054 1944 3101; x_wconf 79' lang='lat' dir='ltr'><strong>vel</strong></span> <span class='ocrx_word' id='word_1_483' title='bbox 1966 3051 2087 3101; x_wconf 89' lang='lat' dir='ltr'><strong>olei.</strong></span> <span class='ocrx_word' id='word_1_484' title='bbox 2155 3051 2289 3100; x_wconf 87' lang='lat' dir='ltr'><strong>Inde</strong></span> <span class='ocrx_word' id='word_1_485' title='bbox 2319 3065 2504 3102; x_wconf 88' lang='lat' dir='ltr'><strong>nomen</strong></span> <span class='ocrx_word' id='word_1_486' title='bbox 2529 3052 2696 3117; x_wconf 78' lang='lat' dir='ltr'><strong>lougi-</strong></span> 
     </span>
     <span class='ocr_line' id='line_1_87' title="bbox 1626 3127 2694 3191; baseline 0.004 -16"><span class='ocrx_word' id='word_1_487' title='bbox 1626 3141 1685 3175; x_wconf 90' lang='lat' dir='ltr'><strong>us</strong></span> <span class='ocrx_word' id='word_1_488' title='bbox 1705 3127 1919 3178; x_wconf 89' lang='lat' dir='ltr'><strong>ductum</strong></span> <span class='ocrx_word' id='word_1_489' title='bbox 1942 3127 2008 3177; x_wconf 89' lang='lat' dir='ltr'><strong>ad</strong></span> <span class='ocrx_word' id='word_1_490' title='bbox 2023 3127 2253 3191; x_wconf 77' lang='lat' dir='ltr'><strong>quasvis,</strong></span> <span class='ocrx_word' id='word_1_491' title='bbox 2274 3127 2430 3177; x_wconf 84' lang='lat' dir='ltr'><strong>etiam</strong></span> <span class='ocrx_word' id='word_1_492' title='bbox 2455 3131 2694 3191; x_wconf 70' lang='lat' dir='ltr'><strong>pecunias</strong></span> 
     </span>
     <span class='ocr_line' id='line_1_88' title="bbox 1625 3197 2697 3267; baseline 0.001 -15"><span class='ocrx_word' id='word_1_493' title='bbox 1625 3202 1953 3265; x_wconf 84' lang='lat' dir='ltr'><strong>donationes,</strong></span> <span class='ocrx_word' id='word_1_494' title='bbox 1989 3202 2079 3250; x_wconf 87' lang='lat' dir='ltr'><strong>sed</strong></span> <span class='ocrx_word' id='word_1_495' title='bbox 2119 3197 2342 3251; x_wconf 78' lang='lat' dir='ltr'><strong>maxime</strong></span> <span class='ocrx_word' id='word_1_496' title='bbox 2383 3204 2697 3267; x_wconf 85' lang='lat' dir='ltr'><strong>principum,</strong></span> 
     </span>
     <span class='ocr_line' id='line_1_89' title="bbox 1625 3277 2695 3342; baseline 0.001 -14"><span class='ocrx_word' id='word_1_497' title='bbox 1625 3287 1715 3328; x_wconf 88' lang='lat' dir='ltr'><strong>ant</strong></span> <span class='ocrx_word' id='word_1_498' title='bbox 1757 3278 1989 3342; x_wconf 84' lang='lat' dir='ltr'><strong>publicas</strong></span> <span class='ocrx_word' id='word_1_499' title='bbox 2014 3278 2067 3326; x_wconf 91' lang='lat' dir='ltr'><strong>in</strong></span> <span class='ocrx_word' id='word_1_500' title='bbox 2093 3277 2330 3340; x_wconf 87' lang='lat' dir='ltr'><strong>plebem;</strong></span> <span class='ocrx_word' id='word_1_501' title='bbox 2363 3277 2498 3342; x_wconf 86' lang='lat' dir='ltr'><strong>quod</strong></span> <span class='ocrx_word' id='word_1_502' title='bbox 2533 3287 2695 3329; x_wconf 79' lang='lat' dir='ltr'><strong>‘con-</strong></span> 
     </span>
     <span class='ocr_line' id='line_1_90' title="bbox 1626 3353 2698 3416; baseline 0 -15"><span class='ocrx_word' id='word_1_503' title='bbox 1626 3353 1842 3416; x_wconf 73' lang='lat' dir='ltr'><strong>giarium</strong></span> <span class='ocrx_word' id='word_1_504' title='bbox 1879 3353 1929 3401; x_wconf 90' lang='lat' dir='ltr'><strong>in</strong></span> <span class='ocrx_word' id='word_1_505' title='bbox 1970 3353 2144 3415; x_wconf 87' lang='lat' dir='ltr'><strong>capita</strong></span> <span class='ocrx_word' id='word_1_506' title='bbox 2170 3353 2506 3415; x_wconf 80' lang='lat' dir='ltr'><strong>promissum&#39;</strong></span> <span class='ocrx_word' id='word_1_507' title='bbox 2543 3362 2698 3406; x_wconf 77' lang='lat' dir='ltr'><strong>vocat</strong></span> 
     </span>
     <span class='ocr_line' id='line_1_91' title="bbox 1622 3430 2695 3494; baseline -0.006 -12"><span class='ocrx_word' id='word_1_508' title='bbox 1622 3432 1808 3482; x_wconf 86' lang='lat' dir='ltr'><strong>Senec.</strong></span> <span class='ocrx_word' id='word_1_509' title='bbox 1834 3430 2002 3493; x_wconf 86' lang='lat' dir='ltr'><strong>Epist.</strong></span> <span class='ocrx_word' id='word_1_510' title='bbox 2023 3434 2105 3479; x_wconf 76' lang='lat'><strong>⁷8.</strong></span> <span class='ocrx_word' id='word_1_511' title='bbox 2129 3430 2424 3493; x_wconf 70' lang='lat' dir='ltr'><strong>longissime</strong></span> <span class='ocrx_word' id='word_1_512' title='bbox 2448 3430 2513 3480; x_wconf 84' lang='lat' dir='ltr'><strong>ad</strong></span> <span class='ocrx_word' id='word_1_513' title='bbox 2530 3431 2695 3494; x_wconf 81' lang='lat' dir='ltr'><strong>quod.</strong></span> 
     </span>
     <span class='ocr_line' id='line_1_92' title="bbox 1624 3503 2694 3575; baseline 0.003 -15"><span class='ocrx_word' id='word_1_514' title='bbox 1624 3512 1701 3561; x_wconf 70' lang='lat' dir='ltr'><strong>vis</strong></span> <span class='ocrx_word' id='word_1_515' title='bbox 1746 3526 1928 3561; x_wconf 88' lang='lat' dir='ltr'><strong>munus</strong></span> <span class='ocrx_word' id='word_1_516' title='bbox 1968 3511 2213 3573; x_wconf 83' lang='lat' dir='ltr'><strong>privatim</strong></span> <span class='ocrx_word' id='word_1_517' title='bbox 2255 3517 2310 3559; x_wconf 86' lang='lat' dir='ltr'><strong>et</strong></span> <span class='ocrx_word' id='word_1_518' title='bbox 2364 3503 2416 3559; x_wconf 85' lang='lat' dir='ltr'><strong>in</strong></span> <span class='ocrx_word' id='word_1_519' title='bbox 2463 3511 2694 3575; x_wconf 75' lang='lat' dir='ltr'><strong>singulos</strong></span> 
     </span>
     <span class='ocr_line' id='line_1_93' title="bbox 1625 3585 2694 3641; baseline 0.004 -4"><span class='ocrx_word' id='word_1_520' title='bbox 1625 3588 1870 3637; x_wconf 83' lang='lat' dir='ltr'><strong>collatum</strong></span> <span class='ocrx_word' id='word_1_521' title='bbox 1904 3587 2091 3636; x_wconf 72' lang='lat' dir='ltr'><strong>Senec.</strong></span> <span class='ocrx_word' id='word_1_522' title='bbox 2120 3585 2188 3635; x_wconf 87' lang='lat' dir='ltr'><strong>ad</strong></span> <span class='ocrx_word' id='word_1_523' title='bbox 2233 3586 2405 3636; x_wconf 77' lang='lat' dir='ltr'><strong>Marci</strong></span> <span class='ocrx_word' id='word_1_524' title='bbox 2433 3601 2482 3635; x_wconf 85' lang='lat' dir='ltr'><strong>c.</strong></span> <span class='ocrx_word' id='word_1_525' title='bbox 2519 3591 2604 3638; x_wconf 74' lang='lat'><strong>28.</strong></span> <span class='ocrx_word' id='word_1_526' title='bbox 2641 3593 2694 3641; x_wconf 77' lang='lat'><strong>2.</strong></span> 
     </span>
     <span class='ocr_line' id='line_1_94' title="bbox 1624 3662 2694 3725; baseline 0 -10"><span class='ocrx_word' id='word_1_527' title='bbox 1624 3666 1759 3715; x_wconf 89' lang='lat' dir='ltr'><strong>Ben.</strong></span> <span class='ocrx_word' id='word_1_528' title='bbox 1781 3678 1829 3713; x_wconf 85' lang='lat' dir='ltr'><strong>c.</strong></span> <span class='ocrx_word' id='word_1_529' title='bbox 1847 3667 1927 3713; x_wconf 79' lang='lat' dir='ltr'><strong>te.</strong></span> <span class='ocrx_word' id='word_1_530' title='bbox 1959 3665 1975 3691; x_wconf 88' lang='lat'>‘</span> <span class='ocrx_word' id='word_1_531' title='bbox 1989 3662 2276 3713; x_wconf 82' lang='lat' dir='ltr'><strong>Alexandri</strong></span> <span class='ocrx_word' id='word_1_532' title='bbox 2293 3663 2559 3725; x_wconf 67' lang='lat' dir='ltr'><strong>congiaria</strong></span> <span class='ocrx_word' id='word_1_533' title='bbox 2580 3663 2694 3715; x_wconf 75' lang='lat' dir='ltr'><strong>fue-</strong></span> 
     </span>
     <span class='ocr_line' id='line_1_95' title="bbox 1626 3736 2693 3805; baseline 0.004 -17"><span class='ocrx_word' id='word_1_534' title='bbox 1626 3748 1746 3789; x_wconf 83' lang='lat' dir='ltr'><strong>runt</strong></span> <span class='ocrx_word' id='word_1_535' title='bbox 1785 3736 1984 3801; x_wconf 85' lang='lat' dir='ltr'><strong>urbes,&#39;</strong></span> <span class='ocrx_word' id='word_1_536' title='bbox 2014 3740 2102 3789; x_wconf 75' lang='lat' dir='ltr'><strong>liat</strong></span> <span class='ocrx_word' id='word_1_537' title='bbox 2142 3752 2297 3799; x_wconf 70' lang='lat' dir='ltr'><strong>guazo</strong></span> <span class='ocrx_word' id='word_1_538' title='bbox 2338 3738 2473 3788; x_wconf 67' lang='lat' dir='ltr'><strong>scitas</strong></span> <span class='ocrx_word' id='word_1_539' title='bbox 2504 3755 2693 3805; x_wconf 61' lang='lat' dir='ltr'><strong>soene·</strong></span> 
     </span>
     <span class='ocr_line' id='line_1_96' title="bbox 1622 3815 2062 3867; baseline -0.011 0"><span class='ocrx_word' id='word_1_540' title='bbox 1622 3817 1866 3867; x_wconf 65' lang='lat' dir='ltr'><strong>semem.</strong></span> <span class='ocrx_word' id='word_1_541' title='bbox 1900 3815 2062 3864; x_wconf 88' lang='lat' dir='ltr'><strong>Bern.</strong></span> 
     </span>
    </p>

    <p class='ocr_par' dir='ltr' id='par_1_8' title="bbox 1619 3888 2696 4345">
     <span class='ocr_line' id='line_1_97' title="bbox 1693 3888 2694 3958; baseline 0 -17"><span class='ocrx_word' id='word_1_542' title='bbox 1693 3888 2034 3953; x_wconf 60' lang='lat' dir='ltr'><strong>Cossini-iam]</strong></span> <span class='ocrx_word' id='word_1_543' title='bbox 2058 3889 2212 3941; x_wconf 85' lang='lat' dir='ltr'><strong>Quod</strong></span> <span class='ocrx_word' id='word_1_544' title='bbox 2237 3890 2581 3954; x_wconf 83' lang='lat' dir='ltr'><strong>imperatores</strong></span> <span class='ocrx_word' id='word_1_545' title='bbox 2598 3907 2694 3958; x_wconf 81' lang='lat' dir='ltr'><strong>po·</strong></span> 
     </span>
     <span class='ocr_line' id='line_1_98' title="bbox 1623 3965 2696 4033; baseline 0.001 -15"><span class='ocrx_word' id='word_1_546' title='bbox 1623 3969 1748 4033; x_wconf 85' lang='lat' dir='ltr'><strong>pulo</strong></span> <span class='ocrx_word' id='word_1_547' title='bbox 1769 3965 2147 4029; x_wconf 78' lang='lat' dir='ltr'><strong>largiebantur,</strong></span> <span class='ocrx_word' id='word_1_548' title='bbox 2164 3965 2463 4027; x_wconf 64' lang='lat' dir='ltr'><strong>maglorius</strong></span> <span class='ocrx_word' id='word_1_549' title='bbox 2480 3966 2696 4020; x_wconf 88' lang='lat' dir='ltr'><strong>diceba·</strong></span> 
     </span>
     <span class='ocr_line' id='line_1_99' title="bbox 1624 4041 2695 4108; baseline 0.001 -13"><span class='ocrx_word' id='word_1_550' title='bbox 1624 4055 1744 4106; x_wconf 85' lang='lat' dir='ltr'><strong>tur;</strong></span> <span class='ocrx_word' id='word_1_551' title='bbox 1783 4042 1916 4108; x_wconf 81' lang='lat' dir='ltr'><strong>quod</strong></span> <span class='ocrx_word' id='word_1_552' title='bbox 1954 4048 2127 4091; x_wconf 88' lang='lat' dir='ltr'><strong>autem</strong></span> <span class='ocrx_word' id='word_1_553' title='bbox 2149 4041 2418 4099; x_wconf 82' lang='lat' dir='ltr'><strong>militibus,</strong></span> <span class='ocrx_word' id='word_1_554' title='bbox 2451 4042 2695 4096; x_wconf 85' lang='lat' dir='ltr'><strong>‘donati-</strong></span> 
     </span>
     <span class='ocr_line' id='line_1_100' title="bbox 1622 4118 2694 4182; baseline -0.007 -9"><span class='ocrx_word' id='word_1_555' title='bbox 1622 4119 1779 4173; x_wconf 63' lang='lat' dir='ltr'><strong>vum&#39;</strong></span> <span class='ocrx_word' id='word_1_556' title='bbox 1846 4119 2001 4171; x_wconf 86' lang='lat' dir='ltr'><strong>Unde</strong></span> <span class='ocrx_word' id='word_1_557' title='bbox 2022 4118 2276 4178; x_wconf 68' lang='lat' dir='ltr'><strong>congiarii</strong></span> <span class='ocrx_word' id='word_1_558' title='bbox 2299 4133 2331 4167; x_wconf 85' lang='lat' dir='ltr'><strong>a</strong></span> <span class='ocrx_word' id='word_1_559' title='bbox 2351 4119 2579 4182; x_wconf 83' lang='lat' dir='ltr'><strong>Trajano</strong></span> <span class='ocrx_word' id='word_1_560' title='bbox 2599 4135 2694 4172; x_wconf 69' lang='grc' dir='ltr'><strong>α.</strong></span> 
     </span>
     <span class='ocr_line' id='line_1_101' title="bbox 1620 4194 2691 4261; baseline 0.001 -12"><span class='ocrx_word' id='word_1_561' title='bbox 1620 4199 1769 4250; x_wconf 84' lang='lat' dir='ltr'><strong>bibiti</strong></span> <span class='ocrx_word' id='word_1_562' title='bbox 1810 4203 1995 4261; x_wconf 78' lang='lat' dir='ltr'><strong>typum</strong></span> <span class='ocrx_word' id='word_1_563' title='bbox 2019 4194 2217 4246; x_wconf 83' lang='lat' dir='ltr'><strong>videas.</strong></span> <span class='ocrx_word' id='word_1_564' title='bbox 2283 4197 2362 4246; x_wconf 83' lang='lat' dir='ltr'><strong>Ex</strong></span> <span class='ocrx_word' id='word_1_565' title='bbox 2382 4212 2483 4261; x_wconf 84' lang='lat' dir='ltr'><strong>quo</strong></span> <span class='ocrx_word' id='word_1_566' title='bbox 2502 4197 2691 4258; x_wconf 83' lang='lat' dir='ltr'><strong>discas,</strong></span> 
     </span>
     <span class='ocr_line' id='line_1_102' title="bbox 1619 4273 2694 4345; baseline -0.001 -16"><span class='ocrx_word' id='word_1_567' title='bbox 1619 4275 1943 4342; x_wconf 70' lang='lat' dir='ltr'><strong>congiarium</strong></span> <span class='ocrx_word' id='word_1_568' title='bbox 1962 4288 2027 4326; x_wconf 93' lang='lat' dir='ltr'><strong>eo</strong></span> <span class='ocrx_word' id='word_1_569' title='bbox 2060 4287 2197 4325; x_wconf 82' lang='lat' dir='ltr'><strong>anno</strong></span> <span class='ocrx_word' id='word_1_570' title='bbox 2219 4273 2440 4339; x_wconf 73' lang='lat' dir='ltr'><strong>primum</strong></span> <span class='ocrx_word' id='word_1_571' title='bbox 2462 4290 2494 4330; x_wconf 92' lang='lat' dir='ltr'><strong>a</strong></span> <span class='ocrx_word' id='word_1_572' title='bbox 2515 4278 2694 4345; x_wconf 77' lang='lat' dir='ltr'><strong>Traja-</strong></span> 
     </span>
    </p>
   </div>
  </div>
 </body>
</html>
