3060 4902
545 324 719 392 1032

550 489 566 514 ‘
591 492 645 537 et
679 491 780 542 ant,
824 485 1211 549 conjunctiones
1255 491 1414 546 snnt3
1463 484 1598 535 male

550 573 718 615 tamen
754 563 1058 628 interroges,
1091 563 1196 618 hie,
1225 568 1310 611 out
1341 562 1448 624 ille,
1478 562 1547 610 sit
1561 558 1599 610 Ρ

548 641 685 691 Num
711 648 949 703 putemus
970 640 1147 703 igitur,
1162 638 1387 687 Plinium
1404 637 1599 689 Quinc·

549 717 737 780 tiliani,
762 716 1103 780 preceptor-is
1128 716 1227 773 sui,
1233 714 1483 778 judicium
1501 715 1599 765 boc

544 795 599 843 in
635 795 749 844 loco
781 801 1113 857 aspernatum
1147 794 1294 842 esse?
1337 808 1451 843 cnm
1486 793 1598 855 ejus

545 871 776 936 regulam
800 877 1097 919 constanter
1116 869 1262 931 alibi,
1292 876 1396 919 tam
1420 870 1471 918 in
1502 870 1598 919 Pa-

546 946 812 1011 negyrico,
846 961 1001 1010 qnam
1037 946 1089 994 in
1128 945 1482 1008 Epistolis,sit
1515 958 1600 995 se·

549 1031 731 1083 cutus;
778 1022 874 1072 nisi
913 1023 954 1071 si
995 1022 1217 1088 quando,
1250 1029 1433 1072 contra
1476 1035 1600 1071 con-

548 1113 753 1149 sensum
801 1098 1018 1163 plurium
1054 1097 1320 1160 librorum,
1354 1096 1599 1148 manifes-

549 1185 606 1225 ta
641 1177 940 1239 irrepserint
973 1175 1176 1225 menda.
1253 1175 1391 1224 Vide
1431 1176 1599 1224 Pane-

547 1269 660 1317 gyr.
693 1267 844 1303 mxiv.
880 1261 932 1303 et
968 1253 1138 1316 Epist.
1170 1266 1227 1302 x.
1263 1256 1345 1302 48.
1410 1252 1599 1302 Exem-

548 1333 689 1396 plum
736 1345 878 1391 νοω,
918 1330 1055 1394 qnod
1100 1346 1163 1378 ex
1208 1330 1379 1392 Epist.
1431 1342 1472 1377 ι.
1518 1331 1598 1378 18.

546 1414 596 1457 5.
632 1406 865 1470 affertur,
901 1406 1052 1471 plane
1088 1408 1188 1457 huc
1224 1421 1322 1456 non
1361 1405 1601 1471 quadrat.

542 1485 663 1536 Scio
679 1484 1179 1550 quidem,nonnullos
1195 1484 1328 1534 tueri
1346 1485 1474 1533 velle
1491 1483 1600 1532 vul-

549 1571 723 1627 gatam
754 1564 1083 1627 scripturam,
1105 1571 1160 1612 et
1181 1562 1244 1611 ad
1268 1562 1424 1626 ipsius
1448 1561 1599 1611 Cice-

548 1640 704 1695 ronis,
728 1639 1047 1704 aliorumque
1082 1639 1404 1702 scriptorum,
1427 1653 1599 1688 exem·

547 1717 635 1778 pla
659 1731 960 1780 provocare.
1032 1716 1137 1766 Sed
1171 1716 1238 1767 de
1271 1716 1443 1765 Plinio
1475 1715 1599 1767 mibi

546 1806 684 1841 nunc
721 1792 983 1856 sigillatim
1018 1806 1186 1841 sermo
1218 1797 1333 1851 est;
1371 1792 1601 1856 quamvis

546 1876 603 1917 et
647 1868 734 1916 illa
778 1869 992 1918 aliorum
1035 1870 1271 1932 exempla
1311 1883 1411 1918 non
1453 1875 1602 1918 extra

545 1958 749 1992 omnem
814 1944 1191 1994 dubitationem
1248 1945 1355 1994 sint
1410 1945 1598 2009 posita.

548 2020 779 2069 Quaestio
813 2029 912 2081 est,
943 2035 1010 2070 an
1043 2020 1219 2069 Plinio
1257 2027 1363 2070 tam
1398 2021 1602 2071 insolita

546 2094 752 2144 dicendi
774 2096 907 2145 ratio
940 2097 992 2146 iu
1030 2106 1134 2146 tam
1171 2096 1331 2146 dubia
1354 2098 1602 2147 varietate

544 2172 617 2221 sit
650 2170 975 2236 effingenda;
1010 2172 1098 2237 qni
1131 2174 1320 2238 alioqui
1356 2189 1456 2223 non
1496 2182 1602 2223 tam

547 2251 827 2301 insolentes
850 2258 988 2300 amat
1008 2250 1213 2300 dicendi
1238 2251 1492 2302 rationes?
1534 2252 1604 2300 Et

547 2327 720 2377 cautio
761 2326 1048 2377 adhibenda
1084 2335 1184 2384 est.
1222 2341 1287 2376 ne
1326 2326 1604 2391 aliquando

548 2405 877 2455 librariorum
913 2413 1088 2455 errata
1116 2404 1281 2470 sequi,
1311 2414 1401 2455 aut
1428 2418 1603 2454 exem·

548 2483 663 2544 plis,
684 2498 797 2546 quoe
824 2484 1032 2546 proprie
1068 2483 1132 2531 ad
1168 2497 1275 2531 rem
1311 2496 1411 2531 non
1442 2483 1605 2546 perti-

546 2567 693 2615 nent.
714 2559 966 2623 aliamque
992 2558 1393 2623 explicationem
1416 2559 1604 2608 admit·

546 2643 683 2695 tunt,
703 2636 777 2683 uti
798 2635 1078 2684 videamur.
1135 2637 1320 2698 Neque
1343 2644 1445 2697 est,
1464 2636 1604 2699 qnod

546 2712 777 2775 objicias,
816 2712 984 2767 nnius.
1017 2720 1106 2760 ant
1150 2712 1364 2762 alterius
1406 2713 1602 2764 codicis

545 2790 858 2852 scripturam
882 2804 981 2838 non
1015 2804 1162 2852 posse
1196 2788 1449 2853 derogare
1483 2807 1603 2842 auc·

549 2865 751 2914 toritati
788 2872 867 2913 tot
903 2864 1116 2913 aliorum
1142 2864 1393 2914 codicum.
1460 2867 1602 2918 Quid

547 2941 599 2990 ni
644 2941 814 2991 enim?
859 2940 902 2990 si
938 2940 1142 3006 quidem
1182 2946 1349 2990 certae.
1384 2942 1603 2992 circum-

544 3020 752 3069 stantiae
809 3019 1190 3082 adstipulentur
1238 3019 1394 3070 etiam
1449 3022 1604 3070 unico

547 3096 734 3146 codici.
799 3098 988 3160 Neque
1038 3095 1322 3145 inauditnm
1368 3103 1467 3159 est,
1512 3097 1606 3146 ali·

547 3173 754 3237 quando
776 3174 931 3223 etiam
950 3172 1015 3221 ab
1034 3186 1134 3221 nno
1152 3172 1333 3221 codice
1354 3173 1605 3222 veriorem

544 3251 819 3300 lectionem
843 3251 1074 3315 potuisse
1097 3250 1367 3300 asservari.
1421 3251 1606 3317 Neque

547 3327 729 3376 mirum
755 3336 857 3391 est,
880 3329 923 3377 si
950 3329 1124 3391 plnres
1159 3327 1351 3378 librarii
1380 3330 1605 3391 particu-

547 3403 625 3450 las
651 3403 780 3463 illas,
814 3410 918 3465 aut,
952 3411 1007 3453 et
1042 3419 1121 3461 un,
1155 3404 1343 3467 saepius
1379 3405 1517 3455 inter
1551 3420 1608 3455 sc

546 3476 913 3530 confuderint:
963 3496 1079 3530 cum
1118 3480 1425 3544 superstites
1464 3481 1607 3531 codi-

450 3552 454 3556 ’
548 3569 636 3604 ces
676 3556 977 3622 plerumque
1014 3573 1116 3608 non
1161 3559 1244 3608 alii
1283 3560 1610 3623 scripserint,

546 3631 648 3680 nisi
686 3630 917 3681 homines
952 3635 1032 3682 vel
1066 3633 1208 3697 Itali,
1234 3637 1315 3683 vel
1342 3635 1499 3695 Galli,
1524 3638 1608 3687 vel

548 3709 814 3759 Germani.
878 3707 1041 3774 Atqui
1086 3710 1135 3758 hi
1180 3724 1357 3761 omnes
1396 3713 1447 3761 in
1491 3727 1604 3762 ver·

548 3788 738 3836 nacula
760 3801 870 3851 sna,
889 3801 935 3844 o,
954 3801 1034 3849 ou,
1051 3786 1135 3834 vel
1157 3788 1285 3849 oder,
1307 3788 1359 3836 id
1383 3797 1480 3846 est,
1502 3794 1607 3851 nul,

547 3866 659 3914 sive
681 3866 772 3921 cel,
799 3870 1067 3928 usurpant,
1090 3863 1178 3912 nbi
1203 3864 1377 3913 Latini
1411 3866 1463 3914 in
1498 3865 1605 3915 for·

549 3940 699 3988 mulis
742 3937 1096 4003 interrogandi
1136 3938 1371 3989 usitatius
1411 3956 1474 3989 un
1511 3957 1604 4006 po-

548 4031 673 4066 nere
723 4018 908 4067 solent.
973 4017 1063 4066 Sic
1104 4014 1327 4067 fortasse
1373 4020 1606 4070 nonnulli

549 4096 706 4144 etiam
735 4096 844 4159 jam
880 4095 1220 4146 Quinctiliani
1257 4110 1388 4157 aevo,
1423 4104 1607 4148 contra

548 4171 775 4223 indolem
798 4175 988 4238 linguat
1014 4173 1231 4229 Latinae.
1247 4174 1463 4225 Graecos
1482 4183 1608 4227 snnt

553 4247 764 4314 imitati,
778 4253 864 4315 qni
883 4266 977 4315 pro
990 4266 1073 4315 nn,
1086 4248 1119 4310 ἡ
1135 4259 1350 4316 ponunt.
1364 4252 1606 4304 Schmun.

1233 337 1447 388 NOTAE
1494 337 1900 389 vammum
1947 338 2028 387 ΙΝ

1739 482 1916 545 Nasci]
1949 480 2102 534 Quod
2124 480 2174 531 in
2195 494 2392 532 sorore.
2431 481 2564 545 140.

1737 559 2023 623 AEmmioj
2056 559 2335 609 Contentio
2357 559 2425 608 de
2458 558 2739 622 dignitate.

1740 714 1896 771 Quasi
1927 712 2192 776 oenuhts'o]
2225 711 2336 764 Cic.
2370 713 2574 765 Quast.
2600 713 2735 763 Tus·

1674 793 1778 844 cul.
1800 807 1879 843 tv.
1902 795 1951 841 8.
1985 796 2000 820 ⁴
2017 790 2295 841 AEmulatio
2315 789 2738 855 dupliciterqui·

1673 867 1792 918 dem
1836 866 2049 923 dicitur.
2087 874 2147 918 nt
2181 874 2239 915 et
2281 864 2334 915 in
2373 865 2547 927 lande,
2584 874 2641 916 et
2681 867 2738 916 in

1673 944 1822 1007 vitio,
1845 958 2032 994 nomen
2062 944 2162 994 boc
2180 943 2286 1002 sit;
2318 956 2432 992 nam
2465 948 2524 991 et
2559 941 2742 991 imita·

1675 1021 1748 1071 tio
1786 1019 1992 1071 virtutis
2027 1019 2287 1069 aemulatio
2322 1016 2529 1074 dicitnr,
2553 1025 2614 1067 et
2648 1023 2742 1067 est

1675 1096 1935 1146 aemulatio
1968 1094 2247 1160 egritudo,
2267 1094 2309 1143 si
2335 1107 2417 1150 eo,
2449 1093 2590 1157 quod
2618 1092 2741 1158 quis

1674 1174 2016 1238 concupierit,
2051 1173 2180 1223 alius
2220 1172 2467 1235 potiatur,
2500 1171 2616 1234 ipse
2649 1184 2743 1220 cu·

1674 1248 1826 1301 reat.’
1876 1250 2100 1300 Videtur
2121 1250 2254 1299 adeo
2280 1248 2476 1297 Plinius
2499 1247 2596 1296 boc
2619 1247 2741 1297 loco

1675 1327 2054 1377 aemulationem
2088 1328 2137 1376 in
2175 1326 2298 1376 vitio
2335 1339 2547 1390 ponere.
2616 1324 2739 1374 Quo

1674 1404 1741 1454 de
1765 1404 2060 1456 discrimine
2093 1405 2238 1470 plura
2275 1403 2489 1468 exposui
2519 1403 2572 1450 in
2608 1401 2742 1450 Dis·

1674 1491 1803 1531 sert.
1824 1481 1891 1533 de
1916 1481 2261 1532 AEmnlatione
2300 1480 2365 1530 ad
2388 1480 2577 1529 velleii
2612 1478 2741 1529 His·

1677 1568 1775 1612 tor.
1816 1575 1856 1610 1.
1895 1566 1973 1612 1⁷.
2036 1561 2100 1610 In
2140 1558 2321 1611 codice
2363 1557 2648 1619 Patauino,
2678 1564 2742 1607 ct

1676 1638 1807 1687 libro
1830 1638 2106 1701 Vossiano,
2129 1650 2223 1700 pro
2245 1649 2374 1687 voce
2403 1649 2623 1698 maan,
2645 1649 2742 1685 cx·

1675 1721 1752 1764 tat
1772 1715 1993 1776 primm
2025 1714 2288 1764 Setina.

1742 1793 1822 1841 Ex
1857 1792 2203 1855 conjunctione]
2244 1790 2291 1839 1.
2311 1804 2360 1840 e.
2395 1789 2644 1840 convictu
2679 1796 2742 1840 et

1672 1868 2061 1925 consuetudine*
2101 1867 2424 1933 quotidiana.
2491 1866 2580 1916 Ita
2626 1880 2741 1914 rer·

1675 1947 1792 1997 bum
1815 1947 1831 1975 ‘
1847 1947 2090 2011 conjungi
2110 1946 2125 1969 ’
2145 1952 2442 2010 usurpatur.
2476 1944 2593 1995 Cic.
2615 1943 2741 1993 Phi·

1674 2025 1803 2089 lipp.
1825 2038 1927 2073 vn.
1949 2028 1998 2073 Β.
2030 2024 2047 2051 ‘
2068 2024 2181 2073 Nos
2217 2023 2284 2072 ab
2319 2023 2534 2072 ineunte
2573 2028 2740 2071 aetatc

1675 2114 1818 2164 naus,
1859 2099 2196 2156 consuetudo.
2239 2099 2525 2148 studiorum
2574 2100 2740 2147 etiam

1675 2176 2149 2225 honestissimorum
2162 2173 2493 2237 conjunctio:
2523 2173 2630 2223 Sed
2645 2173 2739 2221 da-

1678 2260 1764 2302 tur
1809 2253 1965 2303 etiam
2021 2260 2036 2283 ‘
2062 2248 2328 2301 affinitatis
2373 2250 2744 2313 conjunctio;'

1680 2331 1793 2381 Cic.
1837 2345 1933 2395 pro
1978 2327 2240 2391 Cluentio,
2283 2343 2398 2391 cap.
2439 2331 2527 2377 67.
2589 2329 2608 2355 ⁸
2639 2327 2744 2376 Illa

1675 2407 1774 2458 sibi
1798 2407 1861 2458 ad
1889 2405 2260 2458 confirmandas
2288 2405 2606 2463 iuimicitias.
2628 2402 2742 2454 affi-

1678 2485 1857 2534 nitatis
1911 2483 2326 2546 conjunctiouem
2373 2481 2579 2546 pignori
2621 2479 2742 2531 fore

1679 2558 1916 2626 putavit!
2005 2561 2082 2609 Ex
2129 2572 2234 2624 qua
2275 2558 2393 2622 ipsa
2442 2557 2743 2621 conjuncti·

1676 2651 1775 2686 one
1811 2637 1966 2686 etiam
2001 2635 2262 2684 aemulatio
2293 2633 2522 2683 existere
2546 2643 2745 2698 potest.

1677 2714 1829 2764 Iden.

1745 2786 2108 2850 emunctione]
2166 2786 2297 2837 Cum
2335 2801 2442 2836 nna
2478 2792 2643 2851 agunt
2678 2794 2739 2838 et

1675 2865 1895 2915 haerent.
1926 2863 2059 2926 Lips.

1739 2940 2059 3005 AEquulitate]
2079 2938 2184 2989 Ubi
2204 2935 2418 2989 difficile
2440 2936 2743 2999 discrimen,

1677 3024 1792 3069 utra
1816 3018 1972 3082 prior.
2005 3017 2156 3068 Idem.

1741 3093 1908 3144 Aliter
1941 3089 2236 3156 equalitate]
2270 3090 2476 3156 Nempe
2507 3091 2648 3141 inter
2673 3108 2745 3142 ε-

1679 3173 1858 3236 quales
1906 3171 2148 3231 maxime,
2192 3177 2247 3219 et
2301 3167 2538 3232 ejusdcm
2584 3170 2747 3219 sortis

1678 3248 2164 3314 conjunctionisque
2214 3247 2469 3309 homines,
2508 3261 2747 3311 qnorum

1680 3332 1856 3376 tamen
1912 3325 2046 3375 alter
2104 3324 2325 3373 alterum
2376 3320 2538 3373 certis
2596 3322 2749 3371 bonis

1681 3410 1914 3467 praestat.
1936 3402 2199 3452 aemulatio
2221 3400 2424 3461 existit,
2450 3408 2506 3449 et
2539 3400 2596 3449 in
2631 3399 2746 3450 dies

1679 3481 1876 3545 majora
1897 3480 2040 3544 capit
2063 3478 2399 3528 incrementa.
2428 3477 2540 3537 Sic,
2561 3490 2748 3527 secun-

1680 3558 1800 3606 dum
1820 3554 2121 3612 Hesiodum,
2137 3554 2324 3618 figulus
2344 3551 2581 3616 figulum,
2596 3552 2748 3603 saber

1678 3635 1899 3698 fabrum,
1921 3640 2104 3684 cantor
2124 3640 2412 3688 cantorem,
2431 3633 2746 3693 emulatur3

1679 3712 1756 3761 sic
1780 3718 1835 3761 et
1859 3712 2102 3775 princeps
2137 3708 2460 3773 principem;
2488 3722 2594 3758 non
2619 3723 2747 3759 vero

1681 3789 1920 3852 princeps
1974 3786 2244 3843 rusticum,
2295 3797 2466 3849 neque
2517 3785 2748 3836 rusticus

1675 3866 1982 3930 principem.
2017 3865 2102 3915 Ita
2125 3862 2514 3933 etismwverbnm
2536 3866 2552 3891 ⁸
2572 3863 2748 3914 alere’

1679 3957 1711 3992 a
1744 3942 2012 3998 Cicerone,
2045 3948 2101 3991 et
2138 3941 2272 4002 aliis,
2305 3938 2499 4002 passim
2525 3954 2744 4003 usurpa-

1680 4029 1794 4082 tur;
1838 4035 1888 4069 v.
1910 4035 1958 4082 g.
1997 4018 2066 4068 de
2101 4020 2324 4085 iuvent..
2345 4031 2389 4066 1.
2426 4021 2478 4066 8.
2508 4022 2523 4045 ‘
2549 4017 2742 4066 Dicen-

1677 4098 1730 4147 di
1750 4097 2020 4147 assiduitas
2037 4096 2164 4146 aluit
2182 4091 2498 4145 audaciam-⁹
2520 4093 2741 4143 Schwe-

1676 4189 1796 4227 nus.

1744 4248 2040 4302 &sumit
2070 4248 2277 4313 boidin]
2311 4245 2494 4298 Codex
2526 4249 2748 4300 Vatica-
