3060 4902
530 321 663 390 990

531 491 734 535 mutare
767 481 894 543 fata,
925 487 1002 545 et,
1034 487 1092 531 ut
1129 487 1312 541 mutet,
1342 478 1582 542 precibus

531 561 734 612 exorari
757 558 1000 624 flectique
1023 573 1189 623 posse.
1252 557 1453 607 Seriem
1474 557 1585 620 qui-

531 641 648 689 dem
668 637 893 688 fatorum
913 637 1060 700 hujus
1083 635 1327 690 universi,
1345 643 1585 698 tanquam

530 728 826 764 caussarum
840 712 1071 762 ordinem
1085 720 1140 761 et
1153 725 1426 772 nexum,ae
1441 710 1587 774 quasi

528 793 843 842 harmoniam
877 790 1291 855 prestabilitam‚
1313 803 1410 837 non
1437 802 1587 851 posse

531 870 743 929 mutari,
766 867 1073 927 tradebant;
1108 879 1258 930 posse
1290 870 1459 914 autem
1484 864 1587 913 sin-

535 945 730 1010 gularia
774 941 904 1002 fata,
944 958 1062 1008 quae
1104 957 1134 990 a
1179 941 1343 1007 prima
1385 940 1588 1003 origine

533 1022 708 1071 mundi
744 1036 846 1070 non
876 1022 982 1070 sint
1010 1018 1243 1082 definita,
1264 1028 1317 1067 et
1341 1034 1455 1082 qnae
1487 1018 1587 1067 sal·

535 1107 638 1150 tem
680 1113 908 1149 seorsum
949 1111 1063 1146 suas
1101 1110 1307 1145 caussas
1344 1094 1587 1157 habeant,

533 1179 647 1226 sine
682 1174 997 1235 confusione,
1027 1180 1118 1222 aut
1157 1171 1310 1222 turba
1349 1170 1588 1226 universi,

532 1254 743 1304 moveri.
805 1253 892 1301 Sic
926 1261 980 1300 et
1011 1249 1149 1314 apud
1180 1248 1367 1313 Virgil-
1390 1248 1508 1297 AEu.
1528 1260 1589 1297 x·

532 1337 613 1382 35.
634 1329 896 1381 metuebat
925 1330 1119 1382 Venus.
1142 1342 1205 1376 ne
1237 1340 1369 1374 nova
1397 1325 1587 1374 conde·

532 1418 710 1458 rentur
731 1406 858 1457 fata.
893 1407 909 1434 ⁸
928 1406 1035 1455 Cur
1058 1402 1230 1465 nunc,'
1255 1403 1441 1467 inquit,
1465 1401 1480 1427 ‘
1498 1409 1587 1450 tua

532 1488 796 1552 quisquam
834 1486 1061 1534 Vertere
1091 1483 1212 1544 jura
1249 1486 1452 1545 potest3
1497 1485 1588 1528 aut

533 1580 625 1614 cur
658 1578 791 1613 nova
824 1562 1045 1613 condere
1076 1560 1181 1610 fata
1194 1560 1231 1609 ?'
1309 1561 1587 1620 Quantam,

533 1655 726 1705 quaeso,
746 1640 1029 1703 potentiam
1052 1637 1264 1700 regendi
1281 1643 1335 1686 et
1353 1635 1587 1685 mutandi

529 1716 638 1768 fata
659 1717 939 1777 bominum,
957 1716 1354 1780 imperatoribus
1374 1714 1477 1764 suis
1499 1714 1587 1762 tri-

530 1794 755 1843 buerunt
786 1801 991 1841 veteres
1017 1801 1263 1846 oratores,
1289 1799 1442 1854 atque
1467 1789 1588 1854 po'e'·

528 1870 624 1918 tae!
695 1870 783 1918 Sic
812 1869 1042 1918 incertus
1072 1877 1252 1917 auctor
1277 1868 1587 1932 panegyrici

530 1947 900 1996 Maximiniano
924 1956 975 1994 et
999 1947 1340 1995 Constantino
1364 1961 1478 2008 cap.
1504 1950 1585 1995 14.

528 2022 949 2073 Maximinianum
969 2022 1255 2086 Augustum
1276 2023 1583 2086 alloquitnrz

527 2108 542 2130 ⁴
567 2101 639 2149 Te
667 2114 731 2149 ex
752 2099 864 2163 ipso
886 2100 1084 2163 imperii
1109 2099 1304 2149 vertice
1329 2099 1481 2148 decet
1506 2115 1585 2150 or·

529 2178 645 2227 bem
678 2178 975 2242 prospicere
1003 2191 1339 2234 communem.
1366 2177 1585 2227 coelesti·

532 2269 632 2320 que
668 2263 796 2304 nutu
829 2255 980 2303 rebus
1008 2255 1240 2303 humanis
1270 2252 1381 2303 fata
1403 2253 1584 2303 decer·

532 2330 693 2388 nere‚'
722 2335 821 2381 dcc.
898 2332 1111 2381 Latinos
1147 2331 1302 2380 etiarn
1340 2331 1587 2393 Pacatus,

533 2411 793 2475 Panegyr.
829 2424 945 2474 cap.
982 2411 1032 2458 3.
1065 2407 1211 2466 dixit,
1245 2407 1587 2458 Theodosium

532 2485 845 2550 Angustum,
888 2487 904 2514 ‘
928 2487 1157 2535 nutantia
1212 2486 1457 2535 Romanu
1509 2486 1586 2536 rei

531 2560 643 2611 fata
677 2561 959 2624 suscepisse
978 2559 1012 2621 ;’
1052 2570 1108 2610 et
1143 2576 1189 2610 c.
1219 2565 1300 2610 27.
1336 2561 1351 2588 ‘
1380 2562 1586 2611 Nullam

529 2640 769 2703 majorem
801 2651 914 2688 esse
950 2638 1238 2702 principum
1262 2636 1587 2697 felicitatem,

528 2730 679 2779 qnam
702 2714 891 2764 fecisse
914 2712 1136 2769 felicem,
1159 2722 1213 2763 et
1235 2714 1588 2765 intercessisse

531 2792 735 2855 inopiae,
768 2802 823 2842 et
866 2791 1047 2840 vicisse
1091 2789 1374 2852 fortunam,
1408 2799 1464 2841 et
1497 2791 1588 2840 de-

528 2871 661 2920 disse
682 2870 872 2919 homini
897 2879 1081 2918 novum
1103 2867 1305 2918 fatum.'
1373 2869 1512 2920 Quid
1534 2873 1586 2919 ni

530 2950 651 2999 talia
665 2949 822 2999 etiam
840 2948 905 2997 de
918 2948 1051 2999 Jove
1069 2948 1261 2996 sentire
1279 2948 1588 3010 potuerunt?

527 3028 582 3078 Si
607 3029 719 3094 quis
742 3027 965 3092 denique
987 3026 1197 3088 dixerit,
1216 3024 1379 3074 videri
1413 3033 1587 3075 tamen

529 3107 870 3169 potiussucta,
886 3104 1179 3169 quamjata,
1200 3103 1336 3166 apud
1358 3101 1583 3151 Plinium

528 3184 633 3247 legi
660 3183 869 3244 debere,
891 3182 1011 3246 qnia
1033 3190 1208 3230 orator
1231 3180 1379 3241 dixit,
1400 3180 1586 3231 Jovem

526 3258 795 3323 dignatum
829 3274 943 3308 esse
968 3257 1108 3308 facta
1130 3257 1421 3308 mortalium
1451 3257 1590 3306 inter

526 3335 701 3385 divina
719 3350 875 3399 opera
894 3350 1191 3394 numerat-tu
1223 3334 1437 3384 indicari
1455 3333 1587 3384 adeo

524 3411 602 3459 his
637 3413 808 3462 verbis
840 3427 940 3462 non
961 3412 1096 3474 suto,
1121 3426 1236 3476 quie
1273 3426 1367 3475 per
1396 3425 1452 3461 se
1483 3412 1589 3461 sint

525 3502 687 3552 opera
722 3489 917 3546 divina,
957 3488 1049 3539 sed
1096 3490 1290 3553 aliquid
1334 3488 1582 3549 inferius3

524 3566 645 3615 huic
675 3566 977 3629 respondeo,
1004 3566 1230 3615 Plinium
1260 3565 1334 3613 ita
1356 3566 1585 3613 locutum

526 3657 642 3692 ease
688 3652 930 3706 respectu
975 3657 1144 3691 rernm
1188 3655 1490 3705 superarum
1529 3650 1589 3692 et

525 3720 845 3778 coelestium5
882 3733 1096 3782 quarum
1120 3733 1293 3768 euram
1324 3720 1586 3781 praecipne

524 3796 732 3860 dignam
766 3794 1083 3844 existimavit
1117 3795 1387 3857 maJestate
1417 3794 1585 3851 Jovisfl

524 3875 599 3925 ita
635 3882 804 3924 tamen
846 3880 903 3922 ut
942 3872 1061 3920 huic
1095 3872 1250 3919 etiam
1288 3885 1459 3919 rerum
1491 3871 1585 3920 hu·

523 3968 783 4004 manarum
800 3966 975 4001 curam
991 3949 1357 4014 aliquantisper
1371 3949 1582 4014 adjtmx-

523 4030 641 4078 erit.
694 4029 748 4078 si
772 4029 852 4088 ¹1.ae
878 4028 1102 4078 rationes
1121 4040 1221 4075 non
1239 4024 1497 4076 sufficiunt
1515 4027 1582 4076 ad

523 4104 901 4156 defendendam
927 4120 1107 4155 novam
1133 4106 1441 4168 lectionem3
1476 4102 1583 4155 suf·

522 4180 706 4231 ficiunt
727 4182 793 4231 sd
817 4181 1211 4240 ostendendum,
1235 4197 1317 4233 me
1341 4196 1453 4233 eam
1476 4198 1580 4234 non

520 4256 634 4305 sine
649 4258 785 4308 omni
805 4259 1003 4310 ratione
1020 4260 1308 4311 induxisse.
1356 4260 1439 4313 Ne
1454 4260 1581 4326 quid

1227 337 1444 384 NOTAE
1492 333 1895 383 vammum
1945 333 2026 382 IN

1661 494 1781 528 varo
1812 476 2204 544 pretermisisae
2231 474 2432 537 videar,
2456 476 2537 525 vet
2560 475 2721 527 verbo

1661 556 1827 607 adhue
1860 571 2066 619 moneo,
2097 556 2236 622 apud
2277 554 2588 617 Gryphium.
2616 570 2716 620 pro

1658 650 1919 695 numerare,
1941 635 2043 697 legi
2065 634 2323 684 namuri·
2354 635 2607 683 Schwart-
2693 670 2702 677 .

1731 714 1973 770 Quantae
1984 719 2122 776 parte
2133 711 2377 776 mm]
2411 712 2718 775 Vulgohac-

1662 805 1820 855 usqne
1856 791 2049 840 editum
2094 789 2339 852 legimns,
2369 787 2561 844 Quibus
2597 803 2721 837 nane

1657 882 1747 932 per·
1780 874 1827 918 te
1859 867 1978 917 liber
2004 868 2289 929 solatum.
2354 864 2420 914 In
2450 865 2721 915 codicibus

1663 942 1952 1004 Vaticanis,
1986 941 2287 1005 Parmensi,
2324 941 2532 990 Veneto
2577 949 2725 992 ntro·

1662 1034 1779 1084 que,
1810 1017 2210 1083 salisburgensi,
2237 1016 2724 1081 Guelplierbytano,

1663 1111 1799 1160 meo,
1849 1097 2125 1156 Patavino,
2165 1102 2222 1145 et
2265 1094 2399 1144 libro
2444 1094 2725 1155 Vosaiano,

1663 1175 1908 1238 scriptum
1940 1182 2041 1236 est,
2086 1175 2198 1230 Qua
2245 1187 2374 1222 nune
2418 1178 2559 1235 perte
2598 1172 2722 1223 lion·

1660 1254 1966 1315 sommum
2016 1266 2169 1316 qnam
2224 1249 2498 1301 lectionem
2559 1250 2719 1299 etiam

1664 1330 1929 1380 Livineius
1967 1331 2019 1381 in
2059 1338 2233 1380 vetere
2281 1329 2463 1380 codiee
2507 1331 2722 1380 inve-o-

1665 1415 1781 1471 ταῖς
1814 1414 1871 1457 et
1894 1421 2028 1457 nnnc
2068 1405 2379 1456 Arntzeoiua
2399 1420 2608 1470 qnoque
2631 1406 2722 1456 ad-

1663 1485 1834 1535 scivit.
1913 1484 2252 1546 Puteolanus,
2302 1482 2610 1538 Beroaldus,
2665 1491 2722 1533 et

1664 1561 1949 1612 Rhenanus
1987 1562 2196 1611 edidere
2221 1563 2333 1618 Qua
2364 1576 2490 1610 me
2519 1575 2608 1624 per
2636 1567 2723 1620 te,-

1663 1638 1748 1688 ubi
1770 1639 1976 1704 quidem
1997 1652 2276 1701 pronomen
2292 1652 2384 1702 qua
2399 1648 2618 1687 reetese
2634 1639 2723 1687 lia·

1663 1718 1755 1768 bet
1777 1735 1793 1780 ς
1830 1729 1886 1768 at
1907 1733 2092 1768 nomen
2112 1724 2266 1782 parte,
2296 1718 2431 1782 quod
2456 1714 2556 1782 per
2583 1731 2721 1767 eom-

1661 1797 1904 1861 pendinm
1938 1797 2189 1860 scriptum
2222 1795 2412 1858 fuerat,
2444 1797 2582 1845 male
2610 1800 2720 1844 mv*

1665 1882 1829 1924 tatum
1873 1880 1954 1924 est
2000 1876 2052 1923 in
2092 1888 2182 1937 per
2211 1879 2277 1923 te.
2341 1872 2620 1923 Rhenanus
2664 1873 2717 1922 in

1663 1951 1893 2015 margine
1927 1959 2153 2012 notarat,
2174 1951 2445 2012 legendum
2473 1966 2569 2015 qua
2586 1964 2718 2000 τινα.

1663 2027 1835 2091 Atque
1859 2031 1910 2078 in
1936 2030 2069 2078 libro
2089 2027 2337 2079 Gudisno
2375 2028 2561 2091 primo,
2584 2043 2719 2078 mar·

1663 2104 1767 2167 gini
1791 2106 1989 2155 allitum
2027 2113 2125 2165 eat,
2161 2120 2267 2169 «με
2296 2112 2719 2168 nuperum

1661 2183 1796 2232 liber.
1829 2184 1997 2234 Quam
2019 2184 2329 2245 scriptoram
2343 2182 2581 2245 Scaliger
2597 2196 2721 2247 qum

1660 2274 1777 2322 que,
1798 2268 1956 2310 *teste
1991 2260 2086 2309 Th.
2123 2259 2354 2314 Hearne.
2393 2259 2445 2308 in
2470 2260 2606 2308 libro
2628 2272 2719 2309 suo

1659 2338 1944 2386 annotavit.
2021 2337 2367 2399 cuspinianus
2408 2333 2598 2397 edidit,
2639 2335 2721 2398 qni

1658 2429 1783 2464 nunc
1821 2430 1909 2479 per
1947 2420 1995 2464 te
2026 2428 2244 2464 “rurant
2281 2412 2402 2463 ether
2432 2411 2724 2475 estne-sque.

1661 2492 1969 2556 Hujusmodi
2005 2492 2273 2541 varietatis
2306 2498 2361 2540 et
2380 2490 2574 2554 partim
2605 2504 2721 2539 eor-

1662 2572 1876 2633 ruptelae
1897 2584 2078 2620 caussa
2094 2569 2259 2619 omnis
2272 2576 2396 2618 nata
2411 2575 2495 2617 est
2512 2582 2576 2616 ex
2589 2580 2721 2617 voce

1657 2653 1812 2709 parte,
1847 2660 1940 2708 per
1961 2643 2318 2707 compendium
2341 2644 2560 2708 scripta,
2582 2642 2722 2693 uodo

1659 2723 1747 2772 alii
1769 2721 2014 2773 effinxere
2031 2736 2118 2785 per
2138 2727 2202 2771 te.
2267 2720 2373 2771 Sed
2390 2720 2512 2770 inde
2532 2721 2717 2784 inepto

1661 2800 1896 2863 quaedam
1917 2796 2213 2860 ταυτολογία
2236 2797 2433 2853 extitit.
2455 2811 2567 2846 enm
2592 2811 2715 2847 mox

1660 2884 1905 2940 sequatur
1932 2876 2242 2939 ‘postquam
2282 2881 2336 2924 te
2376 2872 2558 2922 dedit?
2627 2873 2718 2923 In·

1662 2953 1809 3000 terim
1850 2952 2118 3016 perplacet
2163 2950 2287 3000 mihi
2335 2964 2436 2999 vox
2478 2963 2717 3007 cararum

1659 3043 1813 3094 quam
1837 3028 2182 3092 Cuspiniaans
2211 3029 2323 3076 aine
2353 3025 2516 3076 dubio
2538 3041 2603 3075 ex
2630 3040 2722 3076 ve·

1661 3106 1834 3163 tustis.
1855 3106 2017 3169 iisque
2038 3106 2255 3161 eximiis,
2274 3105 2463 3169 quibua
2481 3118 2600 3154 usas
2619 3111 2721 3165 est,

1659 3184 1972 3234 membranis
2029 3183 2276 3246 prodidit.
2364 3183 2487 3232 Non
2538 3183 2719 3233 ind-ei

1659 3276 1863 3326 possum
1905 3268 1962 3309 ut
1995 3261 2127 3310 hane
2162 3274 2280 3309 cum
2318 3257 2600 3308 Arntaenio
2621 3274 2723 3324 pro

1659 3339 1845 3394 inutili,
1882 3344 1939 3387 et
1975 3337 2140 3387 invito
2172 3335 2347 3387 Plinio
2376 3337 2606 3392 obtrusa,
2629 3337 2719 3386 lia·

1659 3415 1845 3478 beam3
1879 3429 1996 3464 turn
2032 3416 2196 3465 multo
2231 3414 2479 3477 majorem
2514 3413 2715 3477 pos-spi·

1658 3492 1904 3541 enitstem
1928 3492 2200 3542 sententia
2233 3491 2490 3541 Pliniana
2512 3488 2719 3540 afferat.

1656 3569 1775 3618 Sine
1794 3569 1891 3618 hac
1912 3568 2045 3618 enim
2065 3582 2193 3618 voce
2215 3582 2318 3617 aon
2339 3568 2515 3617 atatim
2535 3568 2721 3629 seis-ea,

1658 3643 1807 3708 cujus
1831 3645 1903 3694 rei
1938 3649 2078 3708 parte
2111 3644 2325 3707 Jupiter
2350 3644 2549 3693 solutus
2572 3644 2718 3694 diea-

1657 3729 1742 3771 tur
1763 3737 1778 3783 ς
1813 3722 1950 3772 baud
1972 3737 2122 3772 secus
2144 3737 2206 3772 ac
2237 3722 2552 3786 perobscure
2573 3723 2715 3772 loe·-

1660 3808 1802 3848 turus
1842 3797 2026 3848 fuisset
2066 3799 2176 3849 Cic.
2215 3798 2445 3861 Philipp.
2483 3804 2634 3849 xmo.
2670 3799 2717 3848 si

1657 3876 1928 3939 vocabula,
1943 3878 1958 3903 ⁸
1976 3890 2119 3926 curm
2145 3883 2198 3927 et
2218 3877 2551 3940 cogitationis
2576 3877 2717 3931 tuan·

1656 3954 1708 4001 io
1735 3953 1811 4002 his
1837 3952 2007 4003 verbis
2040 3953 2298 4003 omisisset
2320 3968 2334 3999 ε
2368 3960 2386 3986 ·
2410 3953 2600 4002 Rem·-
2622 3965 2713 4002 ua·

1657 4034 1771 4078 tura
1793 4030 1930 4090 cogit
1954 4037 2008 4080 te
2032 4037 2233 4093 partem
2267 4029 2492 4094 aliquam
2514 4028 2566 4079 in
2597 4029 2708 4076 Asi·

1656 4120 1737 4154 ain
1766 4114 1820 4155 et
1849 4105 2051 4169 Syriam
2074 4104 2313 4154 derivare
2330 4119 2475 4156 eure
2501 4105 2710 4168 eteogi-

1655 4183 1867 4233 tationis
1910 4182 2050 4233 tna!
2121 4182 2377 4247 Equidem
2422 4182 2466 4231 si
2509 4183 2708 4232 Plinius

1653 4261 1706 4313 in
1726 4272 1940 4311 numero
1961 4258 2307 4311 multitudinis
2321 4258 2714 4324 patrumm
