3060 4902
809 415 874 463 C.
925 412 1170 464 PLlNll
1225 411 1555 462 SECUND!
1613 412 1893 462 PANEG.

399 556 834 621 Proepositionem
877 556 1013 606 enim
1049 573 1127 614 ex,
1171 557 1252 607 vel
1289 572 1334 620 e,
1371 557 1464 606 ali-

397 634 602 698 quando
620 648 854 684 caussam
880 633 1286 699 declarare,jam
1307 648 1465 698 supra

396 713 592 772 monui,
616 710 680 760 ad
725 724 816 761 xc.
840 715 889 760 2.
926 720 978 760 et
1016 723 1179 760 xcm.
1204 715 1249 759 1.
1311 710 1465 773 Legi-

398 801 510 836 mus
534 795 725 844 autem,
750 787 978 836 Plinium
995 786 1267 851 aliquoties
1291 786 1356 836 de
1378 800 1462 835 vo·

397 863 597 913 luntate
620 872 832 913 senatus
859 863 1073 913 Romani
1098 877 1306 911 caussas
1330 862 1462 912 soci·

397 954 539 990 orum
583 941 974 1005 provincialium
1016 941 1198 1003 egisse.
1264 940 1332 988 Et
1360 940 1459 1002 pri·

398 1031 535 1066 mum
575 1017 783 1081 quidem
815 1018 874 1071 is,
901 1030 1001 1065 uua
1038 1030 1154 1065 cum
1194 1015 1462 1066 Herennio

398 1095 708 1149 Senecione,
738 1093 1025 1157 provincias
1069 1093 1278 1142 Baeticoe
1320 1107 1350 1142 a
1382 1107 1461 1141 se·

398 1177 522 1221 natu
567 1170 719 1220 datus
765 1178 842 1218 est
888 1170 1171 1218 advocatus
1216 1169 1463 1219 adversm

398 1249 633 1299 Baebium
670 1250 917 1301 Massam,
960 1249 1066 1313 qui,
1095 1263 1210 1297 cum
1245 1262 1462 1311 procon-

399 1327 476 1376 sul
494 1326 684 1376 fuisset
702 1326 752 1374 in
778 1327 874 1375 ista
893 1325 1159 1389 Hispaniae
1178 1324 1463 1389 provincia,

400 1404 531 1453 male
570 1417 678 1453 rem
718 1410 970 1466 gesserat.
1036 1403 1205 1453 Quam
1232 1416 1462 1451 caussam

401 1487 771 1529 commemorat
808 1480 975 1542 Epist.
1003 1492 1088 1528 ιιι.
1111 1482 1160 1528 4.
1209 1492 1279 1528 νι.
1302 1481 1383 1527 29.
1409 1484 1465 1527 et

404 1569 505 1605 vu.
527 1560 607 1605 33.
675 1554 877 1604 Deinde
905 1555 1007 1603 alio
1033 1561 1266 1618 tempore
1306 1553 1464 1617 legati

400 1631 631 1695 ejusdem
667 1630 946 1693 provinciae
973 1630 1207 1686 Baeticae,
1231 1629 1467 1693 questuri

399 1710 465 1759 de
490 1709 707 1760 Caecilio
732 1708 979 1771 Classico,
1005 1709 1091 1772 qui
1130 1708 1465 1769 proconsula-

402 1794 505 1836 tum
542 1788 594 1835 in
621 1801 683 1835 ea
708 1801 806 1835 non
832 1786 998 1834 minus
1024 1785 1295 1844 violenter,
1313 1799 1465 1848 quam

399 1861 627 1923 sordide,
661 1868 913 1924 gesserat,
935 1861 1161 1909 Plinium
1186 1860 1284 1907 sibi
1308 1859 1465 1908 advo·

400 1947 573 1989 catum
609 1953 641 1987 a
673 1933 857 1986 seriatu
885 1937 1180 2000 petierant;
1214 1935 1328 1999 sed,
1361 1935 1465 1985 col-

398 2017 526 2079 legis
551 2030 667 2065 eum
699 2015 1085 2074 excusantibus,
1119 2013 1316 2064 factum
1352 2022 1463 2063 erat

396 2094 452 2142 S.
469 2093 527 2143 C.
549 2106 797 2156 perquam
815 2090 1170 2146 honorificum.
1190 2099 1244 2139 ut
1266 2092 1464 2140 Plinius

398 2168 612 2218 daretur
639 2168 1037 2233 provincialibus
1064 2167 1171 2216 istis
1197 2175 1466 2230 patronus,

396 2246 442 2295 si
469 2246 672 2307 abipso
696 2259 809 2294 eum
846 2245 1246 2307 impetrassent;
1283 2251 1333 2291 et
1372 2244 1463 2290 im·

399 2328 691 2385 petraruut.
737 2320 871 2369 Vide
894 2320 1062 2383 Epist.
1088 2333 1126 2368 1.
1144 2324 1194 2367 7.
1217 2327 1270 2367 et
1297 2319 1466 2382 Epist.

398 2413 487 2448 m.
523 2404 572 2448 4.
608 2407 661 2448 et
696 2403 747 2448 9.
830 2396 1027 2447 Eodem
1073 2396 1287 2444 circiter
1336 2405 1463 2444 tem-

398 2491 547 2541 pore,
589 2490 705 2526 cum
743 2475 1084 2539 provinciales
1127 2473 1243 2524 Afri
1288 2482 1463 2536 patro·

398 2568 522 2603 num
561 2559 830 2615 optassent
870 2552 1092 2599 Plinium
1129 2559 1315 2599 contra
1350 2550 1462 2597 Ma-

397 2631 529 2680 rium
558 2629 815 2687 Priscum,
839 2643 989 2692 quem
1010 2642 1107 2675 una
1131 2627 1315 2676 civitas
1336 2626 1462 2689 pub·

396 2710 518 2763 lice,
558 2707 808 2771 multique
841 2706 1031 2768 privati
1070 2719 1210 2753 reum
1250 2718 1464 2768 perege-

400 2792 551 2845 rant3
575 2784 775 2833 Plinius
794 2781 999 2845 quidem
1018 2788 1072 2829 et
1095 2781 1244 2842 petiit
1268 2780 1463 2828 veniam

396 2860 553 2924 hujus
591 2860 832 2921 muneris,
866 2865 920 2906 et
959 2858 1301 2919 impetravit;
1345 2857 1467 2920 quia

398 2947 619 3001 propter
639 2942 932 2996 susceptam
953 2932 1318 2996 pra-secturam
1338 2947 1465 2981 oera-

394 3014 464 3064 rii
490 3013 836 3062 renuntiasset
859 3008 1094 3058 omnibus
1115 3008 1463 3058 advocationi·

399 3089 540 3140 bus:
579 3087 790 3138 tandem
834 3094 1004 3135 tamen
1051 3086 1251 3143 annuit,
1293 3085 1464 3134 mode-

398 3173 633 3228 rataeque
684 3162 938 3212 voluntati
987 3162 1282 3229 amplissimi
1329 3162 1464 3211 ordi·

396 3241 481 3291 nis
525 3241 717 3305 paruit.
809 3240 927 3289 Quo
980 3238 1245 3298 pertinent
1296 3238 1466 3300 Epist.

396 3330 467 3368 ιι.
503 3320 584 3365 11.
623 3330 709 3365 ιιι.
746 3318 796 3364 9.
844 3327 899 3364 x.
936 3317 1020 3363 20.
1058 3321 1113 3362 et
1150 3316 1234 3362 21.
1312 3313 1466 3363 Cete-

397 3408 517 3445 rum
560 3394 641 3443 bic
685 3394 829 3442 locus
873 3392 1146 3440 admodum
1192 3399 1467 3455 corruptus

394 3478 627 3536 apparet
651 3472 702 3520 iu
731 3469 997 3519 codicibus
1019 3468 1148 3518 Mss.
1175 3477 1229 3518 ut
1253 3468 1319 3518 de
1347 3482 1468 3518 vero

393 3549 511 3613 ejus
536 3561 688 3597 sensu
714 3553 884 3594 actum
909 3543 1111 3606 suisset,
1136 3545 1228 3593 nisi
1254 3545 1466 3609 optimae

396 3637 627 3689 quaeque
651 3622 922 3676 editiones,
957 3635 1073 3683 quae
1100 3620 1222 3668 nihil
1249 3620 1467 3682 variant,

395 3698 690 3758 meliorem,
715 3710 933 3760 eamque
970 3696 1254 3758 vulgatam,
1288 3696 1467 3746 lectio-

397 3790 524 3828 nem
577 3776 723 3825 nobis
766 3773 1049 3822 dedissent.
1127 3775 1368 3823 Vaticani
1416 3780 1470 3824 et

394 3850 901 3913 Gtrelplierbytanus
938 3848 1152 3910 liabent,
1196 3850 1289 3899 Vos
1317 3851 1368 3899 in
1406 3853 1470 3899 is-

392 3931 470 3981 {1⁰⁸
504 3928 670 3994 officiis
704 3933 751 3976 et
785 3926 959 3975 studiis
983 3928 1178 3981 uostris,
1211 3942 1315 3990 quae
1343 3928 1471 3977 circa

393 4009 602 4069 tuendos
641 4005 792 4054 socios
834 4004 1172 4063 injunxeratis,
1217 4019 1322 4053 cum
1363 4022 1470 4054 con-

392 4087 604 4141 uasti«,
627 4089 712 4148 Ere.
776 4084 1106 4144 Parisiensis,
1150 4084 1243 4133 Vos
1278 4083 1330 4131 irs
1364 4083 1473 4132 istis

396 4164 595 4232 officiis,
627 4167 673 4211 et
711 4177 817 4225 qaoe
851 4177 875 4209 e
909 4160 1083 4209 studiis
1110 4176 1151 4209 c.
1177 4166 1215 4209 t.
1235 4175 1276 4207 s.
1304 4159 1339 4208 ι’.
1369 4175 1474 4208 cuns

397 4250 511 4293 tam
527 4239 922 4303 constanaeioe,8,·c.
964 4238 1198 4303 Uterque
1220 4238 1477 4303 Venetus,

1967 414 2016 461 1.
2059 397 2170 463 95.
2434 395 2612 462 1095

1553 557 1646 607 Vos
1668 558 1719 607 in
1743 556 1853 607 istis
1873 556 2042 624 officiis
2062 557 2225 618 etiam,
2257 571 2361 620 quoe
2391 561 2438 606 et
2460 571 2485 605 e
2507 561 2611 606 stu·

1539 636 1635 685 diis
1675 636 1856 684 nostris
1895 652 1938 686 e.
1976 640 2013 684 t.
2044 648 2087 682 s.
2134 634 2170 682 i.
2210 648 2316 683 eum
2350 638 2453 683 nm
2500 648 2612 683 con·

1540 713 1857 776 staatioe,q·c.
1918 710 2329 774 salisburgensis
2376 717 2432 760 et
2466 725 2611 760 meus

1544 788 1759 838 eandem
1798 789 2072 838 lectionem
2110 787 2347 838 codicum
2379 788 2611 837 Veneto·

1545 878 1656 913 rum
1684 864 1936 922 referunt,
1958 864 2055 914 nisi
2080 863 2219 928 quod
2247 878 2342 928 pro
2364 879 2468 913 estus
2489 870 2609 921 tum,

1543 943 1706 990 solum
1751 941 1975 992 habeant
2016 957 2157 999 eam
2188 949 2243 990 et
2282 956 2426 991 meus
2475 956 2611 1005 prve-

1545 1026 1690 1068 terea
1715 1019 2132 1083 proepositionem
2151 1033 2194 1078 e,
2222 1019 2616 1081 proetermittat.

1543 1093 1730 1144 Adhuc
1775 1096 1924 1159 pejus
1962 1095 2098 1144 hunc
2141 1095 2313 1144 locum
2349 1092 2610 1144 deforma·

1541 1179 1665 1221 runt
1689 1171 1855 1221 codex
1878 1171 2164 1220 Pataviuus
2194 1176 2249 1219 et
2281 1169 2412 1219 liber
2438 1169 2612 1219 Vossi-

1543 1264 1688 1299 anus.
1776 1249 2057 1310 Sigillatim
2112 1262 2237 1297 vero
2296 1261 2396 1295 vox
2448 1247 2610 1296 cuncti

1545 1327 1596 1376 in
1641 1325 1780 1374 nullo
1824 1323 2007 1373 codice
2043 1323 2145 1372 Ms.
2185 1323 2393 1385 integra
2434 1322 2614 1385 expri-

1543 1404 1719 1452 mitur.
1789 1402 2031 1451 Ceterum
2071 1399 2123 1448 in
2151 1399 2339 1460 verbis,
2372 1400 2499 1448 circa
2534 1404 2611 1448 tu·

1541 1481 1686 1529 endas
1711 1478 1879 1539 socios,
1918 1476 2178 1526 notandus
2214 1483 2293 1524 est
2334 1475 2611 1538 singularis

1545 1572 1667 1606 ustis
1705 1555 1974 1619 particulae
2007 1553 2152 1608 circa,
2193 1566 2309 1615 quae
2335 1563 2428 1614 pro
2463 1550 2478 1577 ⁴
2503 1549 2608 1612 de,'

1545 1636 1560 1664 ⁸
1585 1633 1720 1698 quod
1746 1632 1935 1681 attinet
1961 1628 2063 1686 ad‚’
2100 1631 2116 1658 ‘
2145 1627 2234 1686 in,’
2257 1629 2273 1656 ‘
2301 1625 2466 1688 erga.’
2504 1625 2610 1676 fre·

1544 1718 1769 1777 quenter
1807 1708 2033 1758 occurrit
2054 1705 2191 1770 apud
2219 1705 2502 1767 scriptores
2538 1718 2605 1752 ω·

1546 1787 1593 1835 vi
1635 1785 1881 1835 Pliniani.
1970 1784 2090 1832 Non
2116 1779 2344 1835 fastidio,
2379 1787 2435 1828 ut
2462 1787 2609 1843 puto,

1544 1864 1645 1913 erit
1686 1865 1864 1911 harum
1912 1874 2083 1908 rernm
2125 1857 2388 1917 studiosis,
2429 1856 2472 1904 si
2507 1871 2608 1918 qua

1545 1940 1784 2003 exempla
1806 1935 2018 1988 afferam
2041 1952 2056 1997 3
2091 1952 2136 1985 v.
2156 1951 2205 1999 g.
2228 1935 2335 1984 Pro
2356 1933 2372 1961 ‘
2399 1930 2492 1981 de’
2518 1947 2608 1995 po-

1545 2017 1711 2066 suisse
1751 2016 2009 2069 videntur,
2043 2013 2246 2062 Plinius
2280 2011 2453 2074 Major
2485 2023 2606 2058 vm.

1544 2100 1591 2143 6.
1628 2101 1639 2122 ⁶
1668 2093 1831 2141 Varia
1854 2093 1995 2140 circa
2017 2090 2129 2139 liaec
2155 2088 2246 2154 (de
2272 2087 2378 2150 bis)
2398 2086 2607 2148 opinio-⁹

1545 2171 1800 2224 Quinctil.
1831 2171 2052 2218 Prooem.
2071 2167 2161 2216 lib.
2186 2180 2223 2214 ι.
2258 2173 2271 2195 ⁸
2302 2165 2507 2214 Nullam
2534 2165 2609 2211 in·

1544 2248 1677 2310 genii
1702 2254 1975 2309 sperantes
1994 2244 2213 2308 gratiam
2232 2242 2370 2291 circa
2391 2255 2470 2288 res
2492 2254 2610 2302 pro·

1544 2324 1626 2373 cul
1653 2324 1715 2372 ab
1741 2322 2086 2371 ostentatione
2125 2315 2356 2381 positas.’
2391 2317 2608 2364 Sueton.

1546 2400 1727 2450 Claud.
1750 2414 1863 2464 cap.
1883 2402 1964 2447 45.
2002 2403 2015 2425 ⁴
2044 2397 2224 2444 Donec
2246 2394 2384 2443 circa
2403 2407 2607 2441 succes·

1545 2494 1710 2527 sorem
1757 2478 1927 2527 onmia
1971 2470 2370 2523 ordinarentur.’
2437 2471 2608 2518 Tacit.

1546 2558 1733 2607 Annal.
1760 2571 1838 2605 ιιι.
1863 2560 1944 2606 29.
1979 2557 1994 2583 ⁸
2020 2554 2267 2604 Callistus
2307 2551 2430 2600 milii
2469 2551 2610 2598 circa

1545 2649 1725 2683 necem
1767 2632 1985 2683 Caesaris
2024 2626 2302 2678 narratus!
2356 2628 2610 2689 Trajauns

1547 2710 1611 2759 ad
1649 2712 1784 2760 Plin.
1822 2724 1875 2758 x.
1909 2714 1987 2758 10.
2021 2715 2035 2737 ⁴
2063 2707 2200 2757 Quid
2229 2712 2473 2768 oporteat
2494 2702 2607 2751 fieri

1544 2789 1683 2838 circa
1707 2787 1985 2835 theatrum.
2018 2818 2034 2834 .
2059 2816 2073 2831 .
2098 2781 2234 2834 Quid
2260 2779 2611 2844 Claudiopoli-

1547 2867 1684 2914 tanis
1708 2865 1847 2914 circa
1874 2862 2128 2911 balineum
2166 2858 2487 2909 suadendum
2524 2859 2612 2919 sit,

1545 2950 1601 2992 tu
1643 2939 1967 2991 constitues!
2035 2938 2162 2991 Pro.
2197 2939 2213 2965 ⁴
2245 2935 2380 2999 quod
2423 2936 2613 2984 attinet

1546 3019 1608 3068 ad
1629 3018 1665 3067 ι’
1703 3017 1904 3067 Plinius
1941 3021 2136 3078 noster,
2167 3015 2263 3076 Ep.
2290 3028 2374 3062 ιιι.
2407 3018 2456 3062 9.
2489 3016 2503 3040 ⁴
2540 3013 2612 3061 Et

1543 3095 1680 3145 circa
1705 3094 1991 3144 Classicum
2017 3089 2225 3155 quidem
2250 3089 2421 3138 brevis
2445 3096 2499 3137 et
2522 3101 2610 3135 ex·

1546 3171 1753 3235 peditus
1796 3169 1958 3218 labor.
2025 3169 2181 3218 Circa
2225 3167 2517 3230 Hispanum
2557 3170 2614 3213 et

1546 3249 1778 3297 Probum
1820 3247 2037 3294 multum
2074 3242 2312 3293 sudoris.’
2346 3242 2515 3304 Epist.
2557 3254 2613 3290 x.

1544 3331 1625 3375 70.
1660 3329 1675 3353 ⁸
1705 3325 1817 3374 Nec
1855 3322 2153 3386 prudentia.
2187 3334 2284 3369 nee
2320 3317 2612 3379 diligentia,

1549 3401 1640 3450 tibi
1660 3400 1824 3449 defuit
1844 3400 1984 3447 eirca
2003 3397 2158 3445 istum
2175 3391 2375 3444 lacum)
2416 3394 2612 3455 Paneg-

1550 3490 1643 3525 xx.
1666 3480 1714 3525 3.
1745 3479 1760 3504 ‘
1792 3474 2001 3523 Nullum
2035 3472 2176 3521 circa
2209 3469 2433 3533 hospitia
2470 3468 2613 3518 fasti-

1547 3551 1724 3601 dium.'
1768 3550 1938 3599 Tacit.
1981 3548 2124 3597 Hist.
2167 3560 2204 3597 ι.
2248 3550 2325 3619 ¹³:
2361 3555 2375 3576 ⁴
2406 3546 2473 3595 Hi
2512 3546 2614 3594 dis·

1547 3629 1731 3679 cordes
1770 3628 1906 3678 circa
1943 3625 2213 3674 consilium
2248 3623 2471 3691 eligendi
2499 3637 2614 3672 suc·

1546 3706 1767 3757 cessoris
1803 3704 1852 3752 in
1879 3703 2004 3753 duas
2030 3701 2285 3751 factiones
2309 3700 2618 3750 scindeban-

1547 3780 1664 3831 tur.'
1713 3782 1927 3830 Sueton.
1974 3779 2102 3827 Ner.
2147 3791 2263 3838 cap.
2293 3781 2375 3826 51.
2427 3776 2442 3802 ⁸
2470 3777 2616 3826 Nero

1549 3859 1646 3908 fuit
1685 3859 1830 3907 circa
1874 3857 2071 3905 cultum
2113 3853 2445 3915 habitumque
2485 3853 2617 3904 adeo

1550 3931 1862 4000 pudendus,’
1897 3936 2000 3981 ἃς.
2036 3929 2182 3979 Idem
2209 3930 2259 3978 iu
2286 3929 2473 3978 Claud.
2498 3943 2618 3992 cap.

1552 4017 1630 4061 14.
1688 4013 1703 4039 ‘
1745 4010 1992 4058 Claudius
2035 4006 2360 4055 consulatum
2405 4005 2621 4054 tertium

1552 4087 1731 4150 gessit,
1756 4099 1891 4133 novo
1911 4085 2052 4132 circa
2074 4082 2361 4146 principem
2382 4083 2622 4146 exemplo

1553 4165 1605 4213 in
1642 4165 1812 4212 locum
1860 4160 2117 4209 demortui
2156 4156 2444 4210 suffectus!
2513 4159 2622 4209 Pro

1554 4242 1567 4269 ⁸
1610 4239 1662 4288 in
1690 4237 1721 4289 ι’
1777 4236 2031 4289 Quinctil.
2077 4237 2304 4285 l'rooem.
2359 4236 2447 4286 lib.
2497 4249 2623 4286 vm.
