3060 4902
742 422 813 471 o.
863 420 1104 471 eumn
1155 421 1487 473 ssscuum
1539 424 1819 473 muno.
1896 409 2086 475 1.31.

304 568 362 614 nt
383 563 508 614 satis
532 563 694 626 nosti,
715 564 818 614 viri
846 565 1068 629 ventosi,
1086 563 1374 631 furibundi,

296 639 578 703 jactantes,
601 639 862 703 injuriosi,
896 649 1054 705 atque
1086 641 1217 692 adeo
1239 644 1376 706 vani,

301 716 472 777 liberi,
496 729 753 766 noverum
784 730 956 766 rerum
983 733 1146 783 usqne
1169 719 1232 768 sd
1254 735 1374 770 cun-

301 792 488 843 tilenu
511 794 757 856 publicos
780 794 1099 858 cupientes,’
1120 798 1220 845 dcc.
1286 796 1375 846 Sic

304 869 417 920 Cie-
451 870 640 919 Fannii.
678 883 762 919 ιι.
796 874 849 918 9.
893 870 1047 932 dixit,
1079 871 1374 922 ‘hominem

305 944 763 997 tenuissimum?
797 946 951 996 Idem.

377 1024 589 1073 Ventoso
609 1028 657 1072 et
681 1023 889 1072 insolens
909 1023 1065 1086 natio]
1100 1024 1244 1075 Fluv.
1270 1027 1374 1075 Vo-

303 1101 477 1167 piscus
494 1103 784 1152 Saturnino
805 1117 818 1147 =
841 1108 857 1130 ·
875 1103 1006 1151 Sunt
1021 1103 1157 1151 enim
1177 1103 1375 1167 AEgyp-

303 1178 362 1227 tii
383 1178 472 1240 (ut
493 1178 626 1226 sutis
653 1176 821 1241 nosti)
853 1179 952 1226 viri
992 1180 1214 1234 ventosi,
1249 1178 1374 1228 furi-

300 1254 487 1314 bundi,
509 1254 818 1319 jactantes?
840 1258 944 1304 dcc.
1010 1255 1149 1317 Lege
1186 1258 1376 1318 locum,

304 1338 358 1380 et
381 1331 514 1379 inibi
540 1330 816 1391 epistotam
841 1330 1096 1394 quandam
1121 1331 1375 1381 Hadriani

302 1407 636 1470 imperatoris
652 1421 682 1456 e
700 1407 1006 1471 Phlegontis
1022 1408 1198 1458 liberti
1216 1409 1377 1457 libris.

304 1482 471 1533 boin.

379 1560 587 1608 Ventoso
619 1565 670 1609 et
707 1560 910 1609 insolens
937 1561 1099 1625 natio]
1134 1561 1256 1623 Ipso
1289 1562 1375 1610 illo

304 1636 472 1685 verbo
510 1636 768 1697 Vopiscus
802 1638 854 1685 in
893 1637 1213 1686 Saturnino:
1249 1640 1265 1666 ‘
1288 1638 1375 1687 AE·

304 1711 494 1774 gyptii,
519 1712 617 1759 viri
641 1710 1375 1776 ventosi,furibundi,jactan·

304 1788 683 1850 tes,injnriosi,
698 1785 853 1836 vani!
889 1789 1063 1852 Atque
1081 1790 1164 1837 alii
1183 1791 1374 1852 passim

305 1862 443 1912 haud
484 1863 764 1928 splendide
793 1877 953 1926 super
983 1866 1100 1928 ipss
1123 1874 1276 1927 gente
1302 1868 1376 1916 lo·

306 1947 562 2004 quantur,
586 1940 687 1989 etsi
709 1939 774 1988 de
798 1947 955 1989 terra.
987 1940 1127 2004 Lips.

275 2008 286 2017 ’
371 2016 607 2065 Pescen-et
649 2015 830 2079 tumen]
864 2017 1010 2066 Unus
1036 2017 1205 2067 codex
1230 2017 1375 2067 Vati·

303 2104 488 2152 canus,
510 2105 703 2155 numpe
720 2107 861 2142 num.
883 2097 1098 2143 titubet
1121 2102 1376 2157 praeterea

302 2167 424 2219 cod.
453 2167 805 2232 Guelpbicus,
832 2169 1114 2218 omiserunt
1148 2171 1376 2234 particu-

304 2244 406 2293 lam
430 2250 622 2301 tuma,-
656 2243 941 2309 eademque
966 2245 1168 2309 punctis
1194 2255 1376 2296 notata

305 2318 407 2370 fuit
438 2320 494 2369 in
532 2319 667 2370 libro
691 2321 962 2383 vossiano,
985 2323 1126 2385 quasi
1149 2321 1377 2373 defuerit

303 2396 466 2446 elicui
497 2395 670 2446 codici
698 2397 802 2446 Ms-
867 2397 969 2446 Sed
994 2398 1107 2447 haec
1132 2399 1182 2447 in
1204 2399 1375 2464 hujus-

304 2472 446 2524 nodi
487 2472 763 2522 verborum
800 2480 1065 2524 structure
1098 2476 1259 2524 multo
1294 2485 1376 2525 est

304 2548 798 2611 elegentissimude
814 2551 959 2614 eujus
975 2566 1067 2600 usn
1075 2552 1185 2614 jam
1201 2566 1376 2615 supra,

305 2624 370 2675 ud
387 2637 532 2674 ιιι.
547 2629 711 2674 2.nou
726 2625 853 2675 nibil
869 2626 994 2676 dixi.
1032 2626 1189 2675 Aliud
1202 2642 1376 2676 exem·

303 2699 451 2764 plum
476 2715 618 2749 nunc
641 2700 781 2751 addo
803 2717 831 2750 e
856 2703 972 2753 Liv.
1000 2717 1063 2752 n.
1083 2708 1167 2753 24.
1191 2705 1279 2753 ubi
1310 2706 1376 2752 de

305 2775 466 2838 plebe
495 2789 744 2826 noverum
766 2792 936 2827 rerum
963 2778 1155 2842 cupida
1182 2780 1376 2830 scribe-

305 2857 386 2899 tet
399 2865 415 2900 ε
427 2853 444 2879 ⁶
458 2850 840 2901 Deliberetioni
853 2853 916 2902 de
928 2854 1156 2904 maxims
1168 2855 1376 2919 quidem

303 2925 412 2988 ills,
432 2926 529 2976 sed
554 2936 730 2977 tumen
754 2937 903 2992 purte
931 2930 1184 2992 civitatis,
1206 2938 1376 2981 metus

307 3017 404 3067 pro
436 3004 679 3054 universe
705 3006 975 3069 republica
999 3008 1378 3059 intervenerit.’

304 3078 481 3128 Deme
489 3079 571 3126 his
583 3078 756 3129 verbis
774 3081 1378 3146 particulas,quidem,sed

304 3161 503 3214 tamem·
534 3170 788 3218 agnosces
810 3170 1054 3222 quantam
1074 3161 1175 3209 vim
1199 3169 1254 3209 et
1271 3162 1376 3210 ele-

307 3233 542 3295 gantium
562 3232 812 3283 demseris
836 3235 1080 3284 orationi.
1105 3235 1345 3286 Schmun-z.

313 3347 318 3352 .
371 3308 437 3357 ln
465 3308 572 3358 suis
602 3311 823 3374 καίὁιιι]
860 3311 1115 3369 Antehac,
1139 3314 1190 3361 in
1217 3314 1376 3362 omui-

305 3385 406 3436 bus
451 3386 664 3436 omuino
704 3387 848 3437 libris
884 3389 1150 3452 impressis
1180 3392 1375 3439 editum

305 3460 409 3512 fuit
448 3463 505 3511 ιἰι
549 3464 653 3512 suis
707 3464 941 3514 nasibus.
1029 3465 1133 3515 Sed
1183 3466 1377 3516 dudum

306 3540 617 3603 conjecerat
640 3540 921 3595 Livineius,
953 3539 1176 3591 fortasse
1205 3544 1376 3604 legen·

308 3614 432 3666 dnm
456 3630 576 3665 esse
599 3616 652 3664 in
673 3617 776 3666 sns's
796 3618 993 3667 navibus
1008 3635 1028 3676 ,-
1062 3626 1116 3667 et
1143 3619 1378 3668 Francis-

307 3706 400 3744 ω
420 3692 642 3745 Juretus
665 3693 883 3744 eandem
919 3695 1171 3757 probarat
1200 3697 1378 3746 lectio·

305 3781 448 3832 nem,
481 3783 637 3834 qnam
667 3782 795 3832 ergo
815 3769 1074 3820 vindicavi
1102 3772 1293 3833 Plinio,
1328 3773 1379 3820 in

307 3844 529 3896 Ειωη.
568 3859 772 3897 xxxvi.
811 3846 930 3912 qni·
969 3848 1020 3896 iu
1052 3849 1217 3897 altero
1249 3849 1381 3899 libro

307 3922 489 3979 ondit,
511 3931 566 3973 et
590 3925 641 3972 in
660 3924 1061 3988 excerptislibri
1080 3925 1235 3976 Voss.
1251 3925 1381 3976 lianc

307 4000 624 4063 scripturam
647 4014 970 4062 repereram.
1020 4002 1119 4051 Cui
1142 4004 1382 4052 emenda·

309 4073 435 4124 tioni
453 4089 595 4126 nunc
609 4076 773 4126 etium
789 4077 1058 4127 Gesnerus
1083 4086 1141 4127 et
1162 4077 1381 4128 Arntze·

307 4154 433 4217 nius,
458 4154 510 4204 in
534 4157 646 4206 suis
668 4155 1016 4218 editionibus,
1032 4158 1198 4206 locum
1223 4156 1383 4205 dede·

308 4242 444 4285 runt.
524 4235 648 4286 Jnm
705 4240 967 4297 praeterea
1023 4234 1385 4299 animadverti,

309 4323 419 4364 uon
434 4312 603 4364 solum
626 4325 659 4362 ι
680 4309 870 4363 codice
894 4310 1383 4379 Guelpberbytuno,

2383 411 2516 476 605

1449 581 1568 616 cum
1606 580 1709 631 quo
1736 567 2058 617 conveniunt
2090 567 2338 617 lectiones
2378 571 2517 619 veri-

1453 650 1599 693 nntes
1636 643 1754 693 libri
1781 644 1923 693 Gud.
1958 649 2006 692 2.
2035 645 2125 694 sed
2150 646 2308 695 etiam
2331 661 2362 695 n
2388 647 2515 697 duo·

1449 719 1544 768 bus
1567 719 1828 768 codicibus
1854 720 2143 781 Vaticanis,
2166 735 2352 783 nempe
2378 736 2516 773 num.

1448 797 1599 843 3461.
1620 804 1677 844 et
1702 799 1846 844 1775.
1880 796 2010 843 lianc
2036 798 2197 859 ipsam
2218 797 2512 854 lectionem,

1447 871 1503 920 in
1518 870 1621 920 suis
1638 871 1858 932 navibus,
1881 871 2194 922 confirmari.
2259 873 2512 937 Equidem

1450 946 1830 1009 Christophoro
1870 947 2064 997 Behrio
2098 962 2196 996 non
2234 950 2360 997 satis
2407 942 2515 1013 plu-

1449 1023 1560 1072 cuit
1584 1023 1710 1072 illud
1733 1023 1769 1073 J
1774 1024 1928 1080 ureti,
1953 1025 2003 1073 in
2018 1025 2121 1074 suis
2136 1026 2333 1075 navibus
2350 1043 2370 1084 ;
2394 1027 2514 1089 qnia

1450 1099 1669 1149 Romani
1710 1098 2026 1149 frumentum
2064 1115 2127 1149 ex
2164 1102 2388 1166 AEgypto
2413 1103 2515 1152 Ro-

1450 1175 1611 1222 manis
1633 1190 1838 1239 quoque
1864 1177 2079 1226 navibus
2105 1178 2376 1240 petierint.
2408 1178 2514 1228 Sed

1450 1251 1629 1308 credo,
1654 1268 1816 1301 naves
1840 1268 1958 1303 suas
1983 1254 2225 1304 babuisse
2247 1263 2302 1304 et
2330 1257 2515 1305 Romu·

1450 1341 1567 1387 nos,
1591 1329 1776 1392 quibus
1790 1330 1997 1380 aliunde
2019 1333 2266 1394 petierint
2285 1332 2515 1382 frunien-

1454 1410 1505 1450 η
1530 1418 1547 1463 ;
1581 1411 1635 1451 et
1660 1405 1954 1469 AEgyptios,
1975 1407 2162 1470 quibus
2183 1409 2511 1458 devexerint.

1450 1477 1574 1541 Ipse
1618 1480 1755 1529 Plin.
1796 1496 1972 1544 supra,
2017 1495 2174 1531 xxix.
2220 1489 2268 1534 4.
2306 1485 2513 1534 ‘Deve-

1452 1556 1581 1606 liunt
1626 1556 1770 1620 ipsi,’
1805 1558 1992 1621 inquit,
2027 1561 2041 1587 ‘
2066 1560 2202 1622 quod
2244 1567 2384 1610 terra
2429 1578 2515 1623 ge·

1452 1634 1586 1689 nuit,
1632 1633 1770 1697 quod
1817 1634 1959 1683 sidus
2000 1635 2144 1690 aluit,
2177 1634 2314 1698 quod
2351 1650 2513 1684 atinus

1454 1707 1613 1759 tulit.'
1678 1710 1748 1758 Et
1781 1711 1880 1760 hoc
1907 1712 2021 1760 loco
2044 1711 2181 1760 idem
2208 1710 2357 1775 dicit,
2393 1717 2408 1740 ‘
2427 1712 2511 1761 In-

1451 1783 1555 1842 de,'
1591 1785 1640 1835 id
1668 1794 1769 1844 est,
1791 1802 1857 1836 ex
1895 1789 2141 1852 AEgypto,
2165 1790 2216 1837 in
2244 1789 2343 1838 ista
2365 1791 2517 1839 steri-

1450 1861 1619 1917 litate,
1635 1863 1867 1926 ‘navigia
1882 1863 2054 1913 inania
2071 1871 2124 1915 et
2141 1880 2336 1927 vacum
2363 1866 2518 1928 hinc,'

1452 1935 1487 1986 i.
1521 1951 1569 1989 e.
1605 1951 1672 1987 ex
1711 1938 1888 2001 Italia,
1919 1940 2107 2003 ‘plenu
2143 1951 2197 1991 et
2229 1952 2436 2003 onusta,
2462 1952 2516 1993 et

1451 2013 1624 2076 quatis
1645 2015 1818 2063 solent
1846 2016 2038 2078 venire,
2060 2017 2379 2068 mittuntur!
2445 2021 2514 2069 Et

1451 2089 1711 2140 Prudent.
1766 2099 1906 2140 cont.
1951 2093 2245 2155 symmach.
2294 2108 2359 2143 ιι.
2398 2099 2515 2145 936.

1449 2180 1596 2230 seqq.
1627 2174 1641 2196 ¹
1671 2168 1917 2232 Respice,
1942 2184 2060 2218 num
2088 2171 2270 2235 Libyci
2296 2172 2516 2223 desistat

1451 2244 1585 2293 ruris
1609 2251 1779 2293 arator
1803 2246 2100 2295 Frumentis
2118 2261 2331 2295 onerare
2358 2256 2518 2311 rates,

1452 2329 1507 2369 et
1545 2320 1609 2367 ud
1644 2322 1778 2369 ostia
1810 2321 1988 2371 Tibris
2024 2322 2241 2371 Mittere
2268 2323 2519 2384 triticeos,

1451 2395 1502 2441 in
1535 2402 1739 2457 pastum
1780 2395 1962 2459 plebis,
1993 2409 2203 2444 acervos
2223 2397 2260 2444 ?'
2328 2398 2516 2446 Nonne

1449 2473 1465 2500 ‘
1489 2486 1648 2521 naves
1674 2472 1969 2536 AEgyptiae,'
1992 2475 2007 2501 ‘
2027 2487 2184 2522 naves
2207 2473 2516 2524 Alexandri-

1450 2550 1576 2611 nae,'
1607 2565 1749 2614 saepe
1790 2557 2256 2599 commemorantur
2291 2550 2357 2600 ab
2393 2567 2514 2601 aiic-

1452 2626 1670 2682 toribus,
1713 2641 1929 2691 quorum
1979 2628 2278 2676 testimonia
2318 2627 2370 2676 in
2410 2629 2515 2677 Ex·

1449 2717 1584 2752 curs.
1611 2716 1813 2752 xxxvl.
1838 2703 2023 2752 attuli?
2075 2703 2142 2751 Et
2168 2717 2337 2751 nonne
2357 2703 2515 2752 etiam

1450 2793 1774 2843 qnaeouuque
1821 2793 2001 2835 naves,
2046 2779 2090 2826 si
2136 2777 2309 2829 felicia
2355 2794 2514 2829 onera

1451 2854 1714 2918 AEgyptiae
1752 2853 1916 2917 frugis
1963 2855 2275 2911 invexerint,
2317 2857 2515 2919 potuis-

1451 2939 1566 2980 sent
1590 2934 1915 2991 μηωνυμικῶς
1936 2932 2189 2995 appellari
2216 2939 2230 2960 ‘
2251 2946 2407 2980 naves
2430 2933 2515 2981 ΑΞ-

1451 3009 1699 3072 aptiae?
1738 3009 1885 3056 Idem.

1518 3084 1579 3131 In
1623 3084 1724 3132 suis
1766 3083 1989 3148 nauibus]
2048 3085 2110 3132 In
2146 3084 2247 3133 suis
2282 3086 2516 3134 manibus.

1453 3159 1539 3209 Sic
1565 3158 1769 3222 quidem
1804 3161 1996 3223 passim
2032 3161 2227 3223 legitur
2251 3161 2301 3209 in
2326 3160 2515 3211 editio-

1452 3237 1602 3285 nibus
1638 3252 1765 3299 quas
1804 3238 1924 3286 vidi.
1993 3237 2097 3287 Sed
2133 3244 2222 3288 aut
2257 3252 2339 3286 me
2380 3237 2517 3289 fallit

1453 3312 1776 3374 conjecturs,
1799 3322 1886 3361 aut
1912 3314 1997 3362 hic
2035 3315 2207 3377 potius
2233 3314 2513 3363 emendan-

1452 3388 1573 3437 dum
1598 3395 1675 3436 est
1701 3390 1753 3436 in
1787 3389 1883 3437 suis
1909 3391 2120 3441 navibus.
2189 3393 2253 3440 Et
2281 3392 2331 3440 id
2358 3395 2516 3440 maxi-

1453 3479 1536 3513 me
1577 3462 1910 3513 confirmatur
1942 3466 2112 3514 verbis
2147 3467 2375 3529 ejusdem
2410 3469 2518 3517 Pli-

1453 3540 1545 3602 nii,
1569 3554 1686 3603 qnae
1712 3555 1828 3588 mox
1860 3551 2148 3605 sequuntur
2172 3557 2185 3589 ε
2224 3544 2237 3569 ‘
2260 3542 2396 3591 Nihil
2422 3546 2518 3594 boc

1454 3614 1518 3662 ad
1542 3615 1740 3675 urbem,
1756 3630 1815 3664 ac
1832 3630 1895 3664 ne
1914 3617 1978 3665 ud
1997 3616 2276 3680 AEgyptum
2295 3619 2520 3682 quidem,

1454 3691 1554 3740 nisi
1581 3699 1639 3741 ut
1674 3691 1791 3740 inde
1824 3693 2029 3755 navigia
2062 3694 2234 3743 inanis
2256 3703 2310 3744 et
2338 3710 2519 3758 vacua,

1454 3774 1511 3817 et
1535 3768 1719 3817 similia
1754 3768 2111 3832 redeuntibus,
2142 3771 2257 3819 hinc
2291 3774 2438 3833 plens
2465 3782 2519 3822 et

1454 3854 1660 3902 onusta.
1696 3854 1752 3897 et
1782 3848 1952 3911 qualia
1984 3849 2153 3897 solent
2187 3850 2381 3911 venire,
2403 3850 2521 3900 mit·

1457 3921 1672 3973 tantur!
1736 3924 1839 3973 Sed
1877 3933 1934 3974 et
1978 3925 2147 3973 Tacit.
2190 3925 2376 3976 Annal.
2413 3939 2518 3976 ιιι.

1454 4006 1468 4029 ‘
1492 4001 1565 4051 At
1594 4002 1821 4053 Hercule
1852 4005 1970 4052 olim
2001 4017 2066 4052 ex
2102 4004 2274 4052 ltaliae
2301 4005 2522 4067 regioni-

1456 4077 1552 4125 bus
1597 4080 1903 4142 longinquas
1945 4079 1996 4127 in
2043 4079 2334 4142 provincias
2379 4093 2518 4129 com·

1456 4160 1654 4201 meatus
1691 4155 2000 4217 portabant:
2037 4168 2172 4203 nunc
2212 4153 2517 4204 infoecundi·

1457 4235 1567 4279 tate
1608 4230 1903 4280 laboratur}
1939 4229 2029 4279 sed
2068 4231 2300 4280 Africam
2347 4233 2520 4295 potius

1456 4312 1514 4355 et
1538 4305 1820 4371 AEgyptum
1848 4321 2178 4370 exercemus;
2203 4308 2517 4373 navibusque
