3060 4902
497 369 629 436 464

502 543 638 579 anno
660 525 821 592 igitur
840 527 994 591 post?
1028 525 1127 575 hoe
1155 527 1366 591 propius
1387 526 1452 575 sd
1477 540 1564 576 ve·

501 621 648 666 rum3
685 603 775 654 sed
818 618 920 669 quo
965 610 1139 652 tamen
1183 612 1419 665 auctore,
1459 611 1564 652 tum

502 682 719 733 definite
785 679 1005 731 eundem
1060 687 1278 739 statuat,
1335 680 1567 743 requiro.

503 759 618 821 Ego
640 758 738 806 lioc
757 757 940 806 saltem
966 756 1170 804 invenio
1192 755 1271 819 (in
1295 754 1423 804 Aur.
1443 756 1563 806 Vic-

504 832 650 897 tore)
674 832 689 859 ‘
708 832 870 881 tribus
894 830 1158 880 mensibus
1181 845 1297 879 cum
1316 831 1567 894 adoptato

503 910 735 961 Nervam
775 904 1003 957 vixisse!
1083 907 1244 970 Atqui
1291 907 1569 970 imperavit

501 987 682 1037 Nerva
715 993 935 1035 ‘aunum
980 998 1159 1046 unnim,
1196 996 1400 1032 menses
1440 999 1568 1048 qus·

504 1069 642 1123 tuor,
677 1061 789 1111 dies
832 1052 1018 1109 norem
1046 1059 1076 1105 ε’
1108 1060 1269 1123 coepit
1306 1060 1566 1123 imperare

502 1146 650 1189 certo
685 1151 804 1187 xlv.
839 1137 960 1186 Kal.
998 1136 1266 1198 Octobris,
1303 1149 1419 1184 cuin
1460 1139 1566 1186 Do-

501 1214 746 1265 mitianus
790 1228 992 1264 caesusz
1046 1227 1172 1276 ergo
1207 1213 1306 1261 hoe
1346 1212 1565 1268 calculo.

502 1291 718 1355 adoptio
751 1289 963 1353 Trajani
1013 1288 1210 1338 incidat
1244 1288 1297 1336 iu
1332 1301 1409 1339 vt.
1443 1289 1567 1339 Kal.

504 1367 836 1429 Novembris,
861 1373 949 1415 sut
972 1366 1127 1415 circs.
1161 1365 1294 1429 Lips.

568 1444 630 1492 Iu
651 1458 739 1507 quo
761 1441 984 1507 liqueret]
1023 1443 1138 1492 Non
1172 1443 1352 1505 ignoro
1378 1441 1565 1492 ablati-

503 1532 623 1569 vum
669 1519 916 1582 temporis
969 1518 1228 1567 interdum
1284 1519 1566 1569 admittere

503 1595 942 1659 prepositionedi,
966 1595 1010 1642 si
1046 1594 1282 1659 inprimis
1318 1608 1420 1644 non
1446 1595 1567 1643 sim·

502 1673 711 1735 pliciter
728 1679 954 1734 tempus,
978 1671 1070 1720 sed
1093 1679 1299 1734 tempus
1318 1678 1567 1735 opportu-

502 1761 645 1811 num,
670 1748 795 1796 item
820 1753 1024 1808 tempus
1049 1746 1200 1795 triste
1235 1753 1289 1795 et
1313 1746 1567 1808 periculo-

505 1823 990 1886 sum,desiguetur;
1017 1835 1065 1869 v.
1083 1837 1133 1884 g.
1167 1823 1381 1871 Terent.
1401 1822 1567 1873 Andr.

503 1913 584 1950 ιν.
610 1903 693 1949 19.
724 1902 739 1927 ⁸
756 1899 888 1948 Veni
913 1900 963 1947 in
989 1896 1264 1961 tempore‚'
1289 1898 1375 1947 ubi
1402 1898 1569 1948 Dona·

505 1983 592 2025 tus
628 1975 720 2033 ait,
756 1976 821 2025 ‘i.
853 1989 900 2024 e.
945 1982 1272 2038 opportune3
1318 1988 1410 2023 nos
1453 1975 1568 2025 sine

504 2051 877 2115 praepositione
939 2051 1178 2115 dicimus,
1224 2057 1452 2113 tempore,
1513 2059 1569 2102 et

503 2127 733 2191 tempori?
780 2130 946 2179 Porro
979 2129 1191 2178 Sallust.
1224 2128 1276 2177 in
1309 2129 1463 2179 Cstil.
1485 2133 1569 2179 48.

500 2206 516 2233 ⁸
541 2205 603 2253 ln
645 2205 735 2255 tali
765 2215 1019 2269 tempore,
1057 2212 1206 2254 tants
1236 2205 1313 2254 vis
1348 2204 1569 2255 hominis

502 2279 744 2330 lenienda
789 2281 971 2344 magis,
1022 2295 1174 2345 quam
1232 2281 1569 2344 exagitanda,

501 2355 817 2408 videbatur?
896 2357 1153 2420 Exemplo
1202 2358 1366 2407 multo
1420 2358 1571 2422 plura

503 2442 783 2499 praetereo.
851 2434 1122 2485 Omittunt
1142 2442 1312 2485 temen
1338 2434 1569 2485 hocloco

502 2514 747 2565 Pliniano
792 2515 1208 2578 praepositionem
1252 2515 1305 2564 in
1345 2521 1568 2579 quatuor

505 2590 713 2639 codices
729 2590 861 2638 Mss.
880 2590 967 2654 qui
993 2589 1044 2638 iu
1066 2591 1319 2653 Cetalogo
1336 2590 1568 2640 indican-

504 2671 609 2715 tur.
646 2665 833 2714 Deleta
857 2666 1015 2714 etiam
1038 2673 1120 2715 est
1139 2666 1191 2714 in
1215 2666 1381 2715 vossii
1408 2667 1566 2727 libro;

504 2750 664 2807 etque
707 2742 896 2792 omiss-a
926 2757 956 2791 a
995 2742 1253 2807 Gryphio,
1293 2743 1568 2805 Sicliardo,

503 2819 786 2883 paucisque
810 2819 940 2868 sliis.
1009 2819 1204 2869 Aduaec
1227 2819 1340 2881 ipse
1366 2819 1567 2868 Plinius

502 2895 720 2945 eundem
758 2895 1185 2958 prepositionem
1221 2895 1334 2944 eliis
1361 2896 1413 2943 in
1438 2895 1566 2945 locis

503 2975 894 3039 praetermittit3
932 2989 979 3023 v.
1004 2990 1054 3039 g.
1089 2975 1352 3039 Panegyr.
1389 2988 1485 3023 xv.
1515 2980 1567 3025 4.

505 3051 522 3078 ⁸
541 3049 731 3099 Veniet
757 3064 878 3114 ergo
906 3057 1128 3113 tempus,
1150 3066 1251 3115 quo
1272 3052 1466 3114 posteri
1493 3051 1566 3100 vi·

507 3140 624 3175 sere
647 3159 661 3175 .
682 3159 696 3174 .
716 3160 729 3174 .
752 3126 1012 3190 gestient!
1081 3128 1250 3191 Epist.
1292 3142 1355 3177 11.
1398 3131 1479 3177 13.
1516 3132 1565 3178 8.

503 3205 764 3264 ‘tempus,
799 3216 902 3265 quo
937 3202 1129 3251 amicos
1168 3211 1282 3252 tuos
1313 3217 1568 3253 exornare

505 3275 759 3339 potuisti!
825 3275 976 3326 Conf.
1019 3277 1190 3342 Epist.
1219 3292 1309 3327 ιιι.
1336 3283 1380 3327 1.
1408 3284 1450 3328 Ι.
1487 3293 1568 3329 vt.

503 3356 588 3401 26.
612 3356 662 3403 3.
703 3366 828 3402 vm.
863 3357 1045 3402 14.10.
1115 3353 1356 3404 Nondum
1392 3361 1568 3404 tamen

503 3442 621 3478 enm
661 3428 824 3492 ipsam
863 3430 1278 3493 praepositionem
1312 3432 1408 3481 hoc
1453 3431 1568 3483 loco

502 3518 807 3568 expungere
858 3520 1015 3555 ausus
1065 3522 1218 3569 sum,
1268 3515 1570 3572 propterea,

505 3580 645 3645 quod
683 3581 895 3631 eandem
940 3582 1215 3645 prodidere
1261 3585 1569 3648 Beroaldus,

506 3657 804 3722 cumanus,
849 3657 1029 3720 Aldus,
1068 3657 1253 3721 Junta,
1293 3659 1568 3724 Stephani,

505 3733 805 3796 Rhenanus,
862 3734 1209 3791 Philomusns,
1253 3735 1567 3800 Cratander,

504 3808 788 3871 Livineius,
828 3808 1056 3874 Lipsius,
1102 3809 1381 3872 Gruterus,
1427 3812 1568 3860 Box-

503 3884 734 3943 hornius,
778 3886 1158 3951 Berneggerus‚
1194 3888 1290 3936 Tu.
1337 3887 1568 3945 Hesrne.

505 3959 670 4019 Cen,
693 3960 926 4019 Patarol,
948 3961 1233 4013 Gesnerns.
1278 3963 1521 4015 Schmun.

570 4036 825 4099 Ruensqtoe
846 4038 1116 4103 imperium]
1150 4038 1269 4089 Hoc
1293 4041 1444 4089 modo
1468 4042 1568 4091 etis

504 4126 587 4165 sm
605 4113 832 4178 loquitur
850 4113 1080 4170 Curtius,
1097 4119 1263 4166 v11.4.
1285 4119 1366 4166 12.
1387 4119 1402 4144 ⁸
1416 4117 1566 4182 Mag-

503 4203 625 4238 num
644 4205 775 4240 onus
800 4190 1025 4240 sustines
1048 4191 1241 4254 eapite,
1265 4192 1463 4255 regium
1488 4193 1565 4242 in-

501 4267 669 4332 signe.
724 4268 863 4333 Hoc,
892 4272 983 4318 sut
1003 4266 1271 4320 moderate
1296 4266 1565 4334 perferen·

1198 384 1419 434 NOTAE
1467 383 1875 434 VAmoRuM
1926 384 2010 434 nt

1642 525 1762 576 dum
1799 532 1915 588 est;
1951 532 2058 584 sut,
2089 525 2225 591 quod
2250 525 2532 583 abominor.
2564 528 2615 579 in
2648 534 2702 580 te

1643 602 1797 652 ruet!
1861 604 2000 655 Quin
2024 611 2079 653 et
2109 604 2309 653 Plinius
2339 605 2511 668 Major
2535 606 2604 655 H.
2632 607 2705 657 N.

1643 692 1767 728 xiv.
1804 684 1854 729 4.
1888 686 1901 708 ⁸
1923 680 2218 730 Novissime
2252 680 2454 730 Annaeo
2482 683 2703 746 Seneca,

1645 756 1885 819 principe
1921 763 2031 806 tum
2067 756 2395 814 eruditionis,
2430 771 2491 811 ac
2520 766 2702 820 poten·

1643 834 1761 893 tioe3
1796 848 1909 897 quae
1936 840 2199 897 postremo
2223 833 2382 882 nimia
2418 835 2521 881 ruit
2546 824 2705 898 super

1642 910 1846 975 ipsum!
1879 910 2118 961 Schwarz.

1710 986 2000 1049 Imploratus
2029 985 2299 1049 adoptione]
2336 986 2465 1036 Cum
2504 986 2568 1036 ed
2612 986 2704 1036 ab·

1643 1071 1843 1112 sentem
1873 1062 2150 1112 Homerico
2165 1077 2318 1112 versu
2339 1064 2516 1111 Nerva
2540 1063 2705 1127 scrip-

1644 1139 1823 1202 sisset,
1846 1137 2037 1188 Τίσειαν
2057 1137 2234 1188 Δαναοὶ
2257 1136 2347 1198 ἐμὲ
2379 1136 2555 1202 δάκρυα
2574 1140 2705 1189 σοῖσι

1644 1213 1866 1270 βέλεσσι·
1940 1216 2045 1265 Has
2073 1216 2323 1280 lacrymas,
2354 1215 2575 1279 Trqjane,
2607 1217 2704 1266 tuis

1640 1290 1866 1341 ulciscere
1887 1292 2009 1355 telis.
2044 1291 2187 1354 Lips.

1712 1367 1843 1416 Olim
1867 1366 2029 1430 duces]
2062 1366 2326 1423 Hannibal
2351 1367 2417 1416 sb
2443 1367 2599 1417 Italia
2622 1382 2702 1418 re-

1642 1451 1860 1492 vocatus
1882 1444 1943 1492 sd
1965 1456 2114 1505 opem
2139 1439 2404 1492 ferendam
2431 1443 2704 1509 Carthagi-

1643 1519 1694 1569 ni
1727 1519 1837 1582 jam
1877 1517 1990 1569 fere
2028 1518 2271 1569 devictae.
2340 1520 2460 1570 Liv.
2487 1532 2627 1571 xxx.
2652 1526 2703 1573 9.

1643 1597 1795 1645 Bern.

1712 1672 1784 1720 Tu
1805 1672 1880 1721 illi
1901 1672 2182 1736 reddidisti]
2221 1673 2339 1722 Non
2366 1680 2562 1723 temere
2583 1674 2699 1726 haec

1644 1746 1710 1797 de
1731 1749 1969 1811 Trajano.
2026 1749 2100 1799 At
2123 1750 2348 1813 superbe
2373 1752 2700 1801 Domitianus

1635 1824 1861 1887 jactavit
1910 1826 1959 1873 in
1997 1835 2201 1884 senatu,
2235 1828 2250 1855 ⁴
2272 1835 2323 1875 et
2357 1829 2495 1891 patri
2535 1843 2611 1891 se,
2646 1835 2703 1879 et

1640 1899 1809 1961 fratri,
1852 1902 2128 1964 imperium
2173 1903 2411 1965 dedisse;
2446 1905 2560 1954 illos
2600 1904 2700 1955 sibi

1644 1975 1968 2025 reddidisse.'
2003 1977 2221 2027 Sueton.
2246 1993 2359 2042 esp.
2385 1984 2462 2029 13.

1708 2052 1849 2102 Solus
1869 2067 1983 2114 ergo
2003 2054 2067 2102 ad
2086 2052 2172 2102 hoc
2193 2053 2309 2117 oeri]
2342 2054 2577 2106 Antehac
2599 2070 2700 2106 nou

1644 2129 1772 2176 nulli
1807 2128 2068 2191 legerunt,
2091 2130 2234 2179 Solus
2268 2146 2382 2192 ergo
2413 2131 2587 2189 adhuc,
2620 2134 2705 2196 qui

1639 2219 1727 2268 pro
1779 2220 1969 2255 munere
2024 2210 2174 2256 tanto.
2252 2208 2591 2265 Perisienses,
2647 2215 2705 2259 et

1645 2280 1907 2331 Gruterus
1941 2281 2171 2340 edidere,
2205 2283 2348 2333 Solus
2375 2299 2489 2345 ergo
2520 2287 2584 2335 ad
2619 2285 2706 2335 hoc

1643 2356 1853 2419 «τινὶ,ᾳαί
1870 2371 1956 2418 pro
1987 2373 2177 2408 muniere
2209 2364 2361 2409 tanto.
2433 2360 2566 2410 Vide
2597 2362 2703 2411 Ex-

1643 2447 1779 2485 curs.
1804 2446 1930 2483 vm.
1963 2434 2327 2499 Berneggerus
2362 2450 2463 2486 non
2498 2436 2706 2489 absimi-

1644 2511 1744 2560 lem
1772 2512 2084 2561 sententiam
2108 2527 2171 2561 ex
2195 2514 2396 2563 Seneca
2419 2513 2484 2563 de
2520 2514 2704 2565 Benef.

1646 2602 1710 2638 ιι.
1732 2592 1813 2637 80.
1835 2589 1935 2639 huc
1959 2589 2133 2638 attulit
2156 2604 2171 2640 ε
2206 2591 2223 2618 ‘
2245 2590 2442 2640 Eodem
2480 2606 2705 2642 momen·

1644 2670 1717 2721 to,
1741 2679 1843 2728 quo
1866 2664 2129 2728 obligatus
2159 2680 2234 2728 es,
2257 2667 2300 2717 si
2326 2668 2419 2732 vis,
2444 2684 2555 2718 cum
2579 2683 2704 2734 quo-

1641 2740 1771 2790 libet
1810 2741 1955 2804 paris
1987 2740 2191 2804 fecisti3
2227 2745 2490 2807 quoniam,
2521 2745 2609 2810 qui
2645 2746 2708 2794 li-

1642 2814 1831 2865 benter
1864 2817 2175 2868 beneficium
2205 2820 2417 2884 accipit,
2440 2820 2708 2873 reddidit.'

1642 2892 1741 2942 Est
1764 2906 1905 2950 vero.
1941 2895 2080 2957 paria
2099 2894 2288 2953 facere,
2324 2898 2460 2947 idem
2498 2912 2577 2956 ac,
2608 2913 2705 2962 psr

1642 2969 1756 3033 pari
1804 2970 2025 3034 referre,
2059 2971 2365 3023 beneficium
2410 2974 2705 3038 rependere

1641 3059 1706 3097 nc
1749 3060 2104 3112 compensare.
2171 3050 2369 3101 Colum.
2402 3064 2469 3100 ιι.
2507 3057 2554 3101 1.
2590 3052 2704 3102 dix-

1642 3122 1702 3179 it.
1751 3126 1926 3187 ‘paris
1976 3125 2151 3176 fecere
2205 3141 2322 3189 cum
2378 3128 2706 3180 rationibus!

1641 3199 1887 3251 Schmun-2.

1705 3275 1788 3326 Aa
1828 3278 1916 3326 Ιιοσ
1953 3278 2071 3342 oevi]
2118 3279 2292 3331 Adhuc
2325 3282 2492 3333 Lirin.
2525 3282 2614 3333 sed
2639 3287 2706 3334 ad

1641 3352 1728 3402 hoc
1746 3354 1838 3401 ωτι·
1864 3353 1927 3402 V.
1950 3354 2010 3406 C.
2038 3356 2201 3407 Licin.

1709 3430 1866 3480 Puria
1909 3434 2202 3500 accipiendo]
2240 3435 2402 3501 Atqui
2437 3436 2706 3488 reddendo

1645 3506 1792 3571 paris
1833 3506 1982 3567 fiunt,
2030 3517 2087 3560 et
2134 3525 2319 3562 nomen
2365 3514 2706 3577 expungitur.

1645 3587 1926 3636 Pulchrum
1949 3601 2184 3652 acumen,
2210 3597 2268 3640 ut
2288 3599 2513 3642 centens
2537 3593 2588 3642 in
2608 3594 2708 3645 boe

1642 3665 1857 3729 scripto.
1891 3664 2027 3728 Lips.
2699 3713 2706 3722 ,

1710 3741 1867 3790 Paria
1902 3741 2201 3806 accipiendo]
2239 3743 2358 3794 Non
2394 3745 2625 3794 absimile
2648 3745 2708 3796 il·

1640 3815 1729 3867 lud
1765 3818 1949 3868 Senec.
1984 3819 2218 3870 Benefic.
2252 3834 2315 3871 ιι.
2352 3826 2434 3872 30.
2463 3825 2479 3852 ⁸
2503 3824 2707 3873 Eodem

1642 3900 1923 3956 momento,
1968 3909 2070 3958 quo
2112 3895 2371 3959 obligatus
2408 3913 2484 3956 es,
2526 3898 2570 3947 si
2609 3901 2708 3964 vis,

1641 3982 1755 4019 cum
1780 3970 2019 4033 quolibet
2043 3972 2191 4033 poris
2217 3971 2423 4023 fecisti:
2448 3973 2710 4038 quonism.

1640 4045 1728 4110 qui
1753 4045 1980 4095 libenter
2003 4045 2311 4098 beneficium
2343 4049 2555 4114 accipit,
2589 4050 2709 4106 redq

1642 4119 1817 4170 didit.'
1848 4122 2004 4170 Beni.

1708 4195 1876 4259 Immo,
1922 4199 2052 4247 ultro
2092 4199 2309 4265 dantem]
2348 4201 2494 4251 Ultra
2536 4201 2707 4252 Livin.

1641 4273 1958 4350 Beneultra,
1983 4276 2038 4327 id
2059 4284 2165 4344 est,
2198 4278 2337 4345 quod
2357 4278 2572 4346 amplius
2596 4289 2706 4346 est3
