3060 4902
740 410 808 456 G.
858 407 1112 457 PLINtt
1159 408 1489 458 SECUNDI
1544 411 1818 461 PANEG.

280 549 357 613 git
377 551 430 601 ia
449 566 617 615 quoni.
703 551 957 601 Fortasse
982 544 1154 602 verior
1182 559 1361 603 nostra

279 630 613 692 conjecturs,
631 628 685 678 in
703 629 839 678 brevi
860 636 1082 692 tempore.
1109 630 1360 680 Rittersli.

350 705 408 753 ln
435 711 539 754 tuns
564 706 699 771 brevi
723 703 956 769 tempore]
996 706 1150 756 Hanc
1180 708 1359 758 lectio·

278 795 397 830 nem
430 783 728 829 invenimus
758 783 808 829 in
847 782 1118 832 codicibus
1143 784 1357 834 Vatica-

279 859 382 921 nis,
412 858 722 919 Parisiensi,
764 859 1170 922 salisburgensi,
1198 860 1356 910 Guel-

279 934 454 997 pltico,
499 942 559 984 et
602 945 800 985 nostro.
873 936 1104 984 Venetus
1148 937 1355 1001 quidem

278 1011 462 1075 paullo
485 1011 639 1059 aliam
662 1010 877 1060 exhibet
900 1013 1208 1074 scripturam
1228 1030 1243 1063 ι
1278 1027 1355 1069 ste,

282 1078 437 1150 (nm)
478 1088 564 1136 ille
597 1089 748 1136 vitain
791 1087 923 1138 brevi
962 1094 1165 1152 tempore
1187 1106 1206 1147 ;
1262 1090 1354 1138 sed

278 1162 396 1226 qnia
433 1177 540 1212 non
577 1162 743 1224 videt,
777 1164 825 1212 in
859 1179 987 1213 voce
1018 1166 1168 1214 vitam
1197 1165 1354 1216 etiam

280 1239 783 1303 latere-particulas
815 1240 867 1289 ia
900 1246 1034 1289 tam?
1091 1242 1203 1291 Has
1240 1256 1355 1304 par-

279 1315 472 1365 ticulas
528 1323 790 1379 praeterea
841 1318 1140 1380 exprimunt
1191 1306 1354 1369 Pute-

278 1393 498 1455 olanus,
537 1393 907 1456 cuspinianus,
950 1401 1005 1441 et
1044 1395 1208 1442 ceteri
1241 1392 1354 1444 fere

278 1483 487 1529 omnes,
509 1469 555 1517 si
585 1483 614 1515 a
640 1469 818 1531 paucis
840 1467 1162 1518 discesseris.
1229 1471 1355 1521 Qui-

277 1544 503 1594 busdam
547 1546 687 1593 enim
729 1559 829 1594 non
868 1547 992 1594 satis
1026 1561 1082 1595 se
1112 1547 1356 1611 probavit

276 1621 702 1684 prepositioinf
737 1621 1026 1689 cujusmodi
1059 1614 1352 1688 exemplum

276 1698 445 1745 etiam
467 1712 653 1760 supra,
679 1698 746 1746 ad
787 1711 907 1761 pag.
931 1701 1045 1746 464.
1067 1699 1356 1750 babuimus.

280 1773 425 1823 Hinc
453 1774 761 1834 incensitis,
796 1773 962 1822 Henr.
983 1782 1037 1823 et
1062 1774 1211 1823 Paul.
1236 1777 1353 1825 Ste-

279 1850 462 1913 phani,
498 1865 564 1900 ac
598 1850 946 1912 Boxliornius,
980 1850 1075 1899 hac
1108 1852 1354 1914 praeposi·

277 1928 426 1977 tione
449 1928 504 1976 in
533 1927 900 1990 pretermissa,
924 1926 1139 1976 edidere
1171 1943 1245 1976 πω
1275 1927 1355 1977 ille

276 2009 379 2053 tan
401 2004 539 2054 breti
560 2010 785 2067 tempore.
831 2002 966 2053 Aliis
993 2004 1170 2068 majori
1195 2002 1354 2055 offen·

278 2082 459 2131 diculo
495 2089 578 2130 est
626 2083 884 2145 particula
918 2096 1099 2145 quum3
1132 2096 1249 2132 curn
1294 2097 1354 2131 ca

277 2158 548 2207 ordinarie
580 2158 885 2207 relationem
929 2157 1185 2220 quandam
1222 2156 1353 2207 iufe-

278 2244 384 2297 rat,
405 2235 648 2298 hancque
675 2234 758 2282 vel
778 2234 1013 2289 tacitam,
1037 2237 1116 2284 vel
1143 2249 1351 2297 expres·

276 2326 388 2361 sam
409 2327 426 2372 ;
461 2311 610 2360 nulla
629 2319 805 2360 autem
841 2311 924 2360 hic
945 2302 1197 2374 appareat
1221 2312 1353 2360 rela-

277 2392 357 2440 tio
384 2389 452 2445 ad
477 2398 682 2440 certum
716 2397 944 2454 tempus,
979 2399 1036 2440 ut
1070 2392 1351 2455 intelligas,

278 2483 425 2530 quun
457 2468 592 2517 brevi
629 2466 759 2517 alius
792 2469 978 2532 aliquis
1001 2469 1136 2518 idem
1163 2467 1351 2519 effece-

277 2545 367 2594 rit.
437 2544 699 2607 Exempla
724 2545 835 2604 illa,
870 2545 1055 2606 quibus
1078 2546 1212 2593 solet
1235 2559 1352 2606 pro-

276 2619 391 2669 bari
417 2620 732 2682 particulam
762 2624 862 2667 tam
892 2619 1166 2683 aliquando
1194 2621 1353 2669 etiam

277 2697 525 2745 absolute
552 2697 698 2761 poni,
732 2695 1065 2745 nihilominus
1103 2710 1197 2759 per
1225 2697 1350 2745 rela-

276 2774 478 2824 tionem
520 2773 867 2835 interpretari
896 2786 1194 2835 possumus3
1229 2788 1278 2821 v.
1301 2789 1351 2836 g.

277 2850 493 2914 qnando
518 2864 641 2899 mox
677 2849 805 2898 dicit
828 2849 1055 2911 Plinius,
1090 2850 1352 2913 ‘locuple-

277 2928 409 2978 tatis
447 2933 553 2977 tarn
588 2924 798 2981 multis,’
826 2925 1088 2988 intelligas
1127 2925 1350 2982 scilicet,

275 3017 434 3066 qnam
461 3004 655 3053 multos
674 3016 853 3051 revera
867 3002 1205 3064 locupletavit
1221 3003 1351 3051 Tra·

264 3081 452 3143 janus,
496 3080 566 3129 de
601 3094 704 3143 quo
744 3078 796 3128 in
839 3078 1085 3142 praesenti
1124 3078 1352 3141 loquitur

273 3165 479 3206 orator.
513 3155 716 3208 Quodsi
739 3168 864 3203 vero
886 3154 1151 3203 audiamus
1170 3156 1351 3218 Sciop-

275 3237 446 3299 pium,
480 3238 694 3295 possent
727 3232 840 3280 liaec
870 3231 1031 3280 verba
1053 3231 1215 3280 etiam
1239 3232 1351 3282 sine

273 3310 542 3361 relatione
578 3309 654 3358 ita
683 3308 964 3371 explicari:
1003 3308 1176 3357 ‘intra
1200 3308 1352 3358 valde

273 3389 441 3438 breve
488 3386 734 3450 tempus.’
803 3385 920 3435 Lib.
964 3399 1025 3434 tt.
1073 3387 1208 3434 enim
1256 3387 1348 3436 Su·

274 3470 448 3527 spect.
509 3462 752 3512 Lection.
797 3461 968 3525 Epist.
1005 3466 1056 3509 ⁴.
1103 3475 1223 3524 pag.
1267 3467 1350 3512 96.

281 3542 464 3602 Tanto,
501 3539 694 3601 inquit,
741 3552 836 3602 pro
891 3551 1063 3599 magno
1117 3536 1349 3598 dicitur;

275 3619 439 3667 sicut·
477 3622 579 3664 tarn
630 3628 724 3678 pro
775 3615 910 3663 valde
934 3629 954 3671 ,·
1019 3622 1077 3664 ut
1130 3628 1214 3663 me
1261 3613 1350 3662 do-

275 3703 508 3744 cuerunt
552 3690 655 3740 duo
700 3690 890 3740 Galliae
930 3690 1141 3746 lumina,
1192 3691 1349 3739 Baro.

275 3768 580 3819 Brissonins
618 3774 677 3815 et
715 3767 868 3815 Petr.
911 3765 1120 3815 Faber-⁹
1188 3767 1350 3816 Posse

276 3856 460 3898 tamen
502 3843 812 3909 particulam
858 3849 957 3893 tam
1000 3843 1065 3892 ab
1100 3843 1198 3893 hoc
1234 3844 1351 3893 loco

275 3926 485 3986 abesse,
510 3921 671 3972 facile
695 3928 880 3984 putem
914 3934 1030 3968 cum
1057 3920 1163 3983 ejus
1175 3920 1350 3983 jactu·

275 4018 333 4053 ra
352 4016 459 4052 non
478 4000 646 4050 solnm
675 3998 874 4047 nullum
898 3995 1138 4044 damnum
1163 3994 1351 4047 afferat

273 4077 558 4130 sententia
590 4073 784 4133 Plinii;
822 4071 913 4120 sed
937 4084 1050 4121 earn
1071 4071 1235 4134 magis
1260 4085 1349 4121 ex-

275 4158 471 4221 planet,
517 4160 574 4201 et
618 4149 765 4214 quasi
813 4145 1107 4197 fluidiorem
1137 4144 1348 4196 efficiat.

277 4232 409 4281 Inde
450 4230 594 4279 illam
631 4222 976 4289 rejiciendam
1011 4222 1203 4272 dudum
1228 4237 1347 4272 cen-

276 4320 426 4357 suere
443 4301 712 4356 Livineius
737 4307 797 4351 et
828 4298 1205 4349 Rittershusius
1230 4311 1346 4349 nos-

1897 413 1944 461 1.
1987 398 2097 464 27.
2368 394 2498 466 573

1435 561 1537 622 vter.
1589 555 1853 607 Livineius
1897 557 1948 607 in
1993 561 2244 607 contextu
2290 558 2498 622 quidem

1436 632 1691 695 integram
1736 635 1967 684 servavit
2012 636 2272 699 vulgatam
2322 637 2502 686 lectio·

1433 721 1590 768 nem;
1625 709 1716 757 scd
1763 711 1815 759 in
1858 711 2110 775 margine,
2156 712 2334 777 proin
2378 718 2499 774 eam,

1434 787 1787 847 reponendum
1807 789 2014 837 censuit
2030 777 2240 851 inquariz.
2276 789 2500 838 Ritters·

1432 860 1609 929 iittsius
1648 863 1967 926 aliquantum
2003 866 2197 926 aptius,
2232 880 2306 912 uoe
2329 865 2411 914 ille
2444 865 2500 917 in

1426 935 1565 1005 brevi
1588 938 1811 1000 tempores
1879 930 2185 988 Buclinerns
2211 940 2260 987 in
2285 940 2503 1002 Lentim,

1431 1009 1590 1075 (quod
1622 1012 1874 1063 Cellarius
1913 1013 2326 1079 animadvertit,)
2365 1016 2498 1063 exis-

1433 1089 1636 1137 timavit
1674 1086 1975 1153 legendum,
2006 1105 2081 1138 πω
2104 1086 2187 1138 ille
2211 1106 2347 1153 quom
2369 1090 2498 1139 breti

1428 1171 1652 1228 tempore.
1673 1165 1758 1216 Jo.
1773 1159 1927 1216 Fred.
1942 1168 2234 1215 Gronovius
2253 1167 2302 1215 in
2322 1181 2498 1215 emen-

1430 1241 1726 1291 dationibus
1752 1244 1854 1291 suis
1874 1244 2000 1293 Mss.
2022 1243 2084 1291 ad
2113 1243 2270 1292 Plinii
2297 1244 2498 1308 Paneg.

1430 1320 1718 1375 annotavit,
1744 1318 1881 1368 forte
1905 1318 2180 1381 legendum
2200 1334 2276 1368 πω
2297 1320 2377 1369 ille
2392 1325 2496 1369 tum

1431 1395 1482 1443 in
1516 1395 1660 1445 brevi.
1730 1397 1948 1444 Beltrius
1984 1396 2164 1444 maluit
2207 1397 2381 1460 legere
2418 1412 2493 1445 noe

1430 1472 1513 1519 ille
1552 1472 1624 1520 itu
1657 1471 1789 1521 brevi
1827 1479 2046 1535 tempore.
2118 1472 2249 1520 Mihi
2277 1473 2493 1522 antehac

1431 1547 1481 1596 in
1517 1558 1748 1597 mentem
1783 1550 1925 1597 venit
1958 1565 2031 1597 πω
2064 1549 2147 1597 ine
2180 1550 2324 1598 etiam
2364 1549 2494 1598 brevi

1428 1628 1651 1687 tempore.
1684 1616 1968 1681 Uestinus,
1995 1626 2042 1673 in
2071 1625 2360 1673 recentiore
2387 1625 2495 1673 cdi-

1431 1704 1593 1761 tione,
1631 1704 1862 1754 exhibuit
1902 1720 1976 1753 πω
2006 1704 2203 1763 iuejam
2227 1703 2356 1752 bre'vi
2377 1708 2492 1752 tem-

1423 1795 1552 1843 pore.
1620 1783 1684 1831 In
1722 1784 1857 1832 notis
1890 1780 2183 1845 profitetur,
2206 1797 2260 1829 se
2286 1782 2493 1831 dedisse

1427 1857 1702 1907 lectionem
1728 1858 1976 1919 Gruteri;
2012 1873 2188 1908 verum
2213 1859 2493 1915 Gruterus,

1429 1934 1479 1982 in
1514 1934 1745 1985 editione
1784 1933 2198 1985 Francofurtana
2235 1950 2317 1983 an.
2344 1940 2491 1989 1607.

1429 2009 1666 2073 prodidit
1692 2010 1968 2061 lectionem
1991 2012 2285 2074 vulgatam3
2322 2028 2492 2076 neque

1426 2085 1479 2134 in
1506 2088 1640 2135 notis
1678 2085 1779 2137 suis
1816 2087 2007 2150 aliquid
2035 2088 2100 2136 de
2124 2089 2220 2137 hoc
2245 2090 2359 2137 loco
2385 2105 2492 2139 mo.

1426 2164 1554 2213 nuit.
1623 2164 1734 2225 Ego
1761 2179 1881 2212 vero
1906 2167 1955 2213 in
1979 2164 2111 2213 libro
2133 2165 2304 2227 priore
2330 2163 2491 2213 Gudii

1427 2249 1732 2288 annotatum
1781 2240 2125 2302 deprehendi,
2160 2256 2253 2302 pro
2282 2241 2331 2288 in
2372 2246 2489 2303 tam,

1428 2318 1727 2381 legdamen,
1748 2317 1978 2377 valjam,·
2000 2315 2088 2363 sed
2116 2317 2292 2363 nescio
2319 2325 2489 2365 utrum

1429 2393 1539 2441 ltaec
1566 2393 1790 2442 varietas
1816 2408 1879 2442 ex
1904 2394 2202 2456 conjectura
2223 2392 2400 2448 Gudii,
2425 2402 2490 2441 an

1427 2483 1491 2518 ex
1520 2469 1663 2519 fonte
1697 2470 1910 2532 alicujus
1945 2470 2143 2533 antiqui
2179 2470 2390 2529 codicis,
2413 2469 2488 2517 di·

1428 2545 1742 2595 manaverit.
1807 2546 2018 2598 Fateor,
2065 2559 2146 2593 me
2187 2546 2235 2593 in
2272 2545 2347 2593 liis
2378 2543 2489 2595 fere

1428 2621 1640 2670 dubium
1682 2622 1917 2670 ltaercre:
1955 2622 2164 2670 interim
2210 2621 2330 2669 milti
2371 2635 2489 2683 per»-

1429 2713 1631 2747 suasum
1678 2698 1863 2759 habeo,
1916 2699 2173 2746 neminem
2217 2700 2488 2746 sententiae

1426 2774 1684 2825 Plinianae
1731 2779 1830 2823 vim
1882 2775 2141 2823 illaturum
2199 2789 2331 2835 esse,
2379 2774 2488 2823 sive

1427 2864 1637 2913 prorsus
1682 2851 1890 2914 abjiciat
1939 2851 2060 2898 istas
2108 2850 2389 2912 particulas
2438 2851 2490 2898 t'n

1428 2934 1564 2987 lanu
1599 2929 1707 2978 sive
1744 2930 1796 2977 in
1836 2943 2010 2978 earum
2045 2928 2208 2975 locum
2234 2935 2490 2988 surrogat,

1430 3008 1510 3054 vel
1535 3012 1634 3054 tum
1658 3008 1727 3059 in,
1763 3007 1844 3052 vel
1873 3020 2029 3066 quum,
2047 3004 2127 3050 vel
2147 3003 2270 3062 jam,
2297 3002 2375 3049 vel
2400 3003 2489 3058 ita,

1427 3084 1508 3131 vel
1535 3082 1702 3129 etiam.
1772 3080 1973 3133 Quodsi
1999 3088 2171 3128 autem
2198 3093 2289 3126 nos
2318 3078 2349 3124 ii
2374 3091 2490 3126 esse

1429 3159 1687 3217 nolumus,
1729 3166 1787 3205 ut
1824 3173 1906 3220 ea,
1938 3169 2054 3220 quae
2085 3155 2229 3202 nobis
2263 3155 2490 3216 placent,

1427 3235 1603 3283 statim
1662 3233 1981 3282 intrudamus
2039 3237 2270 3280 veterum
2327 3230 2491 3293 libris,

1428 3308 1822 3372 credamusque,
1877 3323 1940 3358 ea
1996 3307 2128 3370 ipsa,
2180 3323 2296 3371 quae
2341 3306 2490 3355 nobis

1427 3399 1565 3434 nnnc
1610 3384 1821 3431 meliora
1853 3391 1909 3432 et
1955 3384 2187 3445 planiora
2227 3383 2491 3446 videntur,

1427 3461 1586 3508 etiam
1612 3459 1838 3522 antiquis
1863 3459 2176 3513 auctoribus,
2213 3472 2327 3506 cum
2367 3461 2490 3507 scri-

1427 3536 1631 3598 berent,
1659 3537 1854 3599 pariter
1888 3536 1937 3583 in
1965 3541 2188 3583 mentem
2215 3535 2489 3583 calamum·

1427 3627 1525 3675 que
1553 3613 1757 3660 venisse
1779 3631 1793 3674 ;
1817 3620 1905 3660 aut
1929 3612 2219 3660 necessario
2244 3613 2369 3660 talia
2392 3614 2490 3664 eti-

1428 3702 1508 3736 am
1530 3688 1638 3736 visa
1657 3703 1788 3749 esse,
1809 3687 1984 3751 qualia
2009 3702 2142 3736 nunc
2166 3688 2313 3736 nobis
2338 3703 2350 3736 :
2379 3702 2489 3753 cur,

1429 3778 1620 3826 quaeso,
1665 3764 1911 3813 continuo
1964 3764 2258 3826 rejiciamus
2304 3765 2487 3812 lectio-

1425 3855 1563 3897 nem,
1580 3848 1657 3890 tot
1679 3841 2190 3903 auctoritatibusjam
2208 3840 2451 3888 munitam
2468 3842 2488 3889 ἓ

1428 3917 1495 3966 Et
1520 3932 1830 3982 quamquam
1857 3932 1969 3966 eam
1996 3931 2094 3965 nec
2119 3916 2375 3964 mordicus
2399 3916 2490 3965 de-

1425 3991 1644 4042 fendere
1702 3995 1957 4052 velimus;
2010 3999 2180 4040 tamen
2237 4005 2335 4039 uec
2375 3992 2485 4039 sine

1425 4069 1681 4134 probabili
1729 4067 2049 4131 antiquitatis
2088 4066 2279 4115 indicio
2311 4079 2486 4114 emen-

1424 4145 1686 4195 dationem
1710 4145 1878 4194 adhnc
1911 4145 2181 4201 incertam,
2216 4141 2310 4190 etsi
2337 4139 2485 4188 nobis

1425 4221 1627 4283 planior
1665 4221 1926 4281 videatur,
1956 4218 2190 4281 recipere
2216 4214 2484 4265 audemus.

1420 4295 1659 4348 Schwurz.
