3060 4902
798 378 1532 440 c.1unultsnountn
1584 383 1858 443 PANEo.
1935 393 1981 441 L

350 535 467 580 sum
504 537 601 585 est,
633 531 700 580 Ut
725 546 855 580 max.
875 531 1072 591 fructus
1104 534 1324 596 suscepti,
1349 534 1420 582 ita

354 608 535 667 majore
550 608 753 670 depositi
771 608 1146 667 glor-infruitur.
1192 609 1248 656 Iu
1264 609 1309 656 G
1320 611 1420 658 uel·

353 684 701 747 plierbytauo,
721 683 787 732 Ut
808 684 1013 733 maxime
1023 684 1217 743 fructus
1233 700 1419 748 suscep·

352 761 416 820 εἰ,
446 761 516 808 ita
539 759 715 820 majore
738 761 949 823 deposita
971 761 1112 826 officii
1139 763 1293 823 gloria
1303 764 1420 821 sru-

350 837 472 885 s’tur.
537 838 670 888 Quae
695 837 878 886 ultima
901 838 1055 886 lectio
1075 853 1177 886 non
1207 841 1302 888 nisi
1329 855 1420 902 per

347 912 682 962 oscitantiam
718 913 915 963 librarii
939 927 968 962 a
993 916 1255 977 scriptura
1279 917 1420 964 codi-

350 991 429 1039 cis
449 991 688 1039 Vaticani
713 992 946 1041 recessit.
1013 994 1229 1042 Interim
1255 1008 1318 1042 ex
1341 994 1419 1043 his

352 1065 673 1114 variantibus
713 1066 1020 1116 lectionibus
1057 1082 1169 1118 eam
1206 1068 1417 1132 adopta-

352 1142 422 1203 vi,
447 1157 561 1205 quae
588 1143 708 1192 milti
744 1157 849 1206 prae
880 1144 1067 1193 ceteris
1100 1146 1421 1194 tolerabilior

349 1219 459 1267 visa
482 1226 558 1269 est
583 1234 597 1278 ;
634 1220 714 1268 cui
739 1221 893 1268 etiam
930 1235 992 1269 ex
1029 1228 1208 1271 nostro
1232 1222 1420 1271 indicio

352 1294 521 1345 locum
565 1295 1032 1366 dedit‘-Gesnerus.
1101 1298 1220 1347 Non
1267 1299 1418 1362 plane

348 1371 580 1421 insolens
598 1378 697 1433 est,
723 1373 897 1422 dicere
919 1380 932 1401 ¹
949 1372 1114 1423 fructa
1132 1373 1416 1430 frui‚’haud

349 1462 504 1497 secus
538 1461 598 1496 ae
637 1455 840 1497 veteres
876 1448 1075 1509 dixere,
1128 1452 1417 1500 ‘somniare

349 1525 641 1586 somnium‚'
700 1526 717 1554 ⁴
745 1527 974 1589 gaudere
1031 1527 1311 1588 gaudium?
1365 1535 1419 1577 et

348 1617 471 1667 qna·
495 1609 615 1651 sunt
640 1603 790 1666 longe
816 1603 965 1666 plura
988 1605 1227 1667 exempla
1264 1619 1415 1668 gene·

349 1679 424 1727 ris
462 1678 715 1742 ejusdem.
782 1681 860 1728 Ac
903 1679 1056 1743 plane
1103 1681 1175 1728 ita
1214 1682 1416 1732 locutus

346 1761 436 1803 est
493 1755 622 1803 alius
678 1755 1046 1817 Panegyristes
1105 1756 1156 1804 in
1216 1757 1413 1821 Paneg.

346 1832 536 1881 Const.
577 1831 712 1895 Aug.
739 1846 840 1881 vn.
876 1838 922 1879 5.
956 1832 1198 1894 ‘Duplici
1239 1831 1414 1884 fructu

346 1906 698 1957 fruebantur-⁹
764 1909 1049 1957 Maximum
1082 1916 1251 1958 sutem
1277 1909 1413 1959 fruc·

338 1995 460 2034 =tum
507 1985 737 2048 suseepti
783 1983 935 2034 officii
981 1987 1125 2049 ce'pit
1174 1987 1412 2036 laudatus

348 2060 635 2124 praefectus
659 2062 911 2124 praetorii,
935 2061 1054 2111 dum
1080 2077 1142 2110 ex
1170 2064 1255 2112 illa
1283 2078 1411 2126 prte-

347 2137 551 2186 fectura
595 2145 738 2188 recte
776 2138 1205 2204 laudabiliterque
1254 2140 1413 2190 admi·

345 2216 569 2263 nistrata
613 2214 707 2263 sibi
751 2215 1050 2263 conciliavit
1088 2215 1412 2281 firmavitque

348 2291 626 2341 amicitiam
659 2291 908 2354 Trajani;
941 2298 996 2339 at
1031 2292 1225 2357 majore
1247 2294 1412 2344 adhue

347 2367 568 2431 depositi
594 2366 746 2417 officii
776 2368 932 2431 gloria
953 2369 1111 2431 coepit
1131 2366 1250 2428 frui,
1272 2369 1409 2432 quod

346 2446 590 2509 princeps
634 2445 766 2494 votis
813 2444 919 2494 suis
965 2445 1321 2510 lacrymisque,
1359 2454 1412 2496 et

344 2523 596 2585 ‘singulari
636 2523 865 2572 absentis
905 2522 1180 2585 desiderio,
1205 2524 1410 2586 publice

344 2599 653 2660 declaravit,
674 2607 921 2663 quantum
946 2600 1250 2663 approbarit
1273 2615 1410 2650 ama-

340 2676 521 2740 ritque
568 2674 786 2724 eundem
846 2675 1170 2739 proesectum.
1240 2677 1406 2727 Sicuti

344 2760 520 2801 autem
561 2766 661 2800 non
702 2752 812 2800 siue
852 2752 1169 2801 anctoritate
1212 2754 1409 2815 aliquot

338 2828 581 2877 codicum
626 2828 756 2876 Mss.
804 2827 934 2876 hanc
980 2827 1183 2890 prodidi
1228 2829 1409 2878 lectio·

345 2919 496 2967 nem;
531 2905 604 2953 ita
629 2902 814 2959 fateor,
841 2904 882 2952 si
914 2904 1095 2952 liceret
1128 2905 1238 2953 sine
1276 2907 1408 2968 ejus-

336 2982 480 3031 modi
521 2982 830 3030 auctoritate
859 2994 972 3030 esse
1005 2980 1273 3045 audacem,
1305 2996 1408 3043 me,

344 3072 475 3108 voce
529 3058 725 3116 fructus
787 3070 995 3119 prorsus
1046 3057 1261 3121 rejects,
1323 3058 1409 3122 (ut

340 3149 461 3199 quae
498 3133 634 3183 forte
669 3148 731 3181 ex
779 3134 938 3181 verbo
979 3140 1247 3197 sequente,
1271 3134 1407 3194 frui-

339 3217 441 3267 tur,
488 3209 705 3261 conficta
757 3211 927 3273 potuit
973 3209 1249 3275 irrepere‚)
1303 3225 1409 3260 ma-

341 3289 501 3338 luisse
547 3301 818 3352 reponere,
879 3287 945 3335 Et
987 3288 1067 3334 ille
1109 3287 1310 3349 quidem,
1354 3294 1409 3337 ut

341 3364 554 3415 maxima
609 3364 833 3426 suscepti,
875 3365 946 3411 ita
987 3363 1163 3424 mqiore
1205 3363 1410 3427 depositi

342 3440 486 3505 officii
506 3441 663 3500 gloria
674 3440 884 3498 fruitur.
951 3440 1119 3490 Quam
1145 3441 1408 3504 conjectu-

340 3531 453 3565 ram
499 3516 655 3565 etiam
703 3516 1039 3564 Heumannus
1083 3517 1301 3579 primum
1353 3517 1404 3566 in

340 3592 568 3642 Poeciles
594 3600 715 3641 tom.
743 3605 831 3640 ln.
859 3605 977 3654 pag.
1000 3595 1114 3640 528.
1150 3593 1408 3655 probavit,

334 3681 462 3719 cum
482 3667 756 3729 scriberet,
790 3666 805 3693 ⁴
824 3667 953 3715 Mihi
980 3680 1184 3730 quoque
1199 3667 1406 3729 jamdu-

340 3743 465 3792 dum
512 3744 564 3792 in
611 3749 835 3792 mentem
884 3744 1041 3797 venit,
1086 3744 1407 3807 probataque

339 3829 443 3875 est,
490 3827 580 3869 tna
630 3817 929 3869 emendatio
985 3819 1057 3867 its
1113 3819 1411 3882 scribentis,

338 3897 550 3948 ηιατίηια
569 3895 812 3961 mscepti)
880 3895 1076 3945 Postea
1105 3901 1274 3944 tamen
1294 3911 1406 3944 cor·

340 3974 483 4025 rexit
519 3975 653 4023 hanc
689 3972 1081 4029 correctionem,
1121 3981 1175 4020 et
1212 3972 1287 4022 sic
1326 3987 1407 4021 re·

338 4051 671 4103 scribendum
697 4040 973 4113 judica'vit,
1008 4049 1217 4096 maximo
1234 4049 1410 4108 fructu

338 4128 561 4192 suscepti.
626 4125 942 4177 Arntzenius
982 4126 1199 4176 retinnit
1235 4127 1408 4187 vulga-

343 4214 449 4255 tsm
471 4203 772 4265 lectionem,
799 4204 864 4250 Et
885 4203 1180 4266 illequidem,
1200 4208 1255 4252 ut
1273 4218 1409 4252 max·

336 4284 437 4334 s'ma
457 4283 656 4342 fructus
675 4278 895 4341 suscepti,
921 4279 994 4328 itu
1014 4279 1191 4339 mqiore
1208 4279 1410 4341 depositi

338 4360 479 4429 officii
520 4359 681 4422 gloria
697 4356 908 4418 fruitur.
972 4354 1185 4408 Scilicet
1227 4355 1405 4407 existi·

2027 375 2138 443 87.
2389 373 2562 447 1051

1497 541 1625 595 mat,
1648 535 1949 585 vocabulum
1972 535 2189 598 fructus,
2223 533 2330 587 sive
2352 539 2563 601 fruitus,

1495 610 1578 658 hic
1616 623 1726 659 esse
1766 613 2121 676 participium,
2145 628 2244 663 non
2283 615 2561 666 substanti·

1497 700 1649 747 vum3
1686 694 1940 737 oratorem
1970 690 2102 738 enim
2122 689 2441 754 distinguere
2460 691 2562 739 duo

1496 768 1751 825 tempora,
1777 765 2116 827 praeteritum,
2142 782 2244 831 quo
2274 776 2448 818 tantus
2471 767 2561 816 ho-

1496 852 1595 887 nor
1620 839 1669 887 i‘n
1696 853 1810 888 enm
1835 849 1973 889 esset
1993 841 2287 902 deletus,et
2311 858 2561 906 praesens,

1497 928 1597 977 quo
1635 930 1749 964 eum
1782 915 2042 979 deposuit.
2108 917 2214 966 Sed
2253 933 2351 981 ego
2382 920 2560 977 credo,

1497 991 1705 1040 verbum
1726 992 1937 1052 fruitur,
1973 1008 2066 1057 pro
2106 1008 2248 1043 more
2286 993 2460 1058 Plinii,
2492 996 2560 1044 ad

1496 1075 1773 1132 utrumque
1806 1071 2089 1119 membrum
2125 1069 2373 1120 orationis
2398 1072 2560 1122 refer·

1494 1145 1537 1193 ri
1559 1161 1573 1205 ;
1608 1151 1680 1209 et,
1705 1147 1746 1194 si
1771 1147 1952 1195 saltem
1977 1154 2214 1210 tempora
2235 1145 2559 1212 distinguere

1496 1221 1738 1272 voluisset
1776 1230 1970 1283 orator,
2006 1236 2120 1271 eum
2157 1220 2377 1272 fortasse
2402 1224 2560 1286 priori

1493 1297 1744 1360 membro,
1779 1299 2003 1360 primum,
2028 1298 2198 1359 elteri,
2218 1314 2357 1355 nunc,
2383 1309 2468 1348 aut
2493 1301 2561 1348 si·

1494 1374 1639 1423 miles
1666 1375 1967 1436 particulas,
2001 1374 2284 1424 addidisse.
2320 1375 2561 1428 Schmun.

1560 1449 1808 1512 Deposui]
1868 1450 2155 1515 Utrumque
2203 1452 2366 1513 gloria
2418 1466 2559 1513 mag·

1493 1539 1635 1588 num,
1655 1527 1858 1589 assequi
1890 1527 2107 1576 honores
2142 1534 2197 1576 et
2229 1526 2443 1577 honeste
2468 1530 2558 1578 de·

1493 1617 1705 1666 ponere.
1742 1604 1892 1654 Rern.
1955 1661 1958 1665 ,

1560 1679 1694 1728 ΟΑΡ.
1750 1692 2011 1729 ικκκνιῐ.
2083 1679 2236 1729 Civile
2288 1681 2373 1728 hoc
2417 1682 2557 1745 erat]

1493 1753 1786 1803 Pronomen
1809 1755 1894 1803 hnc
1911 1754 2060 1803 deest
2083 1755 2249 1805 codici
2269 1755 2557 1815 Patavium

1491 1836 1547 1878 et
1593 1839 1815 1893 poterat,
1862 1832 2001 1880 salva
2057 1832 2215 1881 Plinii
2272 1835 2557 1895 sententia,

1490 1905 1706 1967 deesse3
1743 1909 1892 1970 cujus
1917 1923 2039 1957 vero
2069 1910 2435 1971 possessionem
2470 1924 2558 1959 ce-

1490 1984 1590 2033 teri
1628 1985 1743 2033 libri
1779 1999 1956 2042 omnes
1986 1992 2213 2034 tuentur.
2284 1988 2456 2043 Civile,
2480 1988 2556 2035 ‹li-

1489 2060 1623 2108 citur
1646 2060 1933 2110 modestum
1957 2071 2011 2109 et
2037 2063 2196 2111 stetui
2230 2062 2405 2112 liberm
2430 2064 2556 2113 civi·

1492 2135 1616 2183 tatis
1640 2137 1982 2197 conveniens3
2020 2137 2084 2186 de
2119 2138 2266 2199 cujus
2289 2141 2428 2188 vocis
2457 2141 2555 2202 sig·

1490 2210 1785 2260 nificetione
1825 2213 1935 2275 jam
1971 2212 2094 2261 alibi
2130 2212 2254 2263 dixi.
2319 2215 2454 2262 Vide
2489 2215 2556 2263 ad

1492 2299 1731 2335 Lxxvttt.
1755 2291 1805 2334 4.
1853 2288 2099 2335 Schts-urz.

1561 2362 1761 2411 Tantam
1794 2364 2108 2428 potestatem]
2169 2363 2214 2412 1.
2260 2379 2307 2415 e.
2355 2371 2553 2416 tantam

1490 2436 1817 2502 dignitatem,
1837 2447 2138 2505 tantumque
2155 2441 2424 2504 imperinm
2450 2457 2555 2491 ma-

1489 2516 1758 2578 gistratns.
1802 2516 2018 2566 Paullus
2041 2518 2180 2581 Lege
2199 2522 2315 2567 215.
2351 2519 2556 2582 Digest.

1489 2594 1554 2642 de
1595 2593 1756 2642 Verb.
1801 2592 1988 2657 Signis.
2024 2594 2348 2645 ‘Potestatis
2394 2596 2555 2643 verbo

1490 2670 1641 2732 plura
1674 2670 2066 2733 significantur:
2103 2671 2157 2721 in
2190 2684 2413 2734 persons
2448 2686 2555 2720 ms·

1488 2746 1813 2807 gistratuum‚
1834 2747 2138 2810 imperium3
2171 2749 2223 2796 in
2250 2762 2471 2811 persona
2495 2748 2554 2797 li-

1487 2821 1747 2879 berorum,
1771 2824 1941 2887 patria
1960 2829 2228 2886 potestss3
2261 2825 2313 2872 in
2333 2838 2556 2887 persona

1487 2901 1645 2961 servi,
1686 2899 2000 2951 dominium.'
2067 2902 2179 2949 Val.
2220 2901 2367 2950 Max.
2404 2914 2466 2949 11.
2502 2906 2554 2953 8.

1488 2978 1536 3022 3.
1570 2976 1585 3002 ‘
1604 2977 1688 3025 Ne
1712 2978 1760 3024 in
1787 2976 1978 3025 bonore
2006 2977 2253 3039 triumphi
2276 2977 2439 3026 minor
2463 2992 2555 3039 po-

1487 3060 1653 3103 testas
1712 3055 1896 3117 majori
1955 3055 2289 3118 armaretur?
2357 3055 2445 3104 Sic
2497 3063 2554 3104 et

1487 3131 1622 3192 apud
1650 3131 1867 3180 Sueton.
1891 3132 2028 3181 Caes.
2064 3146 2110 3178 c.
2135 3134 2217 3179 20.
2253 3138 2267 3160 ·
2288 3137 2521 3193 potestas
2541 3130 2554 3151 '

1488 3220 1583 3268 pro
1619 3207 1887 3254 consulatu
1927 3206 2163 3269 ponitur:
2200 3206 2417 3258 ‘Quoad
2460 3221 2549 3268 po·

1486 3288 1682 3331 testate
1722 3280 1923 3329 abiret!
1989 3280 2148 3344 Apud
2193 3282 2350 3331 eund.
2390 3282 2557 3345 Cattg.

1487 3374 1534 3408 c.
1557 3363 1638 3407 26.
1675 3360 1689 3384 ⁴
1711 3358 1830 3407 Fuit
1855 3372 1948 3421 per
1973 3357 2195 3406 triduum
2221 3359 2332 3407 sine
2354 3371 2554 3411 summa

1488 3443 1751 3499 potestate
1790 3434 2120 3498 respublica,'
2156 3436 2189 3485 i.
2214 3451 2260 3485 e.
2296 3437 2408 3485 sine
2431 3450 2556 3487 con·

1484 3514 1697 3562 sulibus.
1739 3513 1886 3562 Idem.

1554 3589 1758 3637 Gratior
1775 3594 2012 3651 potestate
2034 3588 2253 3653 libertas]
2290 3589 2467 3639 Coessr
2487 3591 2551 3642 B.

1486 3668 1556 3718 G.
1594 3682 1681 3717 111.
1707 3672 1784 3716 10.
1818 3668 2051 3718 ‘Omnes
2093 3668 2321 3718 homines
2360 3677 2552 3721 natura

1485 3743 1719 3793 libertati
1745 3743 1977 3805 student,
1996 3751 2050 3793 et
2066 3744 2415 3794 conditionem
2440 3759 2550 3793 ser·

1487 3820 1672 3870 vitutis
1723 3820 2001 3871 oderunt.'
2078 3822 2256 3871 Plaut.
2302 3822 2351 3869 in
2397 3822 2553 3883 Capt.

1485 3897 1718 3947 ‘Omnes
1742 3896 1979 3960 profecto
2015 3896 2166 3946 liberi
2201 3896 2444 3945 libentius
2466 3911 2550 3946 su-

1486 3988 1620 4036 mus,
1643 3988 1794 4038 quam
1818 3971 2106 4022 servimus!
2141 3973 2291 4023 Rern.

1554 4050 1752 4110 Dignus
1782 4049 1856 4112 es]
1896 4048 2005 4096 Has
2030 4061 2181 4096 voces
2216 4048 2550 4111 negligentis·

1488 4127 1619 4175 sime
1654 4124 1824 4173 omisit
1859 4122 2097 4171 librarius
2132 4122 2182 4171 in
2215 4124 2392 4173 codice
2420 4140 2552 4175 meo.

1486 4204 1580 4252 Eae
1607 4215 1732 4248 vero
1766 4199 1974 4250 omnino
2007 4202 2312 4250 necessariae
2338 4211 2458 4251 sunt
2481 4204 2549 4254 sd

1483 4277 1801 4329 sententiam
1855 4277 2008 4339 liujus
2063 4276 2162 4325 loci
2215 4274 2553 4329 fundsndam.

1488 4356 1675 4414 Immo,
1704 4353 1898 4406 eaedem
1932 4353 1985 4406 in
2022 4350 2186 4405 tribus
2215 4354 2551 4422 sequentibus
