3060 4902
752 347 819 395 o.
867 347 1116 396 amun
1164 347 1497 397 saeuum
1547 348 1818 398 ranno.
1894 350 1946 399 ι.
1988 335 2104 401 79.

316 505 475 557 qnam
500 491 731 556 antiqnae
757 497 1055 555 ceteraeque
1077 505 1251 541 omnes
1273 490 1382 540 edi·

314 573 490 621 tiones
512 570 926 634 promulgarunt,
945 569 996 619 in
1023 570 1121 619 ista
1143 568 1380 620 codicum

314 647 686 709 inconstantia,
724 646 1044 709 abjiciamus.
1108 647 1379 696 Vocabnlo

312 728 332 755 ‘
349 726 663 791 imbecillus,
683 741 733 788 a,
757 725 877 790 nm,'
902 740 996 789 pro
1018 740 1119 790 qno
1142 734 1379 777 auctores

317 803 612 864 promiscue
665 802 846 853 dicunt
921 804 938 830 ‘
969 803 1253 860 imbecillis,
1299 818 1346 867 e,
1364 801 1379 825 ³

317 880 529 931 Plinius
571 879 623 928 in
664 878 918 944 Epistolis
955 880 1223 944 aliquoties
1258 895 1379 930 usus

318 966 435 1021 est3
471 972 523 1008 v.
562 973 612 1023 g.
654 972 693 1007 ι.
731 962 810 1007 12.
847 965 862 987 ‘
884 958 1029 1007 Licet
1064 958 1376 1008 imbecillum

319 1049 406 1085 me
430 1033 621 1099 putes-⁸
658 1049 733 1084 tv.
753 1040 804 1086 7.
828 1039 842 1065 ‘
861 1035 1186 1085 Imbecillum
1211 1034 1380 1086 latus.'

318 1127 400 1164 tv.
426 1118 506 1164 18.
539 1113 554 1140 ‘
574 1112 778 1164 Accidit
804 1114 902 1163 hoc
925 1112 1278 1164 imbecillitate
1303 1114 1378 1163 in·

318 1190 460 1253 genii
503 1189 643 1239 mei.'
709 1190 775 1239 ln
810 1190 980 1240 verbis
1024 1192 1377 1254 sequentibus,

315 1268 555 1318 meliorem
585 1270 817 1319 mee-r
840 1273 1014 1331 speret,
1038 1268 1202 1318 codex
1236 1282 1380 1318 meua

319 1344 479 1395 babet
500 1346 693 1409 prabet.
758 1346 992 1403 Mallem,
1014 1352 1073 1396 ut
1096 1347 1379 1411 proproebet

316 1424 623 1474 invenissem
640 1430 857 1487 prestet,
880 1438 994 1474 cum
1018 1424 1116 1474 hoe
1137 1440 1252 1475 cum
1269 1441 1382 1475 ver·

317 1498 401 1548 bis
419 1500 753 1563 sequentibus
769 1501 930 1550 multo
946 1501 1124 1550 melius
1145 1502 1382 1553 eonveni-

314 1585 421 1626 ret.
445 1576 596 1625 Idem.

385 1653 532 1702 Alias
566 1652 762 1711 labores,
785 1654 829 1704 si
861 1669 955 1706 aon
990 1656 1233 1706 continuos
1260 1656 1381 1705 desi·

316 1730 441 1794 dia]
465 1730 640 1794 Forte,
660 1735 785 1779 cont.
817 1731 911 1779 lab.
947 1733 992 1781 si
1026 1747 1120 1782 aon
1158 1733 1258 1783 des.
1293 1733 1380 1782 Li·

319 1808 431 1858 vin.

388 1882 451 1932 si
467 1897 559 1931 aon
579 1883 825 1948 continuo]
852 1884 1127 1936 Gentinos.
1175 1884 1380 1942 Scribe.

318 1961 544 2008 continuo
565 1974 632 2009 se.
653 1960 798 2024 Lips.

390 2037 452 2087 Sa·
482 2052 576 2087 m
608 2038 851 2102 continuo]
888 2039 945 2088 Si
977 2054 1073 2090 non
1114 2041 1378 2091 continuos.

321 2113 476 2162 Bella
496 2122 577 2164 est
613 2117 906 2164 emendatio
931 2117 1302 2182 Bongarsiana‚
1334 2117 1380 2166 si

309 2205 419 2239 noa
436 2192 655 2240 continno
675 2206 725 2241 se
745 2193 940 2259 desidia
951 2209 972 2252 ,-
1006 2193 1139 2256 quod
1164 2201 1219 2243 et
1239 2193 1381 2243 dein·

320 2266 392 2316 de
420 2268 593 2331 Lipsio
614 2269 664 2317 in
689 2278 915 2319 mentem
943 2270 1103 2318 venit.
1126 2270 1261 2333 Lips.

390 2344 629 2394 Continuo
648 2360 699 2394 se
720 2347 915 2396 desidias
949 2347 1177 2409 dedisset]
1207 2347 1383 2410 Nego·

323 2420 454 2472 tium
478 2422 626 2473 nobis
649 2422 914 2474 facessunt
934 2423 1242 2485 librarii,his
1267 2437 1382 2474 ver·

321 2498 403 2548 bis
438 2501 628 2562 partim
667 2500 1012 2562 transpositis,
1047 2500 1237 2563 partim
1273 2514 1386 2550 cor·

323 2575 511 2638 ruptis.
576 2576 636 2625 ln
671 2579 853 2627 codice
875 2578 1129 2626 Vaticano
1151 2581 1301 2627 8461.
1334 2584 1389 2629 et

323 2651 808 2716 Gnelpberbytano‚
834 2653 944 2701 baec
982 2653 1091 2702 siue
1123 2667 1277 2703 seusu
1316 2655 1386 2704 le·

323 2729 511 2792 fimus,
529 2729 664 2779 Alios
675 2730 858 2779 labores
872 2731 915 2778 si
931 2745 1022 2779 aon
1043 2732 1285 2780 continuos
1305 2732 1388 2780 de-

319 2805 461 2855 sidia
478 2822 538 2855 ac
553 2807 787 2870 voluptati
811 2808 1033 2857 dedisset.
1103 2807 1165 2856 1n
1190 2807 1388 2857 Parioi·

321 2883 457 2945 ensi,
475 2884 618 2933 Alius
636 2884 682 2931 si
702 2883 881 2932 laum
901 2897 993 2932 non
1008 2886 1254 2932 continuos
1268 2885 1316 2933 d.
1338 2899 1386 2933 a.

320 2973 373 3006 ιι.
395 2959 447 3007 d.
510 2959 574 3008 In
596 2959 798 3009 Veneto
822 2962 867 3008 1.
891 2959 1033 3009 Alius
1053 2959 1146 3008 ribi
1164 2975 1258 3008 aon
1277 2975 1386 3009 con·

321 3034 483 3083 tiam
524 3034 721 3085 labores.
786 3035 845 3084 In
889 3036 1095 3085 Veneto
1138 3040 1188 3085 2.
1233 3037 1384 3086 Salis·

327 3111 599 3175 burgensi,
620 3112 892 3170 Patavino,
914 3123 967 3162 et
992 3128 1127 3177 meo,
1156 3113 1299 3164 Alias
1318 3115 1386 3164 la·

321 3187 460 3238 bem
486 3188 530 3237 ω’
550 3204 642 3238 m
661 3190 907 3240 continuos
927 3191 1124 3240 deeidioe
1142 3206 1196 3239 oc
1229 3192 1385 3254 volup·

321 3267 423 3316 tati
456 3267 657 3318 dedisset
671 3286 690 3328 ,-
727 3284 878 3333 quam
918 3271 1191 3320 lectionem
1230 3271 1386 3320 etiam

322 3345 662 3409 antiquiores,
684 3355 737 3396 et
753 3348 955 3410 plurimi
973 3356 1253 3412 sequentes
1269 3348 1385 3398 libri

323 3422 584 3486 impressi,
603 3425 913 3488 evulgarunt
935 3441 951 3485 ς
984 3425 1081 3473 nisi
1102 3424 1236 3489 quod
1263 3439 1388 3475 non·

320 3500 471 3561 nulli,
493 3514 588 3564 pro
609 3502 870 3563 continuos,
898 3511 1265 3565 expresserunt
1282 3517 1388 3552 eon·

322 3576 478 3624 tiano.
567 3577 670 3626 Sed
699 3578 810 3641 jam
847 3577 988 3628 felici
1027 3580 1236 3643 ingenio
1281 3579 1390 3629 ani·

321 3649 603 3703 madvertit
625 3654 848 3718 Lipsius,
867 3670 962 3718 pro
980 3658 1242 3718 continuos,
1264 3657 1389 3705 scri-

322 3727 550 3779 bendum
567 3744 681 3780 esse
704 3732 924 3781 continuo
945 3747 1009 3782 se.
1044 3734 1113 3782 Et
1129 3734 1388 3783 Gruterus

325 3811 551 3855 testatus
589 3814 689 3872 est,
712 3808 843 3857 hanc
868 3823 1070 3873 quoque
1101 3809 1288 3859 bellam
1310 3807 1387 3859 su·

320 3881 426 3929 isse
493 3883 905 3934 emendationem
970 3886 1389 3948 Bongarsianam.

324 3957 419 4008 Sic
438 3967 610 4009 antem
628 3961 933 4025 inveni‚jam
952 3977 1036 4011 an.
1055 3966 1197 4012 1515.
1215 3978 1243 4011 a
1259 3962 1391 4013 Jun-

325 4042 382 4083 ta
421 4029 584 4085 foisse
622 4052 889 4093 excusum,
931 4038 1075 4088 Alius
1113 4040 1313 4103 labores,
1342 4040 1389 4090 si

322 4125 420 4159 m
455 4113 727 4164 continaose
747 4116 944 4165 desidia
963 4131 1019 4164 oc
1039 4117 1274 4179 voluptati
1306 4118 1388 4166 de·

322 4187 492 4238 diruet.
555 4190 722 4242 Junta
745 4191 873 4239 alias
905 4204 1008 4240 non
1044 4190 1197 4242 facile
1219 4192 1386 4243 disce-

324 4263 406 4316 dit
427 4278 459 4313 a
483 4266 709 4318 lectione
735 4266 859 4317 Aldi
894 4269 1120 4319 Manutii
1144 4284 1161 4332 3
1197 4270 1281 4321 bic
1308 4275 1389 4321 ta-

2381 335 2514 403 979

1454 505 1571 541 men
1592 491 1704 541 sine
1720 490 1841 541 Aldi
1860 491 2104 555 exemplo
2120 490 2349 556 prodidit
2371 492 2515 558 illud,

1450 568 1755 626 continuone,-
1801 567 1936 633 quod
1973 568 2112 618 sorte
2149 578 2418 631 repererat
2456 572 2512 620 in

1454 654 1663 694 vetusto
1705 644 1927 710 quodam
1958 646 2158 707 codiee,
2193 659 2293 696 nee
2339 653 2514 697 tamen

1451 721 1911 780 animadverterat,
1936 722 1986 771 in
2012 738 2075 773 eo
2100 724 2266 773 latere
2281 723 2412 774 duas
2426 739 2516 775 vo·

1450 811 1539 848 ces
1563 799 1878 861 separandas
1904 814 1967 849 ae
1987 799 2376 864 discernendas,
2407 816 2516 852 con·

1451 880 1584 928 tiano
1626 894 1693 929 se.
1783 880 2091 944 Ampleetor
2132 881 2337 930 omnino
2378 881 2515 932 hane

1450 956 1910 1020 lectionem,qnam
1934 958 2092 1006 etiam
2117 956 2168 1006 iu
2189 957 2321 1006 libro
2342 956 2515 1021 priore

1452 1031 1695 1083 Gudiano
1732 1040 2032 1084 annotatam
2067 1034 2317 1095 observo;
2349 1043 2405 1084 et
2428 1049 2518 1084 cn·

1442 1109 1528 1173 jus
1568 1111 1749 1159 saltem
1779 1111 2052 1174 vestigium
2093 1109 2353 1174 quoddam
2390 1111 2515 1160 reti·

1454 1200 1614 1235 nuere
1643 1200 1819 1236 omnes
1855 1189 1930 1237 illi
1967 1188 2082 1237 libri
2123 1187 2308 1252 scripti
2345 1191 2399 1237 et
2423 1189 2516 1237 im-

1453 1263 1638 1325 pressi,
1674 1263 1757 1326 qui
1793 1265 2038 1313 continuos
2075 1263 2340 1312 exhibent.
2407 1263 2516 1311 Ne·

1455 1340 1727 1390 cessariam
1752 1342 1883 1390 banc
1919 1348 2046 1404 puto
2082 1338 2520 1403 emendationem,

1455 1431 1611 1481 quam
1635 1431 1698 1465 ex
1720 1418 1952 1482 Lipsiana
1970 1417 2271 1481 conjectura
2284 1416 2395 1479 jam
2418 1415 2516 1464 eti·

1457 1509 1538 1543 am
1562 1502 1873 1558 receperunt
1902 1495 2113 1544 Hearne
2137 1497 2192 1543 et
2208 1493 2477 1543 Gesnerns
2498 1508 2516 1554 ς

1454 1568 1632 1620 ἄτοπον
1653 1572 1787 1621 enim
1824 1578 1925 1632 est,
1960 1580 2013 1620 et
2042 1570 2285 1632 insolens,
2323 1569 2519 1632 dicere,

1454 1648 1635 1697 labores
1655 1649 1902 1698 continuos
1921 1649 2036 1696 dare
2057 1646 2275 1696 desidia.
2308 1647 2380 1696 Et
2401 1646 2518 1711 quis

1456 1727 1593 1775 serio
1617 1725 1827 1786 dixerit,
1846 1725 2079 1773 homines
2102 1723 2412 1780 desidiosos,
2428 1724 2518 1787 qni

1454 1801 1578 1850 nibil
1601 1808 1779 1867 agunt,
1796 1808 1852 1851 et
1868 1801 2018 1851 otiosi
2035 1801 2239 1864 sedent,
2258 1800 2519 1863 laborare,

1454 1877 1566 1927 sive
1587 1879 1795 1929 labores
1820 1878 1943 1927 dare
1964 1878 2179 1927 desidite
2202 1879 2221 1927 ?
2274 1878 2396 1928 Hoc
2426 1893 2516 1928 au·

1455 1961 1559 2005 tem
1585 1963 1729 2004 recte
1749 1955 1959 2017 dicitur,
1989 1956 2005 1984 ‘
2027 1952 2192 2014 dare,'
2218 1954 2299 2003 vel
2328 1954 2518 2004 ‘dede-

1453 2046 1533 2091 re,
1565 2042 1621 2081 se
1646 2032 1882 2096 languori
1904 2041 1955 2081 et
1979 2030 2235 2080 desidie!
2306 2032 2416 2084 Cic.
2453 2032 2517 2082 de

1454 2108 1610 2159 Offic.
1634 2123 1669 2159 1.
1694 2112 1776 2158 8⁴.
1809 2112 1824 2137 ‘
1845 2110 1971 2158 Cum
1995 2108 2225 2156 relaxare
2249 2109 2444 2158 animos
2464 2116 2519 2157 et

1455 2187 1583 2235 dare
1612 2200 1669 2234 ae
1700 2184 2023 2257 jucunditati
2064 2185 2258 2243 volent,
2293 2193 2519 2235 caveant

1381 2280 1386 2285 ·
1454 2264 1927 2326 intemperantiam.
1945 2294 1960 2310 .
1987 2295 1998 2308 .
2024 2293 2040 2308 .
2060 2261 2202 2310 Nihil
2224 2270 2397 2310 autem
2413 2277 2520 2312 ma-

1457 2342 1534 2405 gis
1556 2340 1840 2389 cavendnm
1865 2346 1947 2387 est
1980 2338 2255 2401 senectuti,
2281 2353 2431 2403 quam
2453 2353 2521 2389 ne

1457 2418 1691 2481 languori
1714 2428 1768 2467 se
1793 2416 2109 2480 desidiaeque
2132 2414 2326 2466 dedat-³
2379 2416 2519 2467 Plin.

1459 2497 1632 2561 Epist.
1654 2511 1693 2546 ι.
1710 2497 1923 2559 2.dixlt,
1946 2498 1961 2523 ‘
1979 2494 2188 2544 desidiae
2204 2494 2521 2546 indormire.’

1462 2576 1649 2640 Neque
1705 2574 1861 2625 alicui
1926 2574 2222 2637 scrupulum
2291 2582 2519 2630 moveat,

1460 2652 1594 2715 quod
1618 2651 1702 2700 liie
1723 2652 1739 2677 ⁸
1760 2651 1966 2701 labores
1988 2649 2002 2671 '
2023 2650 2266 2699 dicuntur
2280 2650 2296 2678 ‘
2317 2664 2520 2701 recrea·

1463 2726 1543 2783 ri,'
1563 2742 1679 2777 cum
1703 2728 1828 2776 alias
1844 2727 2103 2776 ordinarie
2127 2729 2142 2755 ⁸
2159 2727 2390 2777 homines
2409 2726 2424 2748 '
2444 2728 2520 2777 di·

1461 2812 1645 2853 cantur
1663 2805 1678 2831 ⁸
1696 2819 1759 2853 ex
1784 2803 2043 2853 laboribus
2063 2802 2078 2825 ⁹
2100 2804 2211 2853 sive
2245 2804 2261 2830 ‘
2282 2820 2311 2853 a
2336 2804 2523 2855 labori·

1461 2880 1558 2931 bns
1593 2880 1854 2930 recreari.'
1923 2881 2020 2929 Est
2043 2880 2144 2929 ista
2174 2883 2524 2943 metonymica

1461 2957 1705 3021 loquendi
1725 2959 1874 3012 ratio,
1899 2957 2105 3020 quando
2125 2958 2141 2985 ‘
2156 2957 2374 3017 labores,
2388 2955 2403 2978 '
2427 2959 2527 3007 i0e.

1461 3034 1775 3097 laborantes,
1819 3034 2063 3082 dicuntur
2107 3034 2347 3082 recreari.
2434 3036 2525 3085 Sic

1460 3111 1663 3161 Plinius
1701 3110 1891 3174 Major,
1928 3110 2065 3159 Hist.
2100 3111 2226 3159 Nat.
2267 3123 2413 3159 xxn.
2444 3115 2525 3162 16.

1462 3198 1475 3220 ⁶
1490 3191 1692 3240 Urticae
1714 3203 1889 3239 semen
1913 3187 2276 3248 lassitudines,'
2295 3189 2329 3236 i.
2352 3204 2399 3238 e.
2426 3189 2524 3239 las·

1460 3277 1621 3331 satos,
1654 3267 1931 3319 ‘recreat.’
2020 3268 2170 3318 Idem
2209 3280 2409 3319 xxxvt.
2439 3273 2524 3319 84.

1459 3347 1474 3376 ⁸
1491 3346 1722 3410 Gagates
1747 3346 1878 3409 lapis
1903 3376 1917 3391 .
1941 3352 2146 3395 recreat
2162 3346 2329 3396 vulvae
2355 3353 2525 3396 stran-

1462 3422 1792 3488 gulationes!
1813 3421 2058 3471 Schmun.

1528 3499 1672 3548 Curis
1712 3499 1979 3562 exsolutus]
2031 3498 2094 3547 In
2139 3496 2322 3547 codice
2357 3498 2517 3549 Salis·

1462 3575 1722 3639 burgensi,
1757 3586 1811 3626 et
1847 3589 1980 3636 meo,
2026 3574 2327 3625 vocabulum
2373 3577 2522 3638 caris,

1464 3653 1601 3720 quod
1626 3654 1677 3704 in
1701 3655 1887 3703 ceteris
1911 3653 2053 3702 llbris
2075 3653 2306 3703 omnibus
2330 3660 2523 3717 presto

1463 3741 1563 3791 est,
1601 3732 1960 3792 desideratur3
2008 3739 2284 3795 praeterea,
2325 3745 2425 3780 non
2471 3730 2524 3779 in

1463 3810 1542 3861 his
1581 3813 1762 3867 solnm,
1806 3808 1897 3860 sed
1958 3810 2117 3859 etiam
2175 3810 2226 3857 in
2272 3808 2523 3856 Vaticano

1463 3892 1610 3937 8461.
1641 3895 1695 3937 et
1729 3888 2007 3943 Pataviuo,
2035 3900 2128 3951 pro
2158 3884 2412 3939 exsolutus,
2446 3883 2522 3931 in-

1463 3965 1598 4014 scite
1642 3965 1895 4028 scriptum
1940 3971 2019 4012 est
2060 3961 2316 4016 exsoluam
2360 3972 2522 4023 quan-

1465 4054 1618 4105 quam
1643 4041 1693 4089 in
1716 4037 2098 4103 salisburgensi
2131 4035 2196 4086 ab
2235 4034 2335 4083 alia
2370 4047 2523 4083 mann

1463 4123 1741 4180 utrumque
1778 4117 2017 4165 mendum
2056 4120 2136 4162 est
2173 4110 2524 4162 emendatum.

1465 4194 1677 4256 Solutus,
1702 4193 1812 4243 sive
1836 4192 2073 4242 exsolutus
2093 4188 2238 4254 caris,
2260 4195 2359 4248 est,
2383 4187 2522 4238 curis

1464 4270 1744 4334 relevatus,
1775 4269 1884 4319 sive
1916 4267 2180 4317 liberatus.
2245 4264 2333 4316 Sic
2353 4264 2521 4316 Tacit.
