3060 4902
448 367 623 433 1100

448 526 626 592 pravis
672 524 990 590 principibus
1035 524 1309 587 gratiores,
1355 537 1509 589 quam

450 611 590 655 artes
611 603 779 659 bonae,
802 601 971 651 fuere.
1008 603 1157 651 Idem.
1494 631 1501 634 -

515 677 828 741 Compendiis]
862 677 968 726 Per
991 677 1149 725 malas
1166 682 1327 738 artes,
1345 681 1398 724 et
1417 672 1509 724 de·

445 755 689 805 lationes.
721 754 860 817 Lips-

516 829 833 893 Compendt'a]
866 829 1024 878 Malae
1072 828 1314 877 nimirum
1353 834 1511 879 artes.

448 907 586 956 Vide
606 914 855 957 annotata
874 904 936 954 ad
957 920 1005 956 c.
1026 919 1179 955 xmv.
1195 913 1250 955 et
1271 918 1512 955 uxviir.

448 982 671 1032 Potui-ol.

515 1060 688 1122 Diligo
706 1060 933 1122 optimum
951 1058 1234 1122 principem]
1259 1059 1336 1108 Ex
1353 1072 1510 1121 supra

444 1137 639 1187 notatis
672 1137 921 1191 videmus,
958 1136 1320 1185 Heumannum
1356 1143 1510 1186 acute

446 1214 734 1274 censuisse,
767 1212 1100 1262 scribendum
1124 1224 1260 1266 esse,
1295 1210 1352 1259 Si
1375 1211 1511 1260 deni·

446 1305 536 1353 que
567 1291 621 1338 iu
652 1295 837 1338 tantum
868 1288 1048 1350 diligor
1077 1288 1253 1351 optimo
1286 1289 1512 1352 principi.

447 1367 663 1423 Verum,
687 1373 870 1416 contra
890 1366 1257 1414 auctoritatem
1283 1366 1510 1413 omnium

446 1442 715 1503 librorum,
759 1443 885 1492 nihil
918 1442 969 1490 in
1012 1442 1089 1491 his
1129 1448 1292 1491 muto.
1358 1441 1512 1490 Prius

445 1517 598 1581 hujus
642 1519 917 1567 sententiae
953 1516 1238 1567 membrum
1274 1533 1329 1566 se
1366 1526 1511 1569 recte

444 1594 625 1651 habet,
647 1593 875 1659 facitque
897 1596 978 1643 vel
1002 1595 1223 1643 maxime
1248 1595 1311 1643 sd
1337 1595 1510 1644 decla·

446 1671 659 1720 randam
698 1672 856 1721 Plinii
887 1686 1012 1732 erga
1044 1672 1319 1734 Trajauum
1345 1672 1510 1735 pieta-

448 1753 590 1808 tem3
638 1764 698 1797 ac
736 1747 897 1811 magis
931 1762 1048 1796 eum
1095 1747 1324 1797 decebat
1368 1763 1511 1797 suam

447 1839 570 1888 erga
596 1826 883 1888 principem
908 1824 1215 1873 charitatem
1238 1826 1511 1887 pietatem-

446 1915 548 1963 que
570 1903 784 1962 ·testari,
823 1915 976 1963 quam
1013 1900 1078 1949 de
1109 1900 1360 1964 principis
1388 1914 1513 1964 erga

447 1989 503 2023 se
531 1989 706 2025 amore
746 1976 1018 2039 gratiaque
1032 1977 1299 2037 jactanter
1328 1976 1513 2039 gloria-

446 2054 511 2100 ri.
581 2053 733 2102 Quod
755 2053 972 2101 alterum
999 2052 1282 2101 membrum
1307 2054 1512 2114 attinet,

444 2128 500 2177 in
534 2133 761 2193 quantum
790 2129 971 2178 invisus
999 2128 1329 2191 pessimosui,·
1365 2130 1507 2194 equi-

445 2204 565 2262 dem
605 2203 883 2254 ἀντιθέσεως
931 2206 1203 2254 rhetoricae
1251 2205 1384 2254 ratio
1430 2220 1508 2255 re-

451 2281 655 2343 quirere
684 2281 978 2341 videbatur,
998 2289 1054 2331 ut
1071 2282 1274 2330 Plinius
1293 2281 1510 2345 diceret,

447 2355 510 2404 Si
551 2356 749 2418 denique
793 2357 845 2404 in
879 2362 1064 2405 tantum
1094 2357 1246 2418 diligo
1282 2359 1510 2419 optimum

441 2431 721 2496 principem,
759 2433 812 2481 in
848 2437 1078 2496 quantum
1111 2432 1190 2481 odi
1226 2434 1510 2496 pessimum,-

442 2507 534 2557 sed
575 2509 690 2570 plus
727 2510 994 2558 modestiae
1030 2523 1092 2557 ac
1127 2510 1416 2572 prudentiae
1441 2525 1508 2560 ex

447 2584 655 2646 vulgata
678 2586 904 2634 lectione
924 2593 1162 2648 apparet,
1187 2601 1339 2651 quam
1367 2593 1423 2635 ut
1446 2602 1510 2636 ea

446 2660 638 2723 corrigi
662 2660 870 2709 debeat.
905 2661 1147 2710 Schwarz.

511 2739 846 2802 Pessimosui]
889 2741 1116 2790 Videtur
1141 2741 1371 2804 pendere
1399 2749 1511 2792 tota

443 2814 557 2865 liaec
616 2817 874 2879 periodus,
927 2832 1022 2866 nec
1068 2826 1240 2866 tamen
1297 2821 1509 2881 pendet.

445 2893 638 2942 Modus
663 2894 738 2942 ita
763 2892 978 2955 rogandi
1008 2900 1104 2948 est,
1138 2898 1153 2922 ‘
1175 2895 1230 2944 Si
1256 2896 1351 2945 hoc
1382 2894 1510 2958 feci,

444 2969 592 3032 dixi,'
614 2973 713 3019 &m
739 2969 911 3019 favete
936 2977 990 3019 et
1013 2970 1233 3021 credite.
1263 2973 1398 3037 Lips.

519 3046 620 3105 Ego
643 3044 944 3108 rever-eutice]
960 3047 1128 3109 Majus
1147 3049 1370 3097 maximo
1388 3063 1506 3112 pro·

443 3120 654 3169 missum
683 3121 857 3170 Plinii.
924 3123 1103 3171 Simile
1133 3123 1258 3172 illud
1288 3124 1510 3174 Ennodii

446 3197 497 3245 in
524 3196 722 3258 Pam-g.
747 3198 1007 3246 Theodor.
1039 3200 1054 3227 ‘
1078 3200 1190 3261 Ego
1229 3200 1337 3256 tibi,
1369 3202 1508 3265 quod

445 3273 838 3322 admirationem
864 3274 1057 3334 vincat,
1088 3290 1293 3339 oppono
1320 3278 1507 3340 princi·

443 3363 566 3412 pem
607 3364 794 3408 meum,
826 3351 902 3398 ita
933 3359 1125 3412 ortum,
1160 3361 1214 3402 ut
1252 3368 1367 3402 eum
1408 3369 1508 3403 non

445 3428 609 3476 liceat
644 3425 956 3488 improbari3
993 3428 1063 3476 ita
1088 3444 1260 3492 agere,
1285 3440 1340 3479 ut
1363 3431 1507 3493 quasi

443 3505 582 3555 inter
602 3505 943 3567 imperatores
965 3506 1133 3557 adhuc
1155 3517 1398 3571 precetur
1418 3509 1507 3558 ad·

712 379 932 430 Nora:
980 376 1389 428 vamomm
1444 373 1524 424 m
1573 373 1639 424 c.
1674 373 1875 422 enm.
1929 371 2207 423 rauna.
2257 370 2305 422 ι.
2333 355 2441 421 95.

1584 520 1776 586 jungi.¹
1809 521 1963 571 Beni·

1660 603 1962 653 Reverentia
1983 605 2158 650 vestra
2176 614 2219 648 s.
2241 613 2285 649 s.
2302 595 2582 660 inserviam]
2608 597 2656 646 1.

1591 693 1639 728 e.
1660 693 1759 743 ego
1781 694 1873 728 vos
1896 692 2103 742 semper
2131 677 2545 725 reverentissime
2569 689 2656 723 co·

1590 757 1712 817 lam,
1737 757 1867 816 sive,
1889 763 1949 805 nt
1965 756 2194 818 loquitur
2219 753 2357 802 Plin.
2375 752 2545 817 Epist.
2563 764 2657 799 nr.

1592 835 1640 880 8.
1662 839 1717 880 et
1740 845 1817 880 tv.
1843 836 1921 881 17.
1943 830 2143 880 habebo
2176 828 2544 894 praestaboque
2570 841 2656 875 vo·

1594 907 1672 956 bis
1693 922 1895 956 omnem
1918 907 2283 957 reverentiam.
2319 905 2506 960 Putes,
2530 905 2661 953 scri-

1494 1005 1497 1008 ·
1594 982 1646 1033 bi
1667 982 1929 1042 debuisse,
1950 983 2232 1033 reverentie
2266 983 2417 1031 vestri
2452 981 2658 1030 inserti-

1590 1077 1703 1119 om,·
1726 1068 1880 1124 prout
1904 1060 2105 1109 Plinius
2130 1061 2208 1109 ait
2230 1059 2397 1120 Epist.
2419 1070 2470 1105 v.
2496 1062 2541 1107 1.
2561 1058 2578 1084 ⁸
2598 1062 2658 1106 nt

1590 1139 1685 1189 tibi
1713 1139 1840 1187 nihil
1870 1136 2149 1187 abstulerit
2185 1133 2479 1184 reverentia
2499 1131 2658 1191 mei;’

1593 1229 1770 1263 verum
1805 1213 1856 1263 in
1901 1213 2039 1261 nullo
2074 1212 2208 1261 libro
2244 1208 2657 1259 animadvertere

1593 1292 1736 1342 licuit
1758 1292 1985 1356 aliquam
2005 1289 2158 1353 hujus
2179 1287 2278 1337 loci
2298 1286 2656 1336 variationem.

1593 1368 1732 1418 Vide
1754 1369 1973 1417 Excurs.
1994 1379 2096 1416 xx.
2128 1364 2366 1414 Schwart-

1663 1444 1932 1508 Consulem]
1969 1443 2072 1494 Qui
2087 1454 2222 1491 nnnc
2243 1439 2356 1489 haec
2371 1438 2507 1488 dico.
2540 1438 2657 1500 Lip-

1591 1535 1709 1570 sius.

1663 1597 1986 1646 Candidatum
2017 1592 2310 1657 consulatus]
2347 1590 2449 1640 His
2488 1589 2657 1638 verbis

1594 1673 1796 1723 Plinius
1821 1674 1887 1722 de
1921 1686 1978 1722 se
2004 1672 2279 1735 pollicetur
2300 1682 2504 1717 omnem
2529 1680 2656 1729 erga

1592 1756 1825 1799 senatum
1850 1749 2199 1799 reverentiam
2233 1752 2290 1796 et
2320 1745 2655 1808 obsequium;

1593 1828 1712 1892 quia
1735 1826 1857 1876 boni
1881 1824 2146 1876 candidati
2171 1821 2288 1879 fuit,
2324 1835 2381 1871 se
2415 1833 2656 1870 reveren-

1594 1910 1700 1954 tem
1744 1903 1992 1952 adversus
2025 1900 2334 1964 superiores,
2376 1903 2433 1946 et
2467 1894 2656 1945 officio·

1593 1994 1705 2027 sum
1720 1991 1845 2041 erga
1860 1979 1988 2027 alios
2003 1976 2230 2042 quosvis,
2241 1973 2501 2038 praebere.
2517 1973 2654 2022 Hinc

1593 2056 1795 2106 Plinius
1818 2069 1991 2118 supra,
2014 2066 2171 2103 inx.
2190 2056 2236 2100 3.
2268 2052 2285 2080 ‘
2306 2051 2438 2102 Quis
2459 2051 2538 2098 vel
2555 2063 2654 2098 nno

1592 2131 1677 2182 die
1712 2133 2038 2182 reverentior
2070 2136 2284 2178 senatus
2325 2126 2656 2188 candidatus,

1591 2222 1744 2274 quam
1769 2216 1845 2269 tu,
1868 2222 1984 2257 cnm
2009 2205 2146 2256 omni
2171 2205 2302 2260 vita,
2332 2209 2442 2253 tum
2467 2202 2554 2251 illo
2577 2204 2654 2265 ip·

1592 2298 1648 2333 so
1671 2291 1930 2347 tempore,
1950 2297 2052 2348 qno
2078 2282 2291 2344 judicas
2322 2279 2389 2329 de
2412 2278 2654 2329 candida·

1594 2361 1661 2410 tis
1675 2361 1712 2409 ?’
1761 2361 1831 2409 Et
1855 2360 1969 2410 Cic.
1992 2359 2045 2407 in
2069 2357 2251 2407 Pisou.
2273 2369 2320 2405 c·
2336 2359 2420 2404 23.
2445 2361 2461 2383 ‘
2478 2353 2652 2406 Quid?

1592 2436 1727 2496 dico,
1765 2437 1966 2485 venisse
2003 2448 2151 2497 paene
2186 2433 2464 2493 neminem,
2493 2444 2560 2479 ne
2589 2428 2655 2478 de

1592 2511 1964 2561 officiosissima
1996 2510 2208 2575 quidem
2238 2510 2449 2557 natione
2481 2506 2654 2556 eandi-

1591 2587 1871 2638 datornm.’
1939 2590 2079 2639 Plin.
2122 2588 2294 2650 Epist.
2332 2599 2412 2634 vr.
2452 2589 2503 2633 6.
2528 2583 2653 2632 ‘Me

1592 2667 1914 2714 consularem
1961 2678 2075 2713 esse
2119 2676 2224 2711 non
2278 2662 2447 2711 sentio
2473 2675 2489 2719 ς
2536 2672 2654 2708 nam

1593 2756 1769 2790 rursus
1790 2740 1912 2790 mihi
1939 2740 2119 2789 videor
2143 2739 2390 2799 omnium,
2426 2751 2542 2801 quae
2564 2734 2652 2784 de·

1590 2817 1814 2877 cucurri,
1836 2804 2179 2866 candidatus?
2215 2814 2463 2864 Schwart-

1660 2893 2008 2956 Candidotum]
2045 2892 2147 2943 Qui
2182 2891 2393 2940 obnoxii
2432 2902 2655 2951 semper,

1590 2978 1909 3032 reverentes,
1930 2970 2214 3034 supplices.
2282 2968 2460 3017 Finem
2486 2979 2654 3014 meum

1589 3046 1850 3096 scribendi
1889 3046 2075 3106 habeo,
2113 3046 2311 3094 utinam
2345 3044 2489 3093 inum
2524 3043 2654 3091 alte-

1590 3136 1722 3178 rum.
1760 3130 1816 3171 ut
1849 3124 2044 3185 legant,
2078 3123 2309 3185 capiant,
2339 3119 2655 3182 audiantque

1590 3198 1705 3248 haec
1729 3200 2009 3263 principes,
2040 3214 2155 3249 cum
2181 3206 2380 3247 eterno
2408 3211 2502 3246 sno
2526 3196 2654 3260 pub·

1591 3275 1692 3325 lico
1716 3275 1878 3324 bono!
1951 3277 2052 3337 Da,
2073 3288 2104 3323 o
2129 3280 2184 3324 tu
2211 3274 2439 3323 AEteroe.
2471 3271 2610 3336 Lips.

1662 3355 2008 3418 candidatum]
2042 3354 2306 3418 Tanquam
2323 3352 2542 3401 debeam
2559 3351 2656 3399 mi·

1589 3433 1641 3482 hi
1680 3435 1841 3484 rectis
1874 3434 2117 3497 operibus
2151 3434 2393 3483 meritum
2418 3433 2654 3482 consula·

1591 3517 1674 3561 tus
1696 3510 1963 3563 obtinendi
1982 3525 2304 3576 comparare.
2337 3511 2558 3560 Patare(-

1004 3933 1203 3985 FINIS
1243 3938 1606 3990 NOTARUM
1641 3933 2063 3988 VARIORUM.
