3060 4902
524 346 657 412 906

1226 360 1443 442 NO'J'AE
1492 359 1899 411 vantonust
1948 361 2032 411 IN

592 504 818 569 suadens]
864 504 1138 568 Designas,
1175 510 1230 553 et
1270 503 1438 567 eligis,
1472 503 1594 568 quia
1662 504 1820 554 avito
1844 503 2460 568 nobilitati,defsrebat.'
2494 507 2644 557 Iden.

529 595 715 646 nempe
750 583 1023 631 sententiis
1046 581 1236 630 nostris
1263 587 1403 630 tuam
1425 588 1594 644 aptas.

529 659 663 722 Lips-

551 760 554 762 -
599 734 895 785 Clarissima
916 733 1100 798 gentis]
1135 734 1312 792 Forte,
1333 733 1595 783 clarissime

527 812 722 874 genitis.
759 813 925 861 Lirin.

599 889 894 939 Clarissima
912 885 1098 949 gentis]
1117 886 1286 950 Magis
1306 887 1456 936 velim
1473 900 1594 937 cum

533 966 679 1015 libris
699 967 835 1026 aliis,
857 965 1119 1015 clarissime
1138 964 1340 1025 genitis.
1375 964 1515 1026 Lips-

600 1043 893 1093 clarissima·
909 1043 1095 1106 gentis]
1122 1043 1503 1104 Berneggerus,
1520 1049 1594 1103 et,

531 1122 621 1186 qui
666 1122 820 1184 hujus
857 1121 1144 1169 editionem
1198 1119 1593 1181 locupletiorem

534 1197 766 1251 excudit,
803 1196 1057 1256 Hackius‚
1099 1194 1376 1244 ediderunt
1400 1195 1595 1255 juveni-

535 1274 619 1321 bus
641 1272 898 1321 clarissime
927 1272 1125 1333 genitis.
1191 1272 1370 1321 Secuti
1405 1284 1594 1334 nempe

533 1358 655 1399 sttut
679 1349 929 1411 Lipsium,
963 1349 1049 1412 qui
1084 1348 1248 1411 tnagis
1288 1349 1451 1399 voluit
1475 1364 1593 1399 cum

534 1427 682 1475 libris
707 1426 841 1485 aliis,
849 1425 1105 1486 juvenibus
1119 1424 1383 1474 clarissime
1399 1426 1596 1486 genitis.

530 1504 636 1553 Sed
654 1503 847 1551 nullum
870 1504 1057 1551 librum
1074 1516 1239 1565 neque
1258 1516 1409 1550 manu
1430 1503 1596 1565 scrip·

534 1589 663 1635 tum,
699 1595 891 1644 neque,
929 1587 1122 1644 praeter
1143 1580 1272 1628 duos
1307 1580 1592 1629 nominatos

537 1658 869 1713 recentiores,
896 1659 1032 1720 typis
1073 1669 1344 1716 excusum,
1381 1656 1508 1717 vidi,
1543 1655 1595 1703 in

535 1749 639 1798 quo
661 1734 885 1796 ,legerim
898 1733 1155 1793 juvenibus
1174 1733 1438 1782 clarissime
1456 1734 1597 1794 gent*-

534 1813 615 1860 tis.
679 1812 829 1860 Solus
856 1811 1115 1859 Livineius
1151 1811 1201 1859 in
1236 1810 1466 1871 margine
1491 1808 1599 1857 edi-

537 1889 693 1936 tionis
714 1902 819 1936 suat
842 1893 1142 1948 annotarat,
1166 1887 1239 1934 sic
1259 1884 1396 1933 forte
1420 1886 1595 1947 legen·

533 1964 652 2011 durn
679 1977 811 2011 esse.
881 1964 1011 2013 Quas
1036 1976 1158 2010 vero
1192 1960 1478 2009 necessitas
1515 1974 1596 2009 re·

535 2041 711 2106 quirit,
736 2049 793 2090 ut
820 2040 1152 2089 estut-bemus
1175 2040 1453 2089 lectionem
1488 2040 1597 2088 evi·

535 2116 763 2177 dentem,
783 2123 937 2179 atque
960 2117 1183 2165 omnium
1208 2116 1421 2165 aliorum
1442 2114 1598 2164 libro·

537 2208 650 2244 rum
675 2194 989 2244 auctoritate
1006 2192 1321 2243 stabilitam?
1356 2182 1425 2242 Εἰ
1444 2207 1598 2257 quam

536 2270 787 2334 maiorem
858 2270 1168 2333 elegantiam
1225 2269 1599 2332 complectitur

537 2343 635 2397 ista
674 2348 897 2397 insoleus
953 2346 1197 2411 loquendi
1244 2347 1395 2407 ratio,
1449 2345 1533 2408 cuj
1544 2359 1599 2393 us

537 2426 733 2474 nullum
754 2424 1046 2486 exemplum
1069 2438 1134 2472 ex
1160 2423 1308 2473 bonis
1327 2421 1596 2487 scriptori·

535 2503 631 2552 bus
650 2503 767 2551 mihi
793 2502 1084 2550 succurrit?
1120 2499 1192 2549 At
1215 2499 1325 2549 fere
1344 2500 1601 2553 similiter,

536 2593 600 2628 ac
646 2578 866 2636 Plinius,
902 2576 1035 2624 dixit
1085 2575 1223 2623 Veli.
1262 2589 1325 2624 n.
1349 2580 1448 2635 '23⁰-
1483 2582 1498 2604 ‘
1522 2575 1604 2624 Μ.

537 2655 829 2716 Perperna,
864 2652 1032 2714 gentis
1048 2650 1300 2712 clarioris,
1318 2665 1471 2716 quam
1490 2651 1600 2700 ani·

534 2729 643 2779 mi!
678 2729 918 2777 Schwarz.

598 2805 826 2854 Debitum
845 2804 1013 2865 generi
1045 2802 1285 2866 honorem]
1324 2801 1603 2867 Equidem,

535 2881 692 2931 etiam
711 2880 1009 2943 reipublicae
1030 2879 1201 2928 liberas
1222 2884 1325 2927 tem
1335 2893 1475 2941 pore,
1493 2893 1601 2926 om-

535 2958 659 3008 niuo
692 2959 743 3007 in
780 2957 1071 3007 tribuendis
1111 2955 1391 3005 bonoribus
1428 2954 1601 3018 publi·

536 3036 632 3098 cis,
659 3037 876 3085 maxime
904 3034 1033 3083 ratio
1056 3032 1234 3081 habita
1258 3039 1339 3080 est
1371 3032 1597 3095 generis,

539 3120 594 3161 et
649 3112 830 3174 priscae
887 3110 1191 3159 nobilitatis.
1271 3109 1390 3160 Qua
1438 3107 1505 3156 de
1543 3121 1600 3156 re

537 3188 749 3237 Sallust.
772 3188 926 3236 Catil.
950 3201 998 3235 c.
1020 3190 1101 3234 23.
1137 3193 1151 3213 ‘
1171 3181 1377 3244 Antea,'
1414 3183 1600 3247 inquit,

536 3274 548 3294 ⁸
574 3264 818 3327 pleraque
841 3263 1084 3311 nobilitas
1102 3261 1294 3309 invidia
1319 3259 1600 3314 aestuabat,

540 3346 594 3386 et
612 3341 756 3402 quasi
778 3339 934 3401 pollui
954 3338 1276 3387 consulatum
1294 3337 1601 3396 credebant,

543 3417 584 3463 si
611 3429 749 3475 eum,
772 3414 1006 3479 quamvis
1030 3416 1289 3476 egregius,
1322 3413 1471 3462 bomo
1508 3427 1597 3461 no·

537 3505 631 3541 vus
654 3492 876 3554 adeptus
910 3490 1083 3540 foret.’
1148 3491 1216 3539 Et
1241 3490 1436 3538 Marius
1458 3489 1598 3551 apud

540 3567 694 3617 eund.
719 3568 934 3616 Sallust.
955 3568 1078 3631 Jug.
1100 3580 1311 3616 cxxxv.
1333 3570 1415 3616 8⁷.
1447 3574 1462 3595 ‘
1490 3566 1601 3615 No·

541 3644 715 3693 bilitas
738 3657 913 3691 ornnes
950 3644 1166 3692 honores
1192 3658 1290 3691 non
1314 3659 1376 3691 ex
1396 3644 1604 3703 merito,

542 3720 633 3770 sed
677 3718 822 3784 quasi
862 3718 1084 3778 debitos,
1118 3733 1145 3764 a
1183 3718 1333 3766 nobis
1371 3717 1605 3781 repetit!

541 3797 717 3848 Nihilo
741 3798 907 3846 minus
934 3804 1124 3853 tamen,
1150 3794 1440 3857 periculoso
1460 3808 1602 3843 max-

537 3876 639 3925 ime
664 3882 916 3937 tempore,
942 3869 1215 3935 aliqnando
1254 3869 1415 3930 magis
1439 3871 1604 3920 virtu·

539 3954 625 4009 tis,
664 3965 816 4017 quam
851 3948 1155 4003 nobilitatis,
1196 3946 1371 3996 habita
1407 3953 1492 3995 est
1527 3962 1605 3996 ra·

542 4031 649 4091 tio;
700 4027 837 4094 quod
874 4040 965 4076 suo
1009 4025 1248 4087 exemplo
1296 4024 1606 4088 comprobat

548 4107 664 4157 Cic.
683 4105 735 4154 in
761 4104 938 4154 Pison.
960 4116 1005 4153 c.
1030 4104 1078 4150 1.
1110 4102 1126 4128 ⁸
1146 4099 1355 4150 Homini
1381 4100 1604 4163 populus

545 4181 611 4229 R.
644 4194 748 4229 non
772 4181 979 4242 generi3
1028 4177 1272 4238 moribus,
1304 4191 1405 4226 non
1445 4176 1606 4241 majo·

545 4254 686 4307 ribus
722 4256 886 4316 meis3
934 4254 1114 4307 virtuti
1155 4259 1469 4319 perspectae,
1501 4266 1607 4305 non

1731 581 1882 640 Ante,
1927 598 2069 646 quens
2108 583 2381 647 deberetur]
2432 585 2548 634 Etsi
2588 587 2729 636 omni

1666 656 1781 708 fere
1815 668 2050 723 utnpore
2092 662 2269 710 Rornae
2307 661 2583 725 nobilibus,
2618 676 2725 726 pr·

1669 736 1797 796 aliis,
1827 735 1997 785 aditus
2027 737 2243 800 patebat
2265 737 2331 786 ad
2360 738 2615 799 bonores;
2646 752 2728 787 or·

1666 811 1868 862 dinarie
1903 819 2076 862 tamen
2118 811 2253 866 baud
2292 821 2415 863 ante
2450 815 2529 864 eis
2550 815 2727 864 deberi

1667 888 1887 938 bonores
1911 889 2276 951 perhibebant,
2292 904 2445 954 qnam
2463 891 2731 940 candidati

1669 980 1829 1015 anuos
1849 965 2024 1016 aetatis
2045 967 2290 1017 comitiali
2318 968 2434 1029 lege
2458 969 2729 1032 prescrip·

1670 1048 1747 1091 tos
1770 1042 1993 1091 assecuti
2019 1049 2210 1104 essent,
2226 1048 2318 1092 aut
2342 1042 2539 1106 alioqui
2564 1058 2731 1093 meru·

1667 1119 1846 1167 issent.
1911 1116 1975 1166 Id
2001 1125 2224 1167 testatur
2251 1119 2437 1167 pacat.
2461 1119 2511 1167 in
2532 1119 2730 1184 Paneg.

1668 1209 1783 1258 cap.
1802 1199 1853 1243 7.
1885 1197 1900 1225 ⁸
1924 1196 2146 1244 Ductam
2171 1209 2283 1244 esse
2311 1195 2568 1246 rationem
2592 1195 2731 1259 ipso·

1668 1287 1780 1323 rum
1805 1273 1960 1322 etiam
1986 1273 2216 1326 fidemus
2240 1288 2517 1323 annornm.
2571 1276 2732 1338 Cujus

1667 1349 1872 1416 quidem
1890 1350 1964 1399 rei
1992 1358 2139 1400 tanta
2161 1348 2259 1400 tuit
2281 1365 2409 1400 curn
2427 1352 2730 1414 majoribus,

1670 1436 1729 1476 ut
1753 1440 1853 1475 non
1897 1427 2060 1476 solum
2096 1429 2147 1476 iu
2180 1428 2512 1491 amplissimis
2548 1429 2731 1490 magis·

1670 1505 1895 1554 tratibus
1915 1504 2277 1567 adipiscendis,
2299 1504 2391 1554 sed
2419 1506 2470 1554 in
2489 1506 2733 1568 praetnris

1670 1596 1895 1648 quoque,
1940 1591 2029 1631 aut
2070 1581 2411 1631 aedilitatibus
2434 1594 2732 1644 stapessen·

1669 1658 1770 1717 dis,
1795 1670 1921 1707 aetas
1943 1665 2183 1720 spectata
2207 1658 2275 1706 sit
2301 1658 2608 1720 petitorum,
2639 1670 2733 1706 nec

1670 1734 1938 1798 quisquam
1966 1742 2162 1783 tantum
2191 1734 2412 1784 valuerit
2445 1734 2736 1797 nobilitate,

1674 1812 1753 1859 vel
1780 1811 1967 1873 gratis,
1993 1812 2073 1858 vel
2095 1811 2333 1874 pecunia,
2354 1812 2442 1875 qui
2462 1825 2626 1861 annos
2648 1824 2730 1861 eo·

1673 1886 1851 1935 mitiali
1874 1887 1989 1950 lege
2014 1886 2348 1950 prescriptos
2366 1886 2629 1937 festinatis
2645 1887 2730 1937 lto·

1671 1962 1884 2011 notibus
1904 1962 2209 2024 occuparit.⁸
2270 1964 2561 2027 Singularis
2580 1965 2733 2027 igitur

1672 2038 1995 2100 indulgentia
2037 2038 2248 2101 Trajani
2293 2046 2427 2099 erat,
2463 2042 2606 2104 qnod
2651 2040 2731 2090 bie

1672 2113 1963 2163 candidatis
1986 2114 2266 2176 nobilibus,
2288 2116 2445 2164 etiarn
2482 2123 2610 2165 ante
2646 2130 2733 2165 an·

1671 2204 1762 2240 nos
1787 2190 2068 2254 legitimos,
2091 2196 2147 2240 et
2165 2199 2285 2240 ante
2303 2192 2611 2242 meritorum
2632 2207 2735 2243 ma·

1673 2267 1961 2324 turitatem,
1975 2269 2194 2317 honores
2211 2266 2447 2318 offerret.
2510 2267 2735 2319 Diceba-

1674 2351 1760 2392 tur
1783 2345 1874 2393 illa
1895 2346 1979 2393 lex
2005 2344 2021 2372 ‘
2044 2343 2240 2392 annalis
2267 2342 2283 2364 '
2301 2344 2412 2393 sive
2435 2347 2452 2372 ⁴
2470 2344 2686 2394 annaria
2702 2343 2735 2404 ς’

1673 2421 1740 2472 de
1775 2438 1876 2488 qus
1914 2423 1976 2472 P.
2005 2422 2292 2479 Manutius,
2316 2421 2508 2472 Anton.
2535 2421 2737 2486 Augus·

1677 2501 1833 2556 tinus,
1864 2506 1919 2549 et
1953 2501 2059 2549 alii.
2129 2501 2294 2549 Miror
2316 2514 2461 2562 ergo,
2498 2500 2737 2565 Lipsius}

1674 2577 1790 2627 haec
1823 2576 2048 2626 noluisse
2092 2577 2157 2625 ad
2194 2577 2407 2626 annales
2447 2577 2611 2641 leges,
2646 2584 2733 2626 aut

1676 2659 1908 2718 aetatem,
1933 2651 2145 2702 referre.
2183 2652 2334 2701 Idem.

1740 2733 1886 2791 Ante,
1908 2727 2071 2792 qaam]
2108 2729 2230 2778 Non
2247 2728 2312 2777 ad
2338 2729 2554 2779 annales
2578 2730 2737 2795 leges,

1675 2814 1763 2854 aut
1790 2812 1999 2854 aetatem
2025 2803 2213 2860 refero,
2235 2803 2327 2853 sed
2347 2805 2483 2869 quod
2501 2806 2555 2856 in
2579 2807 2738 2856 hono·

1676 2894 1782 2929 rem
1831 2881 1993 2930 solum
2038 2879 2325 2929 nobilitatis
2381 2894 2472 2930 eos
2515 2887 2737 2931 crearet.

1677 2957 1872 3005 Generi
1897 2970 2070 3007 eorum
2092 2956 2187 3004 boc
2210 2956 2320 3013 das,
2336 2957 2524 3020 inquit,
2543 2966 2600 3007 et
2622 2958 2741 3021 quia

1676 3035 1764 3082 tali
1783 3035 1946 3097 stirpe
1971 3032 2101 3093 uati,
2117 3047 2229 3096 quae
2247 3033 2433 3081 meruit
2451 3047 2469 3093 ς
2493 3034 2597 3084 etsi
2616 3047 2741 3089 non·

1677 3109 1798 3159 dum
1825 3109 1942 3172 ipsi.
1975 3107 2110 3171 Lips-

1743 3186 1891 3246 Aate‚
1915 3199 2054 3248 quam
2083 3182 2353 3246 deberetur]
2389 3183 2545 3234 Anno
2583 3175 2740 3249 trige-

1674 3262 1803 3311 simo
1848 3260 2074 3310 noudum
2116 3260 2348 3322 expleto.
2431 3261 2744 3326 Quanquam

1676 3345 1729 3387 et
1752 3336 1987 3386 consules
2011 3336 2061 3385 in
2078 3334 2363 3398 juventute
2381 3336 2569 3388 creati.
2602 3341 2618 3366 ‘
2638 3337 2745 3390 Au·

1677 3421 1852 3479 gustus
1889 3426 2024 3462 anuo
2060 3409 2342 3461 vicesimo?
2404 3412 2557 3462 Suet.
2587 3428 2639 3463 c.
2667 3418 2752 3463 26.

1676 3496 1691 3521 ‘
1718 3492 1955 3555 Nepotes
1994 3490 2235 3553 Augusti,
2271 3489 2428 3539 Caius
2465 3496 2520 3539 et
2554 3491 2746 3541 Lucius

1679 3570 1941 3634 principes
1964 3566 2256 3631 juventutis
2290 3580 2423 3615 anno
2447 3567 2670 3630 quincto
2693 3575 2748 3617 et

1678 3643 1915 3695 decimo.'
1964 3642 2139 3692 Tacit.
2164 3642 2356 3691 Annsl·
2378 3656 2418 3691 1.
2442 3647 2492 3692 3.
2517 3652 2578 3693 et
2600 3653 2749 3695 vetus

1677 3725 1841 3788 lapis:
1879 3734 2080 3772 estvm.
2100 3734 2219 3769 aa.
2242 3733 2557 3771 consuess-
2579 3737 2750 3773 caas-

1681 3813 1790 3850 vrr.
1817 3811 2017 3848 anuos.
2040 3809 2254 3847 unvu-
2272 3809 2426 3846 xntt.
2479 3798 2546 3847 In
2570 3800 2746 3863 lapide

1681 3875 1963 3937 Ancyrano
2014 3872 2280 3935 Augustus
2325 3874 2431 3924 ait:
2492 3886 2749 3927 nonnata

1679 3964 1800 4000 mat.
1818 3960 2038 3998 cavssA.
2054 3959 2095 3996 s.
2109 3960 2160 3997 r.
2176 3960 2234 4001 Q.
2250 3960 2302 3997 ιι.
2316 3961 2591 4001 ancoras.
2604 3966 2747 4002 arms

1678 4037 2750 4081 estvm-er.1.vctvu.suuvss.ortum!

1680 4117 1764 4154 ετ.
1776 4112 2064 4151 nncuuvu.
2076 4112 2343 4150 ausuras.
2354 4113 2642 4155 cousvm
2654 4092 2750 4154 mi.

1679 4192 1965 4231 staturu-
1980 4191 2066 4228 ντ.
2077 4191 2213 4228 svnt.
2224 4191 2657 4233 tractaturus.
2668 4196 2755 4233 tu-

1682 4270 1876 4310 tatur.
1901 4267 2053 4308 1⁵0ss-
2071 4267 2548 4312 Qvutovxttmvu.
2571 4272 2663 4310 ΒΧ·
2680 4273 2751 4312 20
