3060 4902
807 360 870 408 c.
919 358 1161 408 marm
1211 326 1546 409 s'ssourmx
1598 361 1874 411 Panno.
1951 363 2001 412 1.
2034 346 2144 414 73.

391 528 402 540 2
433 501 603 567 Tecta]
640 501 829 552 Corin.
861 501 997 565 Lips.

440 580 612 628 Tantis
643 578 946 642 clamoribus]
981 577 1128 628 Pone
1161 584 1437 630 sexcentos

368 669 467 705 una
506 655 827 704 clamantes:
875 662 933 704 et
980 652 1115 704 adde
1154 656 1436 717 actuarios,

367 739 421 783 et
443 729 754 787 laticlavios.
781 730 968 795 quibus
983 731 1072 795 jus
1106 732 1347 783 seniendi
1381 733 1434 784 in

370 813 627 858 senatum.
663 806 816 856 Idem.

432 885 555 941 Quis
584 884 722 947 tanc]
763 884 1027 942 Elsevirii‚
1063 886 1157 937 Th.
1197 886 1428 946 Hearne‚

364 967 423 1012 et
456 961 611 1025 pauci
652 961 742 1012 alii
773 962 1139 1018 recentiorum,
1169 977 1265 1027 pro
1305 969 1434 1029 tunc,

364 1037 580 1088 edidere
615 1051 756 1087 nanc.
827 1038 1019 1088 Verum
1056 1044 1168 1089 tanc
1201 1042 1431 1104 plurima

364 1124 659 1165 ceterarum
732 1115 1041 1180 editionum,
1118 1118 1432 1183 plurimique

364 1190 606 1241 codicum
649 1191 779 1242 Mas.
833 1191 955 1242 hnic
1009 1193 1124 1243 ioco
1179 1203 1434 1246 asserunt.

363 1266 478 1316 Has
513 1281 638 1317 vero
673 1267 957 1330 particulas
986 1269 1144 1318 etiam
1180 1270 1298 1320 alibi
1328 1287 1430 1322 non

364 1358 485 1394 raro
521 1343 661 1395 inter
681 1359 740 1395 se
776 1343 1046 1409 confundi,
1069 1347 1181 1410 jam
1204 1350 1432 1401 animad-

362 1420 526 1470 vertit
571 1421 895 1470 Burmannus
936 1421 1002 1471 ad
1048 1423 1304 1474 Quinctil.
1343 1427 1433 1477 ln·

362 1497 471 1547 stit.
495 1496 647 1547 Orat.
671 1513 723 1561 p.
747 1501 865 1548 492.
900 1499 1150 1549 Scissum-z.

432 1573 707 1623 Exsilus‘sse
741 1574 918 1639 sensit]
966 1575 1150 1625 Codex
1194 1577 1430 1630 Venetus

362 1654 412 1698 1.
439 1649 517 1699 hia
539 1650 723 1701 inserit
741 1664 1024 1711 pronomen
1037 1668 1120 1703 se.-
1156 1654 1282 1710 Quis
1302 1658 1433 1707 exsi-

361 1725 506 1777 luisse
526 1741 577 1777 ss
598 1727 779 1777 sensit?
812 1728 883 1777 Et
908 1729 1103 1789 nescio,
1126 1746 1189 1780 an
1210 1731 1309 1782 huc
1334 1734 1430 1783 eti·

361 1817 443 1852 am
469 1801 746 1853 referenda
773 1804 1034 1868 scriptura
1059 1808 1255 1858 codicis
1280 1811 1430 1861 Pari·

362 1879 570 1942 aiensis,
591 1881 783 1930 Veneti
806 1886 856 1930 2.
881 1890 931 1930 et
951 1884 1068 1940 mei,
1090 1885 1213 1941 Quis
1232 1888 1432 1938 exsilais

359 1971 412 2006 se
432 1954 621 2008 sensit?
668 1956 852 2019 Putes,
875 1957 952 2007 sic
981 1960 1136 2009 etiam
1164 1962 1213 2010 in
1240 1965 1428 2015 ceteris

360 2033 505 2083 libris
530 2033 791 2096 impressis
813 2035 1128 2100 scriptisque
1147 2052 1429 2101 pronomen

359 2125 409 2160 se
449 2110 677 2173 exprimi
720 2109 986 2170 debuisse,
1022 2127 1140 2161 cum
1184 2128 1286 2163 non
1339 2115 1430 2165 de-

361 2188 466 2236 sint
501 2187 762 2250 exempla,
798 2187 884 2236 ubi
922 2186 1205 2239 infinitivus
1247 2191 1432 2242 modus

361 2261 590 2327 perfecti
627 2262 895 2325 temporis,
921 2264 971 2312 iu
1005 2279 1080 2313 -se
1102 2266 1302 2329 exiens,
1333 2284 1429 2331 per

358 2337 725 2402 compendium
773 2339 1034 2390 scribendi
1090 2342 1239 2393 simul
1297 2346 1425 2395 illud

358 2416 529 2481 ipsum
565 2430 853 2480 pronomen
889 2417 1197 2483 designarit.
1268 2420 1425 2473 Haud

358 2501 531 2544 samen
577 2507 791 2543 neeesse
837 2495 1101 2558 existimo,
1143 2507 1201 2548 nt
1236 2499 1427 2564 ubique

323 2611 338 2620 .
357 2571 432 2621 sic
455 2572 815 2635 exprimatur;
848 2587 965 2622 enm
990 2582 1214 2632 constet,
1238 2576 1289 2626 in
1313 2592 1427 2626 ora·

359 2650 504 2698 tione
547 2648 755 2713 obliqua
797 2650 1119 2700 accusativos
1165 2653 1427 2715 pronomi-

357 2738 502 2782 num,
540 2740 613 2788 se,
647 2740 738 2786 me,
772 2729 840 2788 te,
874 2726 1026 2782 illum,
1060 2742 1161 2787 nos,
1193 2743 1292 2790 vos,
1326 2727 1428 2779 fre·

355 2811 584 2865 quenter
607 2802 777 2851 omitti
803 2803 999 2862 solere;
1023 2803 1311 2866 eujusmodi
1336 2820 1426 2855 ex·

357 2878 531 2941 empla
555 2878 825 2926 annotavit
850 2879 1054 2928 Cottius
1081 2880 1145 2929 ad
1182 2881 1321 2931 Plin.
1358 2881 1429 2931 E-

358 2953 484 3017 pist.
525 2967 607 3003 11.
660 2958 738 3003 13.
784 2958 863 3004 16.
912 2955 975 3004 ad
1017 2957 1228 3006 Sallust.
1275 2958 1427 3008 Catil.

367 3042 533 3080 xxxi.
567 3034 616 3078 7.
649 3037 703 3080 et
734 3030 797 3080 ad
834 3030 946 3081 Cic.
981 3032 1125 3081 Fam.
1163 3047 1224 3082 ιι.
1260 3038 1340 3082 18.
1375 3040 1426 3085 Δ.

360 3106 533 3156 Etiam
563 3106 794 3157 Gronov.
838 3107 1065 3159 observ·
1103 3123 1166 3159 ιι.
1199 3115 1248 3160 7.
1287 3127 1424 3175 quae-

361 3182 480 3232 dam
508 3183 744 3244 exempla
772 3184 1095 3247 suppeditat,
1131 3186 1214 3235 ubi
1243 3201 1427 3248 prono·

362 3272 482 3307 men
509 3273 559 3308 ss
581 3259 1012 3310 subaudiendum.
1082 3264 1255 3315 Quid?
1289 3262 1425 3327 qnod

361 3332 586 3384 fortasse
630 3333 715 3383 hic
759 3335 917 3384 etiam
957 3336 1227 3388 subaudiri
1262 3339 1427 3402 possit

356 3427 496 3470 esum
530 3412 678 3476 quasi
709 3412 905 3462 dictum
932 3414 1022 3475 sit,
1056 3416 1181 3472 Quis
1211 3432 1316 3466 eum
1342 3433 1427 3467 ex-

356 3488 547 3538 siluisse
596 3489 779 3538 sensit?
843 3490 1051 3540 Etenim
1108 3508 1214 3555 prae
1270 3493 1427 3543 nimio

358 3564 551 3627 gaudio
575 3579 725 3615 nemo
743 3565 1032 3616 advertisse
1052 3569 1281 3632 videtur,
1302 3570 1425 3632 qnid

359 3639 472 3703 ipse
496 3639 715 3700 fecerit;
752 3641 874 3706 qnid
898 3640 1125 3694 fecerint
1146 3647 1252 3694 alii.
1302 3647 1426 3698 Huc

362 3717 628 3780 pertinent.
675 3718 763 3767 illa
798 3719 1100 3769 Mamertini
1141 3722 1317 3783 verba,
1359 3724 1424 3774 ad

355 3794 555 3845 initium
595 3795 742 3858 liujus
777 3796 969 3858 capitis
1015 3799 1200 3860 citata,
1238 3801 1424 3864 quibus

357 3870 444 3920 ille
467 3870 602 3920 hunc
625 3869 783 3919 Plinii
804 3871 973 3920 locum
994 3875 1265 3924 aemulatus
1285 3874 1425 3926 vide·

355 3954 480 3996 tnr=
516 3947 531 3975 ‘
559 3945 660 3996 Illa
673 3946 906 4009 jactatio
932 3955 1188 4013 togarum,
1222 3952 1310 4003 illa
1333 3967 1425 4002 ex·

355 4021 547 4072 nitatio
569 4036 863 4085 corporum,
886 4025 1237 4075 nescientibus
1273 4042 1423 4091 paene

353 4097 666 4158 homiuibus,
701 4098 1072 4148 excitabatur.’
1141 4102 1227 4151 De
1267 4103 1424 4153 verbo

353 4173 605 4224 exsiluisse
634 4174 745 4236 jam
779 4188 958 4236 supra,
982 4173 1046 4224 ad
1073 4189 1221 4228 nxvt·
1249 4182 1294 4230 1.
1319 4194 1423 4231 non

356 4249 481 4301 nihil
508 4249 772 4300 annotavi·
807 4248 958 4302 Idem·

2450 350 2582 418 9:39

1578 502 1819 554 Instinctu
1839 504 2063 568 quodam]
2087 503 2150 556 In
2167 503 2432 557 codicibus
2449 506 2581 560 Mss.

1512 577 1768 629 Vaticano
1810 584 1961 631 8⁴61.
1998 581 2203 631 Veneto
2234 585 2285 631 2.
2325 589 2379 633 et
2417 582 2580 636 Guel-

1514 654 1694 716 plierb.
1716 669 1811 716 pro
1833 658 2033 720 quodam
2066 658 2318 721 scriptum
2344 666 2426 710 est
2448 676 2581 723 qna·

1511 731 1640 791 dam,
1684 731 1828 793 quasi
1875 733 2046 795 legere
2077 732 2379 792 debeamus.
2416 737 2581 787 Multa

1498 803 1708 865 serimus
1730 814 1893 869 sponte
1906 823 1927 867 ,·
1954 809 2102 872 plura
2123 810 2375 861 instinctu
2396 827 2413 872 ς
2435 829 2580 877 ψιε-

1510 878 1631 930 dam
1671 890 1723 932 et
1749 883 1987 947 imperio.
2047 884 2151 935 Sed
2179 885 2304 935 nihil
2329 888 2578 940 innovan-

1509 957 1630 1007 dnm
1654 958 1810 1008 estin
1837 960 2066 1010 lectione
2103 961 2333 1026 vulgata.
2396 963 2578 1025 Sponte

1509 1032 1702 1096 aliquid
1744 1032 1919 1085 facere
1965 1035 2235 1095 dicuntur,
2279 1039 2366 1102 qui
2410 1040 2577 1092 libera

1510 1108 1781 1159 voluntate
1819 1119 1876 1159 et
1918 1112 2143 1162 scientes
2187 1113 2576 1180 prudentesque

1508 1194 1688 1247 agunt.
1756 1186 1847 1236 Sic
1890 1189 2058 1238 Varro
2101 1187 2167 1239 de
2209 1190 2271 1239 Ι..
2318 1191 2380 1240 1..
2428 1205 2481 1245 V.
2523 1198 2576 1245 7.

1506 1262 1522 1288 ‘
1543 1261 1807 1326 Spondeo,
1841 1278 1873 1312 a
1906 1272 2134 1328 sponte;
2167 1280 2284 1315 nam
2326 1267 2376 1316 id
2416 1270 2575 1333 valet,

1508 1336 1815 1391 voluntate-⁹
1883 1337 1968 1389 Ab
1997 1339 2074 1389 his
2097 1339 2288 1391 diversi
2326 1350 2466 1406 snut,
2487 1347 2576 1410 qui

1507 1427 1650 1462 ceco
1684 1421 1888 1463 naturae
1923 1430 2054 1478 suae,
2075 1418 2160 1467 vei
2193 1427 2412 1468 externo
2447 1422 2575 1471 alio·

1508 1503 1617 1538 rum
1641 1490 1898 1542 bominum
1923 1492 2192 1555 instinctu,
2225 1494 2336 1544 aive
2360 1496 2574 1560 instiga-

1509 1565 1672 1628 tione,
1710 1574 1803 1617 aut
1831 1569 1977 1632 quasi
2014 1569 2062 1618 vi
2096 1576 2149 1620 et
2175 1570 2392 1635 imperio
2418 1570 2574 1623 affec·

1508 1649 1653 1692 tuum
1691 1658 1916 1703 suorum,
1955 1646 2141 1710 quibus
2173 1662 2274 1697 non
2298 1647 2453 1700 facile
2492 1663 2575 1701 re-

1506 1719 1618 1769 sisti
1641 1727 1833 1784 potest,
1856 1732 2034 1786 agunt.
2075 1725 2386 1788 Hujusmodi
2408 1742 2574 1792 oppo-

1505 1798 1605 1847 sita
1629 1800 1862 1862 legimus,
1878 1816 1926 1850 v.
1944 1816 1996 1866 g.
2021 1802 2157 1864 apud
2175 1803 2388 1854 Terent.
2404 1805 2575 1856 Andr.

1506 1888 1584 1924 ιν.
1608 1879 1658 1925 2.
1679 1879 1729 1924 9.
1759 1877 1774 1905 ‘
1802 1874 1935 1940 Age,
1971 1879 2015 1928 si
2046 1879 2129 1928 hic
2152 1894 2253 1929 non
2277 1881 2469 1931 insanit
2491 1897 2575 1933 sa·

1505 1951 1573 2001 tis
1608 1967 1699 2002 sua
1732 1962 1937 2017 sponte,
1970 1955 2199 2019 instiga?
2269 1957 2495 2023 Adelph.
2531 1974 2572 2011 ι.

1506 2033 1553 2077 1.
1574 2034 1656 2079 49.
1691 2036 1706 2058 ‘
1733 2030 1850 2081 Hoc
1876 2033 2105 2096 patrium
2123 2042 2204 2084 est
2227 2036 2422 2100 potius,
2445 2051 2571 2086 con·

1505 2106 1775 2163 suefacen,
1820 2108 2002 2171 filium,
2044 2124 2138 2160 aua
2181 2122 2371 2175 sponte
2426 2119 2571 2162 recte

1505 2181 1703 2242 facere,
1758 2199 1910 2248 quam
1969 2186 2140 2235 alieno
2189 2186 2367 2237 metu.’
2432 2187 2571 2239 Item

1505 2257 1644 2322 apud
1670 2259 1784 2308 Cic.
1807 2258 1874 2310 de
1894 2260 2017 2311 Nat.
2039 2262 2203 2311 Deor.
2224 2277 2287 2313 11.
2313 2266 2393 2312 12.
2414 2264 2428 2292 ⁸
2448 2264 2572 2313 Pla·

1505 2336 1612 2385 toni
1645 2337 1838 2398 piacet,
1868 2336 1996 2386 duos
2033 2352 2147 2387 esse
2178 2345 2377 2401 motus;
2413 2354 2571 2391 unum

1503 2427 1668 2468 snum,
1690 2414 1912 2464 alterum
1929 2423 2203 2478 externum
2225 2431 2238 2465 ι
2264 2429 2374 2466 esse
2394 2427 2570 2469 autem

1502 2489 1745 2547 divinius,
1767 2491 1903 2553 quod
1929 2491 2095 2555 ipsum
2113 2507 2180 2543 ex
2199 2508 2255 2543 se
2278 2508 2368 2543 sua
2383 2506 2572 2558 sponte

1503 2574 1795 2622 moveatur.
1816 2580 1964 2631 quam
1988 2567 2126 2632 quod
2156 2570 2305 2632 pulsu
2341 2570 2573 2633 agitetur

1504 2639 1711 2690 alieno!
1778 2642 1868 2693 Sic
1912 2657 2037 2693 vero
2075 2645 2235 2695 etiam
2272 2646 2571 2709 cupiditati,

1502 2718 1712 2781 gaudio,
1730 2719 1949 2783 aliisque
1970 2718 2265 2788 affectibus,
2289 2722 2571 2773 dominium

1502 2801 1559 2844 et
1607 2795 1901 2859 imperinm,
1941 2811 2004 2848 ac
2057 2801 2295 2862 quaedam
2352 2801 2570 2865 cogendi

1504 2871 1597 2929 vis,
1618 2874 1893 2938 aliqnando
1920 2873 2077 2925 tribui
2111 2878 2265 2926 solet.
2333 2878 2443 2927 Cic.
2469 2878 2571 2928 Pa·

1501 2947 1682 2997 radox.
1706 2963 1756 2999 v.
1780 2950 1797 2979 ⁸
1823 2950 1923 2999 Illa
1939 2950 2203 3015 cupiditas
2228 2953 2456 3015 lionoris,
2480 2953 2573 3003 im·

1504 3026 1659 3087 perii,
1696 3024 2098 3089 provinciarum,
2134 3043 2285 3091 quam
2326 3029 2455 3079 dura
2491 3038 2571 3081 est

1501 3101 1741 3151 domina!
1780 3116 1933 3166 quam
1959 3103 2269 3167 imperiosa!
2306 3121 2457 3169 quam
2484 3122 2570 3157 ve·

1501 3178 1740 3227 hemena!
1786 3179 2023 3242 Cethego
2043 3210 2059 3229 .
2086 3213 2102 3229 .
2130 3215 2144 3229 .
2168 3182 2364 3233 servire
2395 3182 2571 3247 coegit

1501 3269 1612 3316 eos,
1635 3256 1723 3318 qui
1750 3255 1848 3305 sibi
1867 3270 1979 3306 esse
2005 3257 2305 3320 amplissimi
2325 3260 2572 3312 videban-

1503 3332 1625 3382 tur.’
1692 3334 1962 3384 Ennodins
1987 3334 2159 3399 Epist.
2186 3350 2240 3386 v.
2265 3340 2346 3387 16.
2381 3345 2396 3370 ‘
2418 3338 2571 3402 Mag·

1502 3424 1568 3459 na
1598 3417 1720 3460 sunt
1757 3407 2061 3472 gaudiorum
2088 3412 2342 3476 imperia:
2380 3430 2569 3480 expers

1500 3495 1581 3537 est
1608 3487 1943 3537 continentiae
1961 3487 2213 3552 hilaritas,
2237 3502 2288 3541 et
2311 3494 2362 3542 in
2391 3507 2568 3545 vocem

1500 3564 1660 3627 gestit
1686 3564 1997 3628 erumpere)
2029 3566 2185 3616 Idem.

1568 3641 1814 3690 Instincti:
1848 3642 2072 3705 quodam]
2109 3644 2245 3693 Nam
2281 3645 2482 3695 animus
2517 3646 2568 3695 in

1501 3716 1692 3781 gaudio
1738 3718 1960 3769 emicans
2003 3728 2059 3769 et
2101 3720 2415 3782 subsultans,
2457 3736 2571 3771 cor·

1500 3807 1598 3857 pns
1624 3792 1858 3856 ignarum
1882 3800 1938 3843 et
1958 3809 2112 3858 paeue
2135 3796 2350 3845 invitum
2374 3810 2439 3845 eo
2475 3795 2570 3845 du·

1499 3872 1591 3921 cit·
1624 3870 1759 3934 Lips.

1566 3948 1716 4008 Nam,
1755 3951 1933 4011 quanto
1987 3947 2168 4012 magis]
2227 3947 2341 3996 Non
2393 3954 2570 4011 quanto

1498 4024 1656 4084 magis
1678 4024 1744 4071 V.
1780 4022 1947 4072 Livia.

1567 4100 1700 4147 Nom
1732 4103 1912 4161 quanto
1942 4094 2125 4158 magis]
2162 4095 2225 4146 1n
2259 4096 2458 4149 duobus
2481 4116 2568 4153 co·

1497 4174 1703 4224 dicibus
1734 4173 1969 4229 Venetis,
1992 4173 2114 4222 item
2154 4172 2451 4237 Pari-iensi,
2473 4178 2570 4227 8..

1498 4249 1832 4314 lisburgensi,
1850 4262 1988 4313 meo,
2004 4254 2058 4298 et
2074 4248 2126 4298 in
2142 4248 2271 4300 libro
2292 4250 2569 4316 Vomano,
