3060 4902
519 370 651 436 902

521 531 689 581 culam
724 543 854 588 non,-
886 530 1033 594 quasi
1061 529 1251 579 dixerit
1277 531 1496 593 Plinius,
1530 532 1588 582 Si

522 606 738 672 privatis
769 605 1174 669 domesticisque
1208 608 1397 655 nostris
1433 607 1500 656 de
1535 614 1590 657 te

519 684 840 734 sermonibus
876 683 1176 745 interesses,
1201 683 1254 732 in
1289 698 1478 749 eosque
1512 685 1589 735 iu-

518 762 751 825 quireres
772 775 787 819 ;
821 760 1004 822 scires,
1030 767 1153 809 tunc
1173 775 1200 808 a
1221 760 1370 810 nobis
1393 762 1589 825 optima

518 836 827 900 qua-queffle
854 843 906 884 te
931 835 1051 896 dici,
1073 842 1125 884 et
1154 835 1249 884 tibi
1283 837 1473 899 optari,
1496 836 1586 887 ad·

515 927 680 977 eoque
725 911 1036 961 mollissimis
1082 920 1138 961 et
1191 911 1587 962 modestissimis

517 988 724 1038 auribus
748 990 865 1052 tuis,
886 1002 1000 1053 quas
1026 988 1260 1051 publicas
1284 988 1462 1039 laudes
1479 988 1585 1039 fer·

517 1079 574 1113 re
599 1080 699 1114 non
726 1072 961 1128 possunt,
985 1064 1089 1112 illic
1115 1079 1214 1113 non
1237 1066 1402 1128 parci.
1470 1067 1585 1116 Nec

515 1156 597 1191 res
621 1142 869 1191 inusitata
895 1148 948 1189 et
972 1154 1102 1189 nova
1136 1148 1233 1196 est.
1260 1140 1311 1189 in
1347 1141 1461 1190 aliis
1486 1142 1583 1191 eti-

517 1234 597 1267 am
638 1216 975 1280 scriptoribus
1011 1216 1234 1281 antiquis
1276 1217 1580 1278 particulam

512 1294 737 1358 negandi
760 1293 999 1341 omissam
1030 1291 1316 1341 identidem
1351 1294 1580 1343 animad-

514 1371 677 1431 νει-ῆς
715 1384 829 1418 cum
864 1367 1155 1432 buJusmodi
1186 1369 1427 1432 exempla
1464 1385 1581 1434 per-

513 1450 675 1497 multa
701 1446 781 1495 vel
807 1447 859 1494 in
880 1446 1002 1494 solis
1022 1444 1462 1510 Pandectisjuris
1488 1447 1580 1496 ob-

508 1526 734 1574 servarit
774 1524 1032 1579 Iaucliius,
1058 1524 1107 1571 in
1149 1522 1579 1574 Meditationibus

512 1603 721 1652 Criticis
767 1602 832 1650 de
869 1600 1248 1662 Negationibus
1291 1600 1579 1652 Pandectis

510 1679 826 1728 Florentinis
880 1679 1068 1741 partim
1121 1686 1262 1727 recte
1309 1669 1391 1727 vel
1441 1681 1578 1730 male

503 1755 614 1818 jam
659 1754 896 1818 adjectiS,
932 1762 1024 1803 ant
1071 1753 1344 1812 detractis,
1388 1757 1577 1818 partim

508 1833 789 1880 etiamnum
826 1830 1153 1895 adjiciendis.
1188 1838 1278 1880 aut
1316 1833 1577 1890 tollendis,

508 1918 596 1958 aut
623 1908 1013 1957 transferendis.
1081 1908 1183 1956 Sed
1209 1908 1328 1955 mihi
1357 1909 1497 1959 venit
1521 1912 1574 1959 in

507 1993 752 2048 mentem,
783 1999 948 2032 annon
975 1985 1186 2046 vulgata
1222 1984 1381 2033 lectio
1415 1985 1575 2036 nihilo

504 2063 669 2112 minus
706 2062 868 2125 possit
902 2062 1135 2125 tolerari,
1159 2060 1201 2110 si
1236 2060 1312 2109 sic
1344 2063 1573 2125 explice-

507 2146 624 2188 tur:
662 2137 854 2197 Scires,
887 2136 939 2186 in
974 2137 1087 2186 istis
1128 2137 1342 2200 privatis
1384 2139 1573 2188 nostris

506 2215 573 2264 de
607 2223 659 2264 te
694 2215 1011 2265 sermonibus
1036 2216 1272 2279 votisque
1309 2215 1430 2264 nihil
1466 2231 1572 2265 rna·

505 2292 819 2352 tedicentiae,
843 2293 967 2343 nibil
1006 2292 1350 2356 querelarum,
1377 2289 1571 2350 afferri,

503 2370 689 2434 quibus
747 2384 895 2419 aures
953 2376 1056 2418 tuae
1112 2366 1300 2416 offendi
1349 2369 1567 2431 possint.

507 2445 799 2496 ‘Parcere'
836 2445 971 2495 enim
1012 2444 1288 2494 ‘auribus'
1328 2444 1568 2504 dicimur,

505 2524 755 2586 siquando
799 2536 1034 2569 veremur
1073 2537 1162 2570 eas
1201 2537 1280 2569 res
1318 2523 1570 2586 proferre,

502 2614 618 2663 quae
662 2612 848 2662 graves
887 2596 1221 2660 molestaeque
1261 2598 1567 2650 acciderent

499 2675 748 2733 audienti,
773 2680 860 2723 ant
883 2672 1065 2736 quibus
1090 2687 1238 2722 aures
1273 2673 1384 2737 ejus
1409 2674 1568 2725 offen-

501 2750 786 2808 det·entur;
823 2749 1077 2809 breviter,
1101 2764 1227 2813 quas
1254 2750 1446 2800 invitus
1477 2769 1565 2802 au-

501 2826 654 2874 diret.
691 2825 939 2876 Quinctil.
956 2824 1195 2873 Declam.
1213 2838 1338 2873 vut-
1353 2828 1563 2877 4.‘Par-

498 2902 662 2951 cimus
690 2902 895 2950 auribus
915 2900 1126 2950 matris.’
1165 2901 1310 2950 Idem
1332 2906 1566 2955 Declam.

503 2994 623 3030 xix.
643 2984 690 3029 3.
716 2980 867 3032 ‘Jam
903 2979 1027 3028 meis
1050 2979 1258 3029 auribus
1277 2995 1425 3031 nemo
1448 2998 1565 3047 par-

500 3059 695 3108 cebat!
760 3059 858 3108 Sed
886 3073 981 3108 nec
1013 3059 1124 3108 baec
1156 3059 1276 3108 milti
1308 3060 1565 3113 satisfacit

498 3134 902 3198 interpretatio;
950 3143 1229 3198 propterea
1270 3137 1406 3199 qnod
1450 3139 1561 3187 nul·

502 3211 596 3259 lius
625 3213 1026 3271 maledicentiae,
1050 3212 1409 3276 nullarumque
1434 3229 1560 3278 que-

501 3288 724 3337 relarum
778 3291 991 3347 mentio,
1026 3288 1107 3337 vel
1150 3291 1438 3351 antecedit,
1477 3293 1560 3341 vel

497 3366 863 3430 subsequitur;
900 3367 1080 3415 adlraec
1116 3381 1210 3415 nec
1246 3375 1371 3417 tunc
1406 3383 1560 3419 aures

496 3442 706 3504 Trajani
760 3443 885 3490 satis
940 3442 1207 3491 commode
1259 3444 1559 3494 dicerentur

495 3519 827 3566 mollissimas.
888 3518 975 3567 Sic
1012 3531 1105 3566 nec
1130 3517 1406 3582 quidquam
1440 3536 1559 3583 pro·

492 3591 652 3642 ficere
687 3591 916 3650 videbor,
951 3593 993 3640 si
1029 3592 1130 3641 ista
1163 3593 1319 3643 verba
1352 3610 1454 3644 non
1490 3597 1557 3646 ad

493 3683 645 3719 aures
685 3669 914 3730 Trajani,
951 3667 1042 3717 sed
1079 3669 1145 3717 ad
1186 3684 1336 3719 aures
1376 3674 1557 3736 conJu.

494 3761 635 3810 gum,
658 3746 953 3806 liberorum,
976 3752 1029 3793 et
1054 3745 1287 3794 Deorum
1310 3746 1556 3799 domesti-

491 3821 905 3885 corum,referre
932 3821 1103 3870 velim.
1150 3820 1359 3886 Anceps
1378 3825 1555 3890 itaque

492 3902 661 3951 baereo
686 3902 735 3949 in
760 3899 855 3948 hoc
880 3900 1008 3954 loco,
1030 3907 1086 3948 et
1121 3914 1261 3964 aegre
1282 3899 1417 3964 fero,
1442 3906 1553 3954 nul.

491 3978 598 4026 lum
624 3980 779 4026 etiam
806 3975 1037 4025 codicem
1057 3977 1160 4027 Ms.
1184 3977 1349 4042 majus
1383 3981 1555 4032 lumen

489 4053 569 4101 bis
595 4054 767 4103 verbis
805 4050 1021 4111 afferre5
1054 4054 1153 4102 nisi
1189 4063 1359 4119 putes,
1381 4056 1431 4105 in
1463 4058 1553 4108 tri·

489 4129 588 4179 bus
615 4130 883 4178 Vaticanis
917 4129 1202 4193 codicibus,
1237 4136 1385 4182 8461.
1411 4136 1556 4185 1⁷⁷5.

491 4213 549 4256 et
571 4210 716 4256 1776.
751 4206 840 4255 ubi
875 4220 969 4269 pro
1004 4206 1165 4255 verbo
1195 4208 1357 4275 scires,
1391 4212 1553 4273 parti·

490 4284 608 4335 cula
649 4285 694 4337 si
733 4283 932 4348 scripta
973 4292 1073 4349 est,
1118 4286 1278 4337 tacite
1330 4286 1551 4343 indicari

1218 386 1434 435 1⁴0?AE
1484 387 1892 440 vantonust
1943 391 2025 440 IN

1662 532 1916 599 quendam
1958 536 2113 600 hujus
2159 536 2262 587 loci
2304 536 2596 592 defectum.
2660 542 2724 593 Iu

1664 610 1966 673 quibusdam
2004 626 2128 662 vero
2158 612 2303 663 libris
2340 616 2479 679 quod
2512 632 2609 681 pro
2632 620 2729 683 illis

1662 686 1765 749 legi
1788 686 1914 745 istis,
1937 688 2065 738 nihil
2098 690 2162 738 ad
2198 704 2308 740 rem
2344 689 2515 754 facit3
2549 709 2721 758 quarn·

1661 764 1737 811 vis
1776 778 1874 826 ego
1915 780 2009 829 pro
2052 766 2153 816 iuis
2184 768 2357 817 malim
2394 771 2573 834 legere
2605 772 2720 824 illic.

1662 837 1878 889 Interim
1924 841 2049 891 mihi
2090 857 2228 893 nunc
2266 846 2395 894 satis
2432 855 2536 904 est,
2574 863 2722 911 posse

1662 916 1790 964 alios
1833 916 2056 968 fortasse
2106 920 2173 969 ad
2228 920 2510 971 feliciorem
2568 925 2720 988 hujus

1660 992 1761 1041 loci
1786 994 2188 1056 explicationem
2216 999 2457 1049 excitari.
2500 1000 2721 1052 Schwar-

1656 1083 1775 1118 zius.

1728 1145 1869 1201 Quod
1888 1145 1979 1211 ibi]
2016 1148 2170 1199 Domi
2193 1155 2247 1199 et
2271 1150 2324 1200 in
2346 1161 2571 1203 secreto.
2606 1155 2719 1220 Lip-

1656 1236 1776 1271 stus.

1720 1298 2150 1363 Intemperantius]
2203 1301 2497 1368 Utrumque
2541 1305 2616 1355 ibi
2660 1307 2716 1357 lib

1657 1371 1782 1424 bere
1810 1382 1865 1425 et
1899 1374 2081 1438 effuse,
2103 1385 2156 1426 et
2189 1392 2351 1433 amor.
2376 1391 2433 1429 et
2465 1380 2639 1432 odium
2663 1398 2717 1434 se

1655 1447 1828 1511 prodit
1853 1456 2010 1514 atque
2035 1453 2279 1515 erumpit.
2317 1454 2468 1505 Idem.

1725 1526 1823 1575 Ubi
1845 1528 2066 1592 liberius]
2097 1529 2195 1579 Ubi
2209 1530 2452 1581 liberalius
2473 1533 2640 1584 Lirin.
2665 1536 2716 1585 in

1655 1611 1838 1663 textn3
1874 1604 1964 1654 sed
1990 1606 2039 1653 in
2065 1605 2316 1670 margine,
2337 1609 2419 1658 ubi
2439 1609 2637 1661 liberius
2654 1614 2714 1663 C.

1652 1677 1722 1728 G.
1749 1679 1929 1741 probe.
1967 1681 2203 1731 Rittersls.

1724 1755 1818 1803 Ubi
1851 1756 2045 1806 liberius
2076 1760 2223 1808 malos
2254 1759 2459 1826 odimus]
2502 1763 2542 1815 Ι.
2567 1778 2616 1813 e.
2638 1765 2715 1816 uti

1655 1832 1890 1894 privatim
1916 1841 1972 1882 et
1993 1834 2135 1884 domi
2168 1850 2288 1885 cum
2320 1839 2631 1902 conjugibus
2660 1848 2715 1891 et

1650 1908 1830 1956 liberis
1854 1911 2065 1974 nostris,
2087 1912 2211 1960 item
2237 1918 2293 1961 et
2314 1913 2451 1975 apud
2477 1924 2713 1978 penates.

1650 1986 1863 2035 liberius
1892 1987 2245 2053 audaciusque
2278 1990 2453 2040 odium
2480 2002 2711 2044 nostrum

1650 2059 1898 2111 adversus
1919 2063 2185 2127 principes
2202 2066 2362 2115 malos
2379 2064 2714 2133 effurantur-1³5

1647 2137 1726 2184 ita
1759 2137 1954 2188 ibidem
1991 2141 2179 2189 amoris
2203 2156 2407 2208 quoqne
2440 2147 2607 2195 nostri
2642 2146 2717 2196 af-

1647 2212 1845 2264 fectum
1886 2231 2008 2278 erga
2041 2218 2305 2284 principes
2341 2221 2502 2272 bonos
2539 2224 2715 2274 lauda·

1648 2290 1874 2342 tionibus
1927 2302 2085 2359 atque
2142 2298 2530 2360 precationibus
2568 2303 2713 2367 quasi

1647 2368 2035 2421 immoderatius
2086 2374 2366 2436 exerimus,
2411 2376 2711 2441 impensius·

1645 2460 1745 2510 qne
1777 2447 2209 2500 demonstramus.
2275 2450 2383 2502 Pro
2424 2468 2555 2504 voce
2598 2456 2712 2506 libe-

1643 2522 1763 2578 rius,
1785 2539 1886 2573 non
1920 2528 2085 2577 solum
2117 2527 2377 2579 editiones
2409 2532 2545 2581 band
2585 2548 2713 2598 pau-

1644 2613 1739 2663 ca,
1760 2601 1849 2649 sed
1875 2603 1975 2666 ipsi
1999 2604 2157 2654 etiam
2181 2605 2389 2657 codices
2411 2610 2546 2661 Mas.
2568 2613 2711 2662 exbi-

1646 2675 1770 2726 bent
1791 2679 2049 2729 liberalius.
2117 2683 2328 2746 Fateor,
2350 2700 2431 2735 me
2462 2701 2493 2735 a
2523 2687 2709 2740 suffra·

1643 2754 1728 2815 gio
1745 2755 1981 2805 codicum
2002 2758 2127 2808 Mss.
2144 2762 2415 2823 aegerrime
2431 2764 2709 2827 recedere3

1643 2830 1686 2878 si
1711 2837 1883 2882 tamen
1909 2848 2012 2883 rem
2037 2838 2271 2886 exactius
2296 2840 2587 2897 considero,
2600 2856 2706 2891 ma·

1643 2908 1722 2968 gis
1756 2909 1855 2959 buc
1878 2911 2100 2975 quadrat
2122 2912 2333 2972 liberius,
2352 2930 2506 2980 quam
2533 2918 2707 2969 libera·

1640 2985 1748 3033 lius.
1820 2987 1937 3038 Hoc
1960 2989 2092 3038 enim
2129 2994 2338 3055 proprie
2373 3008 2469 3056 pro
2490 2995 2706 3061 ‘benig-

1640 3062 1793 3124 nius,’
1837 3071 1891 3113 et
1937 3065 2277 3126 ‘humaniuse
2322 3068 2447 3119 item
2492 3070 2509 3097 ‘
2536 3073 2703 3137 magis

1640 3137 1900 3200 ingenue,’
1936 3141 2161 3203 ponitur.
2227 3144 2318 3194 Sic
2359 3146 2470 3209 ipse
2502 3147 2731 3200 Plinius,

1637 3223 1819 3265 noster
1837 3231 2008 3281 supra.
2034 3222 2243 3270 xtvul.
2264 3224 2314 3270 2.
2348 3221 2554 3275 ‘Tanto
2576 3227 2706 3278 libe·

1637 3291 1833 3349 ralius,’
1855 3294 1887 3343 i.
1909 3310 1954 3341 e.
1977 3293 2244 3359 benignius
2266 3304 2323 3347 et
2344 3302 2566 3364 cumina,
2584 3311 2600 3334 ⁸
2619 3320 2704 3354 vo·

1636 3369 1857 3433 luptatis
1890 3372 2079 3436 bujns‚’
2101 3388 2253 3439 quam
2290 3390 2355 3425 ex
2390 3385 2443 3427 te
2481 3381 2702 3435 videndo

1636 3441 2120 3512 frequentandoque
2163 3451 2416 3515 capimus,
2452 3457 2469 3484 ‘
2496 3459 2699 3522 copiam

1638 3525 1879 3585 praebes!
1941 3526 2053 3575 Cic.
2074 3526 2226 3577 Verr.
2262 3541 2347 3580 nt.
2374 3534 2457 3580 85.
2494 3536 2705 3599 conJun.

1636 3599 1714 3662 git
1750 3600 2005 3666 ‘benigne
2042 3617 2104 3653 ac
2140 3604 2493 3669 liberalitem·
2543 3620 2601 3661 et
2635 3613 2700 3665 de

1634 3676 1786 3726 Orat.
1811 3691 1849 3727 ι.
1877 3681 1958 3729 31.
1989 3679 2005 3709 ⁸
2025 3678 2287 3744 Ingenuus
2320 3691 2375 3732 et
2408 3686 2701 3741 liberaliter

1630 3753 1919 3804 educatus.'
1961 3756 2156 3806 Contra
2176 3772 2318 3820 vero,
2332 3760 2549 3826 liberius,
2563 3768 2699 3832 quod

1632 3829 1775 3878 velut
1800 3830 2081 3893 respondet
2101 3833 2433 3885 antecedenti
2449 3839 2700 3893 adverbio

1631 3905 2044 3970 intemperantius,
2079 3917 2177 3965 est,
2212 3910 2323 3959 sine
2359 3920 2525 3973 metu.
2552 3932 2695 3970 erec·

1631 3981 1753 4043 tius,
1791 3981 2001 4044 fortius,
2041 3991 2098 4034 et
2134 3987 2421 4051 audacium
2470 4008 2534 4044 ac
2577 4011 2691 4048 cnm

1630 4059 1708 4109 bis
1735 4060 2018 4121 συνωνύμως
2050 4063 2209 4113 etiam
2242 4065 2522 4131 aliquando
2554 4087 2693 4123 com-

1631 4137 1851 4200 ponitur.
1915 4138 2091 4202 Atque
2136 4140 2212 4190 ita
2259 4142 2367 4206 jam
2413 4146 2524 4204 alii.
2563 4165 2691 4215 quos

1628 4214 1817 4278 partim
1841 4214 2061 4266 aliorum
2083 4215 2320 4268 codicum
2353 4225 2693 4289 auctoritate,

1628 4293 1821 4358 partim
1845 4294 2067 4361 ratione,
2086 4295 2324 4350 inductos
2346 4297 2508 4354 fnisse
2541 4294 2693 4373 puto}
