3060 4902
809 374 874 420 G.
924 373 1166 422 pulsu
1214 373 1545 424 SECUNDI
1597 377 1871 427 PANEG.

378 508 452 570 le,
471 515 532 558 nt
553 507 757 572 opinor.
790 508 941 560 Idem.

450 585 607 641 Quam
629 584 764 647 bene]
802 586 922 635 Non
945 586 1307 652 superbiendo,
1324 604 1437 653 quae

376 663 601 711 maxims
640 663 808 724 magni
857 662 1013 712 animi
1054 663 1292 726 probatio
1336 673 1436 722 est,

372 751 496 787 eum
522 740 590 787 sit
613 738 763 788 valde
788 737 998 789 difficile
1021 741 1072 789 in
1100 738 1436 792 felicitatibus

373 828 482 863 non
506 816 702 864 extolli.
738 816 955 866 Pater-ol.

444 893 640 941 Modica
660 893 814 956 calcu]
846 893 891 941 1.
912 909 961 943 e.
987 893 1237 949 modesta,
1260 896 1433 945 mode·

373 977 512 1030 rata,
535 971 826 1028 mediocris,
848 973 1006 1021 cultu.
1060 976 1075 1001 ⁸
1093 972 1296 1023 Cultus’
1322 976 1430 1040 qui-

371 1045 494 1094 dem
517 1047 792 1113 aliquando
814 1049 878 1098 de
915 1050 1151 1099 universa
1186 1052 1308 1100 vitae
1348 1066 1428 1102 ra-

372 1122 533 1179 tione,
564 1138 626 1173 ac
661 1139 775 1174 cum
803 1125 1028 1188 publica,
1051 1134 1156 1175 tum
1183 1128 1427 1179 domesti-

373 1214 437 1246 ca
482 1202 877 1257 consuetudine,
915 1203 1120 1252 dicitnr.
1203 1205 1314 1253 Cic.
1358 1204 1426 1255 de

370 1274 526 1326 Orat.
554 1290 592 1325 1.
611 1281 660 1326 8.
695 1280 711 1304 ‘
735 1280 866 1331 Quae
892 1278 967 1328 vis
999 1280 1098 1327 alia
1134 1281 1306 1341 potuit
1335 1282 1423 1331 lto·

368 1353 535 1402 mines
559 1370 589 1404 a
622 1353 733 1404 fera
757 1357 1050 1419 agrestique
1075 1357 1179 1405 vita
1199 1357 1262 1405 ad
1290 1358 1425 1409 bunc

365 1427 645 1480 humanum
686 1433 879 1482 cultum
918 1433 1226 1498 civilemque
1262 1435 1421 1485 dedu-

364 1506 556 1556 cere?’
622 1509 810 1573 virgil.
851 1512 963 1561 AEn.
997 1525 1048 1559 v.
1086 1515 1203 1561 730.
1236 1513 1253 1540 ‘
1279 1513 1422 1563 Gens

361 1581 496 1632 durs
521 1592 678 1649 atque
700 1601 885 1650 aspera
908 1589 1083 1637 cultu.’
1141 1590 1420 1652 speciatim

362 1667 560 1726 tamen,
586 1671 639 1712 ut
662 1664 759 1713 hoc
784 1666 912 1720 loco,
935 1681 1027 1727 pro
1054 1668 1261 1728 vestitu,
1282 1669 1420 1730 ejus·

359 1753 471 1801 qne
495 1747 695 1798 ornatu,
718 1744 948 1805 ponitur.
979 1744 1229 1794 Quinctil.
1250 1745 1419 1796 Instit.

361 1815 521 1865 Orat.
558 1830 637 1866 rx.
680 1821 730 1866 3.
784 1817 852 1866 de
902 1820 1093 1867 vestitu
1165 1822 1417 1871 oratoris:

354 1894 374 1919 ⁸
413 1892 596 1942 Cultus
637 1908 738 1944 non
782 1904 863 1944 est
909 1897 1150 1959 proprius
1193 1901 1416 1949 oratoris

352 1969 574 2033 aliquis3
609 1970 701 2020 sed
725 1974 888 2036 magis
912 1988 1053 2023 more
1083 1977 1416 2037 conspicitur.

352 2046 536 2111 ¹Quawe
553 2048 676 2097 sit..
690 2078 706 2094 .
720 2048 1020 2109 splendidus
1032 2058 1086 2099 et
1104 2051 1279 2100 virilis:
1296 2068 1413 2103 nam

355 2130 413 2172 et
439 2131 580 2187 toga,
614 2133 666 2173 et
694 2126 919 2186 calceus,
948 2136 1001 2175 et
1037 2129 1272 2190 capillus.
1308 2137 1413 2180 tam

352 2200 515 2249 nimia
558 2217 696 2258 cura,
733 2219 882 2268 qnam
926 2206 1256 2268 negligentia,
1294 2217 1414 2259 sunt

349 2279 819 2340 reprehendenda.'
880 2282 1048 2330 Tacit.
1072 2282 1258 2332 Annal.
1286 2298 1414 2334 xnr.

348 2358 437 2403 54.
469 2354 485 2381 ‘
504 2354 866 2406 Advertebant
886 2358 1127 2421 quosdam
1153 2360 1295 2409 cultu
1320 2376 1408 2410 ex·

348 2440 503 2482 terno
526 2433 578 2482 in
602 2433 808 2483 sedibus
828 2435 1152 2484 senatorum!
1194 2437 1409 2488 Sueton.

338 2510 487 2568 ,Οτι
509 2524 623 2573 cap.
645 2515 728 2561 4⁵.
761 2512 776 2538 ‘
798 2510 1054 2560 Caesarem
1084 2513 1224 2563 cultu
1262 2525 1407 2564 nota-

343 2586 504 2636 bilem
528 2587 731 2638 fernnt:
769 2604 914 2638 usum
945 2592 1079 2638 enim
1118 2592 1223 2640 lato
1258 2594 1405 2644 clavo

344 2663 414 2712 nd
451 2680 628 2714 manns
662 2665 956 2725 fimbriato,'
988 2669 1085 2714 ἃς.
1165 2667 1405 2719 Notanda

341 2756 471 2790 vero
491 2752 570 2790 est
593 2750 856 2791 structura
883 2744 1021 2790 vocis
1044 2744 1240 2794 modica.
1298 2746 1403 2797 Hic

342 2821 649 2882 simpliciter
710 2821 1041 2884 conjungitur
1096 2838 1211 2870 cum
1257 2811 1402 2874 vcasu

341 2906 516 2955 sexto,
553 2899 732 2946 modica
765 2899 929 2955 cuum·
962 2897 1096 2946 haud
1132 2915 1299 2957 secus»,
1338 2918 1399 2952 ac

339 2975 556 3024 Tacitus
597 2974 661 3022 de
708 2973 883 3037 Agric.
931 2988 1049 3036 cap.
1086 2980 1167 3024 4⁰.
1201 2977 1216 3004 ‘
1242 2978 1398 3027 Cultu

336 3051 593 3113 modicus,
612 3066 852 3100 sermone
886 3049 1087 3100 facilis!
1155 3050 1224 3100 At
1259 3053 1395 3102 idem

334 3136 518 3179 noster
554 3129 684 3178 Plin.
708 3130 872 3190 Epist.
902 3142 937 3176 1.
959 3132 1040 3177 22.
1078 3128 1223 3178 addit
1264 3146 1397 3194 prae-

334 3205 682 3271 positionem:
710 3209 725 3232 ⁸
745 3206 909 3256 Quam
937 3219 1118 3266 parcus
1143 3207 1194 3253 in
1223 3207 1392 3257 victu!

333 3298 492 3345 quam
538 3284 767 3331 modicus
823 3284 873 3331 in
912 3282 1111 3331 cultul'
1178 3284 1394 3335 Tacitus

331 3376 453 3410 cum
489 3376 610 3409 casu
649 3360 877 3409 secundo
900 3361 1183 3422 connectit,
1204 3360 1392 3412 Annal.

328 3450 416 3487 ιν.
440 3441 522 3486 52.
557 3443 572 3465 ‘
598 3436 851 3485 Domitius
890 3435 1018 3484 Afer
1053 3451 1232 3486 recens
1259 3454 1391 3502 prae·

331 3523 474 3573 tura,
516 3515 749 3563 modicus
801 3514 1148 3577 dignationis.’
1216 3517 1285 3566 Et
1327 3531 1390 3567 ιι.

324 3595 415 3641 73.
447 3594 463 3618 ⁸
489 3591 644 3639 Hunc
675 3591 850 3638 mitem
888 3604 1012 3654 erga
1046 3592 1257 3652 amicos,
1283 3609 1390 3642 mo·

324 3668 506 3717 dicum
540 3667 881 3728 voluptatum,
921 3682 1019 3715 uno
1044 3669 1387 3733 matrimonio,

324 3743 493 3794 certis
512 3743 709 3806 liberis,
733 3742 937 3804 egisse.’
967 3743 1207 3794 Schwarz.

394 3821 554 3870 Parca
594 3818 843 3882 comitatu]
881 3821 965 3868 Ne
1012 3821 1230 3884 privatae
1274 3823 1383 3886 qni·

322 3897 446 3946 dem
468 3895 711 3955 feminae;
736 3896 969 3958 inprimis
994 3903 1248 3959 spectatae
1274 3898 1382 3960 dig-

318 3972 529 4028 nitatis,
551 3973 660 4020 sine
680 3973 927 4020 comitatu
954 3972 1251 4033 prodibant.
1298 3974 1383 4023 Ita

317 4050 463 4113 apud
487 4051 659 4099 Plaut.
681 4050 851 4098 Casin.
877 4062 937 4096 ιι.
957 4053 1074 4098 2.1.
1112 4050 1381 4100 Murrhina

316 4130 373 4178 in
417 4126 556 4176 aedes
600 4126 792 4175 vicinas
838 4128 1121 4175 transitura
1164 4128 1377 4178 ancillas

315 4206 562 4269 subsequi
583 4219 698 4254 sese
723 4204 907 4267 jubet:
939 4205 954 4232 ⁴
981 4206 1263 4269 Sequimini
1291 4221 1376 4257 co·

312 4282 473 4335 mites
501 4282 552 4331 in
587 4284 877 4346 proximum
902 4279 1020 4331 hinc
1046 4280 1161 4330 me.'
1229 4281 1373 4332 Pre-

1950 380 1998 429 ι.
2042 362 2149 430 83.
2403 367 2575 433 1029

1515 512 1665 564 ibant
1720 527 1786 563 ex
1830 512 2004 566 officio
2050 515 2576 579 anteambulatrices3

1512 589 1963 653 subsequebantur
2027 591 2347 658 pedisequae.
2434 593 2571 642 Vide

1513 663 1814 725 Pignorium
1842 668 1906 716 de
1931 667 2125 725 Servis,
2155 681 2274 734 pag.
2297 673 2411 719 425.
2459 670 2572 721 Ha·

1509 737 1699 790 bebant
1737 749 1794 791 et
1826 757 2003 792 servos
2038 744 2089 792 in
2129 747 2417 806 comitatu;
2462 760 2571 795 rna-

1510 817 1648 866 xime
1688 819 1729 868 si
1771 820 1970 869 lecticis
2011 818 2331 871 ferebantur.
2395 823 2567 874 Etiam

1506 891 1633 955 illae,
1656 894 1841 957 quibus
1881 910 1981 944 non
2013 903 2125 945 erat
2160 912 2242 946 res
2267 898 2454 947 lautior
2476 899 2570 949 do-

1507 968 1595 1023 mi,
1613 962 1890 1033 aliquando
1909 971 2271 1022 conducebant
2290 972 2386 1022 sibi
2409 976 2567 1024 comi·

1506 1047 1607 1107 tes,
1621 1054 1677 1094 ut
1693 1046 2065 1110 splendidiores
2078 1049 2393 1099 haberentur
2406 1070 2423 1114 ς
2438 1066 2563 1116 quas

1504 1124 1843 1184 reprehendit
1886 1125 2128 1176 Juvenal.
2176 1126 2287 1175 Sat.
2333 1141 2408 1175 νι.
2447 1133 2564 1178 352.

1502 1197 1519 1224 ‘
1547 1200 1661 1249 Nec
1705 1202 1900 1257 melior,
1944 1202 2137 1250 silicem
2184 1201 2401 1266 pedibus
2446 1219 2562 1269 qun

1500 1277 1727 1326 conterit
1746 1284 1910 1326 atrum
1930 1294 1944 1339 ;
1965 1279 2130 1329 Quam
2153 1295 2268 1345 qnae
2291 1281 2562 1344 longorum

1501 1353 1705 1401 vellitur
1726 1354 1930 1403 cervice
1949 1355 2212 1417 Syrorum.
2259 1358 2331 1407 Ut
2354 1364 2562 1422 spectet

1498 1428 1661 1487 ludos,
1718 1431 1958 1481 conducit
2027 1431 2268 1494 Ogulmia
2341 1443 2558 1494 vestem,

1499 1507 1758 1557 Conducit
1778 1506 2034 1571 comites,'
2062 1513 2162 1561 &c.
2233 1511 2402 1561 Divus
2429 1513 2559 1563 Hie·

1496 1598 1738 1648 ronymus
1775 1585 1940 1636 adhuc
1973 1601 2064 1635 suo
2101 1597 2334 1651 tempore
2359 1590 2410 1637 in
2435 1589 2560 1654 Epi·

1494 1662 1630 1709 stola
1665 1662 1728 1710 ad
1767 1664 1974 1713 Furiam
2001 1663 2305 1728 Romanam,
2330 1666 2554 1719 nobilem

1497 1737 1723 1795 viduam.
1745 1739 1981 1803 scripsit:
2017 1746 2032 1767 ⁴
2059 1741 2177 1790 Noli
2203 1743 2267 1791 ad
2293 1742 2554 1806 publicum

1493 1816 1711 1865 subinde
1735 1816 2039 1881 procedere,
2075 1827 2129 1869 et
2154 1821 2439 1884 spadonum
2467 1837 2555 1872 ex·

1491 1893 1658 1943 ercitu
1699 1904 1990 1958 praeeunte,
2033 1895 2297 1947 viduarum
2330 1900 2552 1949 circnm-

1489 1970 1613 2020 ferri
1657 1972 1939 2024 libertate.’
2021 1973 2393 2025 Laudabantur
2426 1992 2550 2040 ergo

1487 2045 1713 2110 feminae,
1740 2064 1853 2112 quae
1890 2049 2234 2100 moderatiore
2267 2054 2553 2104 utebantur

1489 2125 1757 2175 comitatu.
1812 2127 2148 2176 Quinctilian.
2173 2129 2410 2178 Declam.
2432 2133 2549 2180 301.

1489 2206 1505 2231 ⁸
1527 2202 1701 2252 Habes
1727 2219 1939 2255 uxorem
1965 2220 2065 2254 non
2085 2207 2425 2269 ambitiosam,
2443 2224 2547 2258 non

1450 2312 1454 2319 .
1489 2288 1785 2330 exacturam
1812 2282 2115 2344 comitatus3
2153 2284 2242 2331 sed
2281 2300 2396 2349 quae
2434 2293 2547 2336 tota

1486 2370 1551 2404 ex
1575 2363 1664 2405 tuo
1691 2359 1832 2406 vultu
1859 2358 2187 2421 dependeat)
2225 2360 2393 2420 Magis
2419 2375 2545 2411 vero

1484 2430 1659 2481 decuit
1683 2434 2052 2496 imperatorum
2073 2448 2281 2498 uxores,
2295 2436 2546 2502 filiasque,

1482 2519 1573 2559 aut
1608 2525 1824 2566 sorores,
1859 2512 2104 2561 honestus
2141 2514 2544 2578 splendidiusque

1482 2586 1771 2638 comitatus.
1806 2589 1870 2638 In
1888 2604 1985 2652 qua
2003 2602 2059 2638 re
2079 2598 2250 2638 tamen
2271 2592 2386 2640 alim
2405 2592 2544 2654 aliis,

1481 2671 1571 2713 aut
1595 2665 1986 2727 ambitiosiores,
2020 2674 2111 2716 aut
2148 2667 2543 2731 moderatiores,

1479 2739 1642 2790 fuere.
1679 2742 1766 2791 Sic
1783 2742 2020 2791 Macrob.
2038 2743 2149 2792 Sat.
2171 2758 2233 2793 ιι.
2251 2749 2300 2793 5.
2317 2760 2537 2795 comme·

1479 2827 1662 2879 morat,
1708 2817 1996 2882 Angustum
2043 2819 2161 2869 filiae
2203 2824 2536 2888 praecepisse,

1477 2892 1493 2921 ‘
1510 2903 1567 2943 ut
1584 2895 1941 2945 moderaretur
1960 2895 2193 2958 profusos
2210 2900 2398 2961 cultus,
2419 2914 2536 2962 per·

1475 2971 1786 3035 spicuosqne
1803 2970 2114 3021 comitatus!
2134 2975 2258 3021 Mox
2278 2985 2538 3036 praeterea

1474 3046 1584 3096 ltaec
1601 3047 1793 3097 refert:
1813 3055 1826 3076 ⁸
1845 3049 2216 3098 converterant
2232 3052 2282 3098 in
2299 3066 2351 3100 se
2372 3067 2534 3114 popu·

1471 3123 1574 3172 lum
1609 3125 1659 3173 in
1683 3124 1983 3187 spectaculo
2014 3123 2359 3187 gladiatorum
2386 3127 2535 3178 Livia

1473 3205 1529 3248 et
1560 3200 1721 3261 Julia,
1767 3201 2042 3249 comitatus
2080 3199 2529 3256 dissimilitudine:

1470 3276 1681 3341 quippe,
1714 3276 2040 3340 cingentibus
2065 3277 2261 3327 Liviam
2288 3282 2531 3342 gravibus

1471 3353 1625 3413 viris3
1680 3353 1792 3402 haec
1838 3354 2154 3416 juventutis,
2210 3366 2264 3405 et
2319 3358 2527 3421 quidem

1469 3427 1764 3490 luxuriosae,
1814 3444 1976 3493 grege
2031 3431 2529 3484 circumsidebatur.’

1467 3506 1618 3555 Idem.

1533 3583 1701 3632 Civilis
1722 3582 1926 3646 incessu]
1963 3582 2008 3632 1.
2031 3598 2078 3632 e.
2113 3599 2264 3648 quam
2292 3588 2524 3640 modeste

1462 3660 1676 3720 incedit,
1701 3667 1943 3725 tanquam
1965 3661 2111 3724 civis,
2145 3677 2245 3711 non
2273 3667 2522 3731 principis

1462 3746 1516 3785 et
1538 3736 1756 3800 Augusti
1775 3751 1922 3786 uxor.
1983 3737 2065 3785 De
2085 3752 2209 3786 voce
2226 3741 2397 3806 civilis,
2408 3743 2520 3806 jam

1460 3829 1635 3879 supra,
1675 3814 1740 3863 ad
1789 3828 1877 3877 pp.
1921 3817 2035 3864 584.
2077 3818 2190 3864 972.
2239 3831 2338 3865 non
2396 3819 2522 3869 uiuit

1459 3891 1584 3940 dixi.
1638 3891 1743 3940 Pro
1766 3892 1966 3953 incessu,
1995 3890 2235 3940 librarius
2261 3893 2312 3942 in
2338 3895 2519 3947 codice

1461 3969 1718 4017 Patavino
1756 3965 2077 4016 incommode
2115 3968 2324 4030 scripsit
2358 3970 2408 4018 in
2442 3987 2516 4023 se.

1453 4061 1599 4094 cessa.
1664 4045 1719 4092 Si
1755 4043 1986 4092 Servium
2020 4042 2084 4090 ad
2121 4042 2303 4105 virgil.
2337 4047 2450 4095 AEn.
2475 4064 2515 4100 1.

1454 4128 1534 4172 76.
1559 4121 1809 4178 audimus,
1830 4129 1843 4147 ‘
1862 4118 2103 4167 incedere
2120 4117 2135 4140 '
2155 4127 2211 4169 et
2233 4129 2246 4149 ·
2271 4122 2519 4173 incessns'

1452 4201 1519 4251 de
1542 4200 1787 4265 ejusmodi
1812 4199 2128 4263 potissimum
2146 4200 2347 4249 incessu
2368 4216 2514 4253 usur·

1453 4285 1629 4344 patur,
1657 4277 1744 4342 qui
1770 4290 1884 4328 cum
1906 4276 2182 4340 gravitate,
2213 4287 2268 4328 et
2288 4278 2509 4345 quodam
