3060 4902
855 392 918 437 C.
969 390 1213 439 PLlNll
1262 389 1595 441 8801]an
1651 393 1923 442 PANEG.
2002 394 2048 442 t.

424 535 550 586 satis
588 533 817 598 perspici
863 549 1011 598 posse
1047 549 1217 585 mores
1252 542 1305 585 et
1342 535 1484 598 inge-

421 614 561 662 nium
584 612 828 677 hominis;
851 627 1026 662 verum
1045 613 1188 663 sicui
1209 614 1484 677 imperium

422 699 478 741 et
498 690 759 754 publicum
778 690 1022 739 honorem
1039 691 1353 751 committas,
1375 697 1485 739 tum

423 764 629 815 demum
665 779 941 830 apparere,
977 780 1078 828 quo
1112 767 1179 815 sit
1208 767 1396 828 animo,
1431 773 1486 814 et

425 856 490 891 au
515 842 585 891 sit
607 840 792 905 dignus
817 856 1048 890 munere.
1128 840 1261 890 Vide
1287 841 1488 890 Erasini

426 918 647 982 Adagia.
699 920 928 979 Etenim,
954 917 1089 980 quod
1109 918 1368 967 Pindarus
1396 919 1487 974 ait,

428 997 581 1047 Nem.
606 995 713 1047 Od.
738 1010 822 1045 111.
852 996 930 1044 Ἐν
964 995 1017 1044 δὲ
1044 994 1182 1059 πείρᾳ
1214 994 1355 1044 τέλος
1389 997 1486 1044 δια·

424 1074 662 1135 φαίνεται,
686 1070 750 1122 ὧν
769 1091 837 1123 τις
855 1073 1139 1136 ἐξοχώτερος
1159 1072 1374 1134 γένηται.
1426 1072 1487 1121 In

424 1152 745 1214 experimento
767 1153 957 1199 taudem
976 1154 1187 1213 apparet,
1212 1150 1378 1212 quibus
1397 1150 1489 1198 uli-

424 1229 531 1290 quis
568 1228 637 1276 sit
673 1228 1001 1291 praestantior.
1052 1228 1293 1276 Mamert.
1337 1226 1486 1276 Grat.

425 1302 546 1354 Act.
568 1304 780 1354 Juliano
816 1304 950 1367 Aug.
973 1317 1088 1365 cap.
1112 1308 1194 1352 31.
1227 1304 1242 1331 ⁴
1265 1304 1486 1351 Facilius

426 1386 527 1441 est,
559 1382 861 1443 imperator,
885 1379 1030 1429 bonis
1056 1378 1253 1429 artibus
1279 1380 1489 1440 mereri,

425 1457 685 1507 consulem
710 1455 840 1513 fieri,
878 1471 1031 1520 quam
1058 1457 1312 1505 industria
1335 1465 1390 1507 et
1412 1458 1489 1506 la-

430 1531 553 1582 bore
589 1532 860 1595 perficere,
893 1541 949 1582 ut
974 1533 1199 1583 videaris
1226 1535 1489 1591 meruisse,

426 1621 542 1657 cum
567 1606 738 1658 factus
762 1608 864 1658 sis.'
900 1609 1140 1659 Schwarz.

497 1685 620 1732 Cum
659 1686 858 1746 adeptus
899 1682 995 1745 est]
1045 1684 1224 1733 Veteri
1263 1683 1424 1746 dicto,
1458 1684 1490 1743 ἡ

429 1760 553 1823 ἁρχὴ
594 1759 683 1809 τὸν
718 1761 861 1825 ἄνδρα
912 1763 1130 1819 δείκνυσι,
1173 1763 1491 1825 magistratus

426 1840 579 1887 virum
594 1839 778 1902 probat.
814 1840 957 1904 Lips.

496 1917 618 1964 Cum
635 1918 834 1977 adeptus
855 1918 952 1980 est]
977 1916 1232 1966 Omnibus
1248 1916 1359 1967 fere
1374 1933 1492 1967 con·

429 1992 574 2040 venit
610 1993 735 2041 illud
763 1993 1024 2056 Dejanirae
1048 2011 1061 2044 ε
1098 1995 1114 2023 ‘
1143 1997 1359 2060 Coepisti
1386 2012 1490 2046 me-

430 2069 531 2119 lius
560 2085 715 2132 quam
743 2071 950 2133 desinis,
979 2072 1157 2122 ultima
1188 2074 1364 2136 primis
1391 2077 1491 2124 Ce-

428 2147 597 2200 dunt.'
631 2151 798 2199 Tacit.
822 2152 1009 2201 Annal.
1042 2167 1118 2202 vr.
1150 2157 1231 2204 32.
1266 2155 1282 2183 ‘
1310 2154 1494 2204 Cesse-

431 2233 552 2275 runt
590 2227 755 2290 prima
801 2231 1096 2291 postremis,
1142 2238 1197 2280 et
1238 2229 1371 2280 bona
1406 2231 1494 2294 ju-

431 2309 598 2352 ventae
626 2312 862 2355 senectus
894 2305 1153 2369 flagitiosa
1174 2308 1494 2358 obliteravit.

431 2378 656 2428 Facilius
680 2389 759 2430 est
785 2383 930 2430 bonis
952 2383 1145 2432 artibus
1167 2386 1351 2433 mereri
1374 2400 1495 2434 con-

430 2457 592 2506 sulem
615 2457 745 2513 fieri,
772 2472 923 2521 quam
951 2460 1205 2509 industria
1231 2469 1284 2510 et
1317 2462 1494 2511 labore

429 2534 702 2598 perficere,
740 2547 794 2585 ut
822 2528 1043 2586 {ridearis
1073 2540 1342 2597 meruisse,
1379 2556 1494 2590 cum

431 2611 599 2660 factus
633 2613 734 2660 sis.’
767 2614 1070 2664 Mamertin.
1109 2616 1219 2666 Jul.
1259 2631 1373 2680 cap.
1416 2622 1496 2666 31.

434 2687 524 2737 Sic
554 2686 721 2737 frater
754 2689 1194 2752 Agamemnonem
1229 2694 1366 2755 apud
1393 2695 1494 2741 Eu-

435 2762 535 2826 tip.
584 2764 856 2826 increpat:
905 2766 1033 2822 Scis,
1079 2768 1267 2830 inquit,
1312 2772 1497 2831 quando

431 2838 650 2901 cupiebas
676 2842 863 2889 Groecis
881 2843 1064 2907 profici
1086 2847 1148 2891 acl
1173 2845 1336 2900 Ilium,
1360 2861 1499 2909 quam

433 2928 539 2963 erus
591 2917 801 2971 humilis,
857 2915 1044 2974 ἀπάσης
1086 2920 1236 2980 δεξιᾶς
1275 2925 1499 2984 προσθιγ·

433 2990 609 3053 Ἰάνων,
646 2992 736 3040 Καὶ
767 2992 866 3040 ἐπεὶ
890 2993 1129 3055 κατέσχες
1159 2996 1331 3058 ἀρχὰς,
1351 3016 1499 3057 μετα·

434 3066 636 3123 βάλλων
676 3068 857 3118 ἄλλους
892 3068 1110 3130 τρόπους,
1152 3072 1501 3137 Avo-melotem,

436 3154 606 3194 κ.τ.λ.
630 3151 646 3173 ‘
670 3146 871 3207 Nempe
890 3145 1099 3195 difficile
1120 3158 1200 3196 est
1225 3149 1325 3198 illis
1343 3152 1389 3199 in
1408 3167 1501 3215 po-

436 3221 714 3269 testatibus
731 3228 1040 3285 temperare,
1054 3225 1137 3286 qui
1159 3239 1252 3286 per
1266 3227 1499 3276 ambitio·

435 3310 552 3345 uem
571 3312 683 3345 sese
710 3297 899 3360 probos
916 3300 1263 3350 simulavere.'
1287 3303 1501 3354 Gruter.

437 3373 675 3438 Amplius
696 3375 810 3423 vide
832 3376 881 3423 iu
901 3377 1133 3427 Discurs.
1154 3392 1232 3428 ιν.
1249 3383 1329 3428 24.
1352 3380 1501 3430 Ber-n.

503 3450 684 3500 Favete
708 3451 818 3500 huic
838 3453 1094 3516 proposito,
1121 3460 1167 3503 et
1190 3455 1391 3517 credite]
1416 3456 1501 3505 Ab

437 3524 517 3574 liis
548 3527 719 3576 verbis
748 3528 1010 3590 dependet
1046 3536 1156 3578 tota
1190 3532 1302 3580 baec
1333 3534 1504 3595 perio-

438 3603 555 3666 dus,
594 3605 737 3668 cujus
774 3607 1031 3654 sententia
1068 3605 1220 3656 facile
1258 3608 1503 3671 intelligi·

439 3688 541 3737 tur,
582 3682 786 3743 quando
826 3682 1134 3744 particulam
1166 3683 1228 3747 ri,
1261 3698 1375 3747 quae
1408 3699 1502 3748 per

439 3759 752 3821 anaphoram
776 3760 1052 3822 aliquoties
1088 3761 1364 3823 repetitur,
1407 3776 1503 3824 per

435 3834 450 3862 ‘
467 3833 923 3900 quandoquidem,'
947 3835 1057 3884 sive
1078 3842 1090 3863 ‘
1106 3836 1383 3899 quoniam,'
1405 3836 1502 3886 hoc

438 3911 553 3959 loco
586 3925 834 3972 exponas.
901 3911 1019 3961 Hoc
1060 3926 1185 3961 vero
1220 3914 1384 3962 voluit
1423 3913 1502 3962 di-

440 4000 562 4037 cere
588 3986 816 4035 Plinius:
855 3986 1070 4047 Favete,
1105 4002 1193 4038 vos
1216 3996 1503 4046 senatorer,

439 4069 495 4113 et
518 4060 720 4112 credite
746 4062 864 4113 huic
890 4065 1152 4126 proposito
1176 4079 1309 4128 meo,
1333 4081 1393 4115 ac
1418 4081 1502 4114 ve·

441 4153 553 4189 rum
578 4146 881 4202 certumque
903 4140 1112 4204 habete,
1135 4155 1215 4189 me
1238 4143 1503 4192 enisurum

440 4232 574 4275 esse,
629 4223 690 4267 ut
734 4226 957 4268 vesu-um
1005 4234 1312 4270 consensum
1366 4236 1505 4271 com·

442 4296 662 4361 plectar,
706 4302 762 4346 et
817 4296 892 4347 rei
951 4297 1172 4362 publicae
1229 4312 1323 4362 pro
1367 4299 1504 4350 virili

2089 379 2200 443 95.
2453 379 2625 445 1097

1561 543 1712 600 parte
1755 537 1888 588 bene
1930 537 2218 600 consulam,
2254 537 2299 587 si
2323 568 2370 586 ..
2397 538 2629 599 substiti,-

1559 613 1605 662 ςί
1642 649 1689 664 ..
1722 629 1976 673 numeror-,-
2010 616 2056 665 si
2099 614 2301 677 denique
2342 614 2394 663 iu
2439 619 2625 664 tantam

1560 691 1729 752 diligo,
1766 695 1848 753 esc.
1912 693 2031 743 ,lam
2079 707 2279 741 assume
2320 706 2413 756 pro
2466 693 2627 757 parti-

1562 771 1681 819 cula
1701 771 1763 827 si,
1787 772 2092 833 particulam
2126 775 2141 799 ‘
2170 769 2629 836 quandoquidem,’

1561 846 1670 896 sive
1696 848 1711 875 ‘
1737 847 1855 896 ideo
1881 848 2155 910 quoniam,'
2195 856 2302 896 tum
2327 847 2481 898 facilc
2504 862 2628 897 con-

1564 931 1741 973 nectes
1766 931 1924 973 totam
1949 925 2080 974 lianc
2104 925 2437 974 sententiam.
2491 925 2628 974 Con·

1564 1006 1672 1050 stat
1710 1014 1849 1055 vero,
1896 1000 2200 1062 particulam
2247 1000 2309 1062 si,
2351 999 2628 1064 aliquando

1566 1077 1686 1139 poni
1729 1090 1827 1138 pro
1863 1078 1878 1105 ‘
1905 1075 2184 1140 quoniam,’
2217 1091 2310 1125 seu
2347 1076 2363 1104 ‘
2398 1075 2628 1141 quando-

1564 1150 1812 1214 quidem,'
1847 1152 2080 1215 inprimis
2111 1152 2153 1201 si
2193 1152 2255 1201 ab
2287 1152 2399 1201 aliis
2432 1151 2627 1216 aliquid

1565 1228 1799 1289 petituri,
1844 1235 1934 1276 aut
1969 1228 2190 1290 aliquem
2226 1228 2489 1290 monituri,
2523 1241 2633 1277 mo-

1563 1302 1710 1352 deste
1736 1303 1894 1366 loqui,
1922 1314 1976 1351 et
2010 1304 2059 1351 in
2085 1302 2411 1352 recensendis
2434 1303 2631 1352 caussis

1564 1380 1890 1428 moventibus
1915 1380 2101 1428 merita
2123 1388 2301 1428 nostra
2326 1395 2423 1428 non
2446 1388 2630 1445 aperte

1556 1456 1764 1519 jactare
1789 1457 2023 1504 velimus.
2092 1456 2180 1504 Ita
2204 1457 2458 1520 Donatus,
2481 1464 2632 1506 vetus

1567 1533 1653 1581 ille
1697 1533 2017 1586 scholiastes,
2075 1532 2447 1594 interpretatur
2502 1532 2630 1582 illud

1564 1609 1774 1657 Terent.
1800 1608 1963 1657 Andr.
1990 1622 2026 1655 ι.
2049 1612 2099 1656 5.
2121 1612 2203 1656 57.
2237 1609 2250 1634 ‘
2275 1608 2351 1656 Te
2375 1608 2634 1667 obtestor,

1567 1698 1631 1734 ne
1651 1685 1743 1734 abs
1765 1693 1817 1735 te
1840 1685 1973 1734 lianc
1991 1697 2252 1746 segreges,
2278 1697 2380 1732 neu
2401 1683 2631 1747 deserar,

1564 1763 1620 1811 Si
1644 1762 1705 1826 (i.
1729 1778 1775 1811 e.
1795 1762 1932 1822 ideo,
1953 1757 2219 1824 quoniam)
2241 1768 2293 1807 te
2317 1761 2367 1808 in
2395 1761 2630 1822 germani

1566 1836 1745 1886 fratris
1769 1837 1928 1886 dilexi
1953 1838 2097 1894 loco;
2123 1835 2244 1884 Sive
2267 1835 2379 1885 haec
2398 1842 2450 1884 te
2468 1837 2632 1885 solum

1568 1928 1776 1978 semper
1807 1913 1934 1963 facit
1965 1912 2194 1974 maximi,
2216 1911 2317 1960 Seu
2355 1912 2448 1961 tibi
2480 1913 2636 1962 mori-

1569 2007 1698 2055 gera
1749 1990 1846 2040 suit
1904 1990 1956 2039 in
2002 1990 2153 2038 rebus
2202 1987 2475 2038 omnibua.'
2549 1989 2636 2038 Sic

1571 2076 1695 2118 tuuc
1714 2068 1954 2128 dicimus,
1968 2067 2135 2130 inquit
2155 2066 2411 2121 Donatus,
2426 2064 2633 2128 quando

1571 2146 1907 2209 praestitimus
1945 2141 2157 2207 aliquid,
2191 2149 2246 2191 et
2284 2149 2454 2191 tamen
2492 2143 2636 2192 volu·

1572 2238 1685 2273 mus
1699 2221 2037 2285 exprobrare,
2056 2229 2114 2270 ut
2133 2219 2316 2282 Virgil.
2335 2218 2537 2268 AEueid.
2553 2232 2639 2270 tx.

1571 2306 1688 2351 404.
1737 2307 1752 2329 ⁴
1787 2302 1863 2349 Tu
1904 2300 2036 2358 Dea,
2076 2305 2133 2347 tu
2184 2310 2412 2362 praesens
2455 2302 2638 2346 nostro

1572 2391 1818 2427 succurre
1843 2376 2004 2424 labori
2031 2392 2046 2433 ς
2080 2374 2135 2422 Si
2161 2389 2262 2437 qna
2286 2375 2386 2423 tuis
2412 2388 2638 2437 uuquam

1571 2469 1664 2520 pro
1705 2470 1785 2502 mc
1830 2464 1983 2516 pater
2026 2453 2290 2516 Hyrtacus
2336 2450 2438 2500 aris
2486 2451 2640 2499 Dona

1574 2533 1691 2581 tulit
1713 2548 1728 2592 ;
1749 2532 1908 2593 siqua
1933 2530 2048 2592 ipsa
2073 2531 2197 2576 meis
2217 2527 2481 2594 venatibus
2501 2528 2639 2583 auxi,

1572 2609 1897 2672 Suspendive
1939 2608 2096 2669 tliolo,
2135 2612 2223 2654 aut
2257 2620 2402 2654 sacra
2433 2604 2496 2653 ad
2537 2603 2641 2654 fas-

1575 2689 1701 2749 tigia
1724 2685 1842 2734 fixi:
1887 2684 2040 2732 Hunc
2065 2683 2174 2730 sine
2196 2696 2277 2731 me
2303 2680 2512 2732 turbare
2532 2682 2640 2743 glo·

1575 2764 1716 2827 bum,
1757 2771 1810 2811 et
1849 2776 1971 2823 rege
2012 2761 2113 2808 tela
2142 2773 2235 2820 per
2266 2757 2453 2807 auras?
2489 2757 2640 2807 Idem

1575 2840 1690 2889 AEu.
1729 2853 1809 2887 tv.
1846 2842 1961 2887 517.
2010 2836 2026 2864 ‘
2054 2837 2111 2886 Si
2147 2837 2278 2885 bene
2321 2834 2443 2897 quid
2484 2834 2550 2882 de
2588 2842 2642 2883 te

1574 2916 1758 2977 merui,
1794 2915 1893 2964 fuit
1919 2921 2008 2963 aut
2034 2913 2127 2962 tibi
2164 2910 2444 2975 quidquam
2468 2911 2641 2960 Dulce

1574 3007 1782 3052 meum;
1839 2992 2083 3039 miserere
2141 2987 2322 3037 domus
2377 2986 2643 3037 labentis.’

1578 3068 1964 3118 Westerhovins
2001 3066 2065 3116 ad
2103 3066 2267 3113 locum
2304 3078 2371 3113 ex
2403 3063 2643 3112 Terentii

1576 3145 1774 3196 Andria
1831 3144 1983 3193 modo
2036 3143 2294 3192 citatum:
2342 3141 2358 3167 ⁴
2398 3139 2644 3196 Utimur,’

1575 3222 1763 3285 inquit,
1802 3225 1815 3248 ⁸
1843 3219 2101 3282 particula
2121 3218 2166 3265 si
2200 3217 2251 3264 in
2278 3216 2643 3266 obtestationi-

1581 3298 1696 3359 bus,
1718 3299 1871 3359 (item
1900 3303 1955 3345 et
1984 3290 2479 3355 adhortationibus,)
2499 3306 2642 3341 caus·

1575 3390 1683 3424 sam
1734 3373 1948 3433 dicturi,
1996 3383 2156 3434 quare
2207 3366 2332 3431 quid
2381 3366 2643 3429 petimus.’

1577 3452 1687 3503 Cic.
1727 3452 1871 3499 Fam.
1910 3463 1963 3498 v.
1996 3454 2046 3497 2.
2080 3454 2094 3476 ⁴
2123 3447 2166 3495 Α
2205 3452 2257 3495 te
2296 3453 2441 3509 peto,
2485 3452 2544 3496 ut
2585 3450 2643 3494 tu

1576 3543 1775 3594 quoque
1822 3539 2022 3590 aequum
2081 3532 2133 3573 te
2176 3521 2414 3586 judicem
2472 3522 2641 3573 dolori

1577 3621 1694 3656 meo
1732 3603 2002 3671 praebeas;
2050 3602 2094 3650 si
2129 3600 2339 3662 acerbe,
2376 3599 2418 3649 ai
2456 3599 2641 3649 crude-

1576 3684 1716 3740 liter,
1754 3683 1797 3732 si
1835 3681 1946 3731 siue
1982 3693 2187 3740 caussa,
2222 3692 2331 3727 sum
2357 3690 2387 3726 a
2414 3677 2515 3726 tuis
2549 3690 2642 3740 op-

1579 3767 1859 3826 pugnatus,
1895 3765 1955 3807 ut
1985 3756 2225 3807 statuas:
2256 3756 2327 3804 Et
2349 3767 2403 3804 x.
2425 3757 2474 3803 9.
2508 3759 2522 3781 ·
2546 3754 2646 3818 Tc,

1578 3846 1637 3888 ut
1658 3837 1847 3899 diligas
1869 3847 1971 3888 me,
1996 3833 2037 3880 si
2063 3845 2144 3880 me
2178 3838 2357 3879 mutuo
2387 3828 2642 3879 facturum

1580 3915 1698 3974 scia,
1731 3909 1889 3973 rogo-⁹
1939 3908 2010 3958 Et
2032 3921 2125 3971 pro
2150 3905 2387 3965 Murena,
2420 3918 2536 3969 cap.
2557 3909 2642 3957 40.

1580 3998 1595 4023 ‘
1612 3990 1790 4053 Atque
1815 3989 1888 4037 ita
1912 4000 2004 4033 nos
2022 3985 2264 4045 Murena,
2276 3981 2509 4043 judices,
2528 3989 2645 4032 orat

1580 4078 1736 4131 atque
1774 4065 2036 4122 obsecrat,
2073 4060 2113 4109 si
2159 4060 2351 4122 injuste
2387 4058 2642 4109 neminem

1578 4143 1743 4203 laesit3
1780 4140 1824 4190 si
1852 4137 2038 4187 nullius
2070 4149 2220 4184 aures
2254 4133 2645 4185 voluntatemve

1583 4217 1827 4277 violavit3
1861 4215 1906 4263 si
1943 4209 2153 4269 nemini,
2188 4216 2248 4259 ut
2279 4207 2536 4258 levissime
2565 4208 2644 4259 di·

1581 4311 1715 4360 cam,
1758 4291 1898 4349 odio,
1941 4300 2039 4339 nec
2083 4286 2243 4348 domi,
2280 4299 2377 4337 nec
2421 4284 2644 4351 militm,
