3060 4902
483 326 659 392 1064

568 481 875 544 Ρτοπὶιηαηι]
942 479 1266 541 Credebant,
1329 479 1546 528 heroum

487 564 681 613 animas
707 561 982 622 regionem'
1006 557 1261 622 quandam
1287 555 1424 605 infra
1445 570 1550 604 coe·

484 641 589 688 lum
624 639 889 698 liabitare3
926 649 1084 700 quare
1111 636 1368 690 Lucanus,
1401 633 1551 683 ‘Qua

485 716 635 778 niger
681 713 933 763 astriferis
979 713 1310 763 connectitur
1369 708 1551 758 axibus

484 792 609 853 υἱέι-ς
644 791 900 853 Quodque
926 797 1075 852 patet
1103 797 1265 837 terras
1289 786 1550 856 interdu·

482 882 668 932 naeque
703 876 906 915 meatus
943 864 1171 914 Semidei
1209 876 1385 911 manes
1408 860 1551 909 liabi-

483 951 615 1002 tant,
639 957 768 1005 quos
792 943 942 1004 ignea
961 942 1124 988 virtus
1145 938 1404 986 Innocuos
1426 937 1549 987 vitoe

483 1020 749 1083 patientes
774 1018 977 1067 aetlieris
1010 1017 1095 1065 imi
1135 1016 1302 1074 Fecit,
1326 1022 1377 1062 et
1400 1023 1549 1063 aeter-

483 1110 577 1144 nos
614 1092 1088 1154 animarucollegit
1129 1091 1182 1139 in
1220 1088 1413 1140 orbes.’
1446 1089 1551 1138 Pa-

486 1172 627 1221 torol.

551 1247 836 1294 Proximam
880 1242 1058 1306 tamen]
1112 1243 1421 1307 Supremam
1466 1241 1552 1291 ai}-

485 1338 617 1384 rem,
642 1324 728 1372 ubi
752 1321 953 1371 heroes.
1027 1322 1296 1370 Lucanus:
1335 1327 1349 1348 ⁸
1373 1319 1553 1370 Quod-

484 1413 586 1462 que
612 1405 758 1461 patet
778 1406 944 1446 terras
963 1396 1116 1457 iuter,
1135 1397 1397 1458 Lunaeque
1414 1406 1552 1442 mea-

486 1481 593 1536 tus,
636 1473 862 1522 Semidei
893 1487 1066 1521 manes
1105 1473 1379 1521 habitant:
1426 1484 1554 1534 quos

484 1551 637 1614 ignea
678 1541 862 1606 virtus,
897 1549 1156 1598 Innocuos
1194 1549 1318 1603 vita,
1351 1547 1553 1610 patien-

486 1632 567 1676 tes
614 1627 816 1675 aetheris
863 1626 950 1675 imi
998 1623 1181 1673 Fecit!
1262 1624 1555 1672 Stoicorum

485 1702 662 1764 opinio
686 1710 784 1763 est,
819 1703 968 1765 ἥρωας
1002 1699 1119 1750 εἶναι
1152 1699 1239 1749 τὰς
1275 1700 1555 1759 ὑπολελειμ-

486 1776 630 1835 μένας
650 1781 746 1828 τῶν
766 1778 1030 1828 σπουδαίων
1062 1777 1238 1839 ψυχὰς,
1270 1777 1436 1825 heroos
1457 1791 1558 1825 esse

486 1857 688 1910 animas,
732 1856 913 1903 relictis
952 1854 1241 1918 corporibus,
1274 1853 1556 1916 sapientum.

488 1929 572 1979 Ad
600 1932 848 1979 Senecam
877 1933 1043 1992 plura.
1081 1929 1232 1978 Idem·

557 2006 842 2067 Tribunum]
883 2006 1016 2066 Ergo
1057 2005 1154 2053 sub
1194 2011 1346 2068 patre
1379 2005 1556 2067 legato

489 2081 725 2131 tribunus
744 2080 881 2129 filius
905 2080 1025 2129 fuit.
1058 2079 1192 2143 Lips.

559 2157 700 2208 Illum
739 2155 1004 2218 tribunum]
1058 2157 1261 2219 Nempe
1305 2155 1556 2220 'Pr-janus

490 2235 586 2283 sub
613 2244 762 2297 patre
787 2233 1027 2296 praeside,
1061 2234 1141 2281 vel
1174 2233 1368 2296 legato,
1393 2233 1557 2282 tribu·

491 2326 587 2360 nus
626 2311 841 2359 militum
880 2309 1016 2368 fuit;
1052 2308 1118 2357 de
1156 2324 1256 2373 quo
1292 2309 1558 2358 tribunatu

483 2387 595 2449 jam
635 2401 787 2448 supra
826 2386 936 2446 egit
969 2385 1190 2441 Plinius,
1226 2398 1322 2434 xv.
1348 2390 1395 2433 1.
1433 2395 1489 2433 et
1511 2389 1560 2433 2.

491 2470 505 2491 ‘
519 2463 778 2512 Tribunus
797 2477 920 2510 vero
935 2461 1359 2524 disjunctissimas
1375 2469 1562 2520 terras,

496 2540 687 2587 teneris
731 2537 898 2586 adbuc
942 2538 1109 2597 annis,
1161 2539 1257 2586 viri
1312 2537 1561 2588 firmitate

493 2614 728 2662 lustrasti
753 2631 763 2658 :
788 2646 801 2661 .
820 2650 830 2661 .
854 2647 867 2661 .
885 2614 959 2662 ita
998 2615 1152 2674 egisti
1200 2614 1481 2677 tribunum,
1504 2624 1563 2665 ut

494 2703 609 2738 esse
633 2689 808 2738 statim
831 2688 938 2737 dux
958 2688 1173 2752 posses!
1214 2690 1330 2740 Jam
1358 2690 1561 2754 Augus·

497 2774 600 2827 tus,
626 2763 887 2813 referente
911 2766 1128 2815 Sueton.
1148 2780 1263 2830 cap.
1287 2769 1368 2814 38.
1389 2769 1405 2794 ‘
1433 2768 1563 2815 libe-

496 2842 567 2890 ris
613 2850 908 2889 senatorum
953 2841 1191 2890 militiam
1240 2845 1564 2906 auspicanti·

494 2918 609 2977 bus,
634 2931 733 2965 non
760 2917 1077 2967 tribunatum
1114 2917 1266 2968 modo
1289 2920 1566 2984 legionum,

497 2993 589 3042 sed
631 3000 686 3042 et
732 2991 1075 3056 praefecturas
1122 2995 1338 3056 alarum,
1379 2995 1565 3045 dedit!

498 3068 721 3118 Gesner.
757 3069 808 3117 in
846 3070 981 3119 notis
1013 3070 1152 3120 suis:
1187 3079 1201 3100 ⁸
1226 3069 1457 3132 Annon,’
1488 3073 1564 3120 in·

497 3148 630 3210 quit,
652 3156 668 3178 ‘
693 3147 874 3195 melius
898 3147 1118 3197 dixisset
1137 3149 1336 3198 Plinius
1351 3151 1445 3209 sic,
1493 3149 1567 3197 11-

498 3223 603 3271 lum
636 3223 869 3286 militem,
897 3224 1037 3272 illum
1076 3225 1339 3274 tribunum
1369 3234 1512 3274 tuum
1533 3225 1567 3274 ?'

499 3299 601 3347 Sed
626 3315 723 3361 ego
746 3300 869 3347 nihil
894 3307 1067 3362 mut03
1093 3302 1212 3363 quia
1236 3317 1301 3350 ex
1322 3308 1433 3350 arte
1452 3316 1568 3351 ora·

499 3375 632 3424 toria
649 3377 663 3401 ‘
681 3377 825 3423 miles
842 3373 858 3395 ’
878 3376 976 3426 lioc
998 3378 1112 3425 loco
1138 3378 1332 3426 rectius
1356 3386 1568 3441 postpo-

500 3453 643 3502 nitur
666 3454 874 3503 tribuno
900 3470 915 3502 ε
951 3455 1071 3504 dum
1092 3456 1447 3506 admirabilius
1470 3464 1570 3520 est,

499 3538 699 3592 patrem
729 3532 905 3581 videre
932 3548 1082 3596 posse
1108 3532 1265 3582 filium
1292 3535 1568 3599 imperato·

499 3620 610 3654 rem
636 3606 779 3668 quasi
813 3621 877 3654 ex
917 3608 1157 3671 gregario
1199 3611 1382 3667 milite,
1417 3626 1571 3674 quam

502 3697 569 3731 ex
607 3681 850 3742 tribun03
902 3698 1019 3733 nam
1056 3686 1315 3749 Trajanus
1357 3690 1513 3738 etiam
1541 3705 1571 3739 a

503 3760 685 3827 primis
707 3759 1076 3812 adolescentiae,
1101 3765 1268 3825 annis,
1294 3772 1571 3830 autequam

501 3839 824 3888 tribunatum
872 3839 1180 3902 susciperet,
1216 3842 1354 3904 patri
1389 3857 1481 3890 suo
1515 3843 1572 3891 iu

502 3916 687 3965 militis
714 3913 983 3965 adbaerere
1019 3916 1208 3979 potuit.
1272 3917 1353 3967 Ex
1385 3918 1573 3968 eadem

504 3994 708 4042 ratione
753 3991 955 4040 Plinius
999 3993 1160 4043 etiam
1206 4009 1382 4058 supra,
1421 4010 1478 4047 x.
1518 4001 1571 4046 8.

503 4069 657 4130 dixit,
713 4069 728 4095 ‘
751 4074 982 4119 ceterum
1048 4070 1326 4128 modestia,
1373 4073 1573 4137 labore,

502 4144 791 4209 vigilantia,
822 4144 948 4211 dux,
981 4152 1037 4197 et
1065 4148 1286 4215 legatus,
1307 4157 1364 4201 et
1384 4149 1572 4201 miles.'

506 4218 748 4271 Schwarz.

1178 336 1397 385 NOTAE
1446 333 1856 384 vammum
1906 332 1988 381 m

1691 470 2136 536 Pulchriusfnisoe]
2163 471 2282 524 Jarn
2305 469 2515 535 lipsius
2528 472 2711 533 serip-

1596 554 1602 560 “
1625 552 1696 601 sit
1710 551 1772 600 ad
1785 552 1921 600 hunc
1933 552 2106 600 locum
2125 564 2139 598 z
2167 549 2183 576 ‘
2197 547 2651 610 Vellem,sueritne
2661 546 2708 594 τ’

1626 627 1798 676 Etiam
1823 628 2090 676 Gesnerus
2117 626 2337 684 monuit,
2372 631 2386 652 ⁸
2412 625 2546 673 banc
2571 639 2702 672 con·

1627 705 1965 755 structionem
1980 703 2221 753 laborare
2237 702 2440 762 videri3
2465 716 2584 750 curn
2607 701 2702 750 de·

1628 781 1797 831 buerit
1835 780 1911 829 ita
1949 779 2191 829 connecti
2227 780 2418 834 oratio.
2449 777 2706 840 pulch-ins

1617 859 1792 919 fuisse,
1832 860 2054 920 genuisse
2097 859 2257 912 ulem,
2294 871 2435 919 qum
2467 855 2702 916 eleg-isse.-

1625 935 1809 1000 (atque
1831 937 1905 984 ita
1934 935 2094 985 etiam
2127 933 2332 983 Gudius
2370 934 2421 981 in
2447 933 2619 994 primo
2641 932 2703 980 li·

1630 1011 1723 1060 bro
1747 1019 2042 1072 annotarat,
2066 1026 2160 1075 pro
2183 1026 2265 1072 aa,
2284 1010 2399 1058 ἴσως
2422 1008 2701 1071 legendum

1626 1087 1818 1152 quamt)
1852 1090 1932 1136 vel
1968 1089 2061 1148 ita,
2091 1088 2395 1151 pulchriusne
2411 1085 2702 1147 fuerit,ge·

1627 1166 1785 1213 nuisse
1808 1166 1969 1225 talem,
1990 1180 2053 1213 an
2073 1161 2307 1224 elegisse-⁸
2365 1160 2468 1209 Sed
2491 1160 2700 1209 facilius

1629 1240 1962 1299 crediderim,
1988 1254 2081 1302 pro
2107 1238 2363 1301 particula
2395 1251 2478 1292 en,
2501 1236 2700 1285 leviore

1628 1318 1915 1365 mutatione
1942 1313 2316 1364 restituendam
2337 1327 2451 1361 esse
2470 1312 2702 1375 particu-

1629 1391 1730 1440 lam
1765 1406 1838 1452 ac,
1872 1406 1988 1454 quae
2028 1392 2184 1439 etiam
2221 1390 2272 1438 in
2307 1389 2704 1452 comparatione

1632 1483 1778 1517 usum
1815 1469 1992 1517 habet.
2059 1467 2345 1516 Posterior-i
2378 1473 2556 1517 tamen
2593 1466 2704 1515 lec·

1632 1546 1761 1595 tioni
1776 1544 2000 1595 Gesneri
2019 1542 2283 1593 lubentius
2298 1540 2705 1603 subscriberem,

1632 1621 1911 1671 dummodo
1952 1619 2161 1684 quidam
2199 1618 2321 1668 libri
2356 1617 2700 1677 addicerent,

1630 1699 1719 1747 sed
1758 1699 1808 1746 hi
1833 1702 2136 1747 constanter
2165 1696 2396 1746 retinent
2419 1694 2703 1744 lectionem

1633 1776 1915 1837 vulgatam.
1987 1774 2328 1824 Arntneniusz
2362 1773 2379 1801 ‘
2404 1771 2591 1832 Nihil:
2625 1771 2704 1821 in·

1633 1854 1769 1916 quit,
1800 1853 1816 1879 ‘
1840 1852 2179 1912 mutaverim3
2212 1864 2314 1899 non
2352 1850 2491 1898 enim
2531 1847 2704 1910 video,

1636 1944 1729 1978 cur
1754 1945 1854 1978 non
1878 1938 2022 1978 recte
2046 1934 2166 1992 post
2187 1926 2425 1983 verbum,
2442 1925 2703 1982 contendit,

1634 2006 1919 2056 infinitivus
1944 2006 2156 2055 tolerari
2175 2003 2372 2068 possit)
2410 2005 2577 2053 Recte
2591 2004 2707 2068 qui·

1635 2082 1751 2132 dem
1779 2083 1821 2133 is
1846 2090 1967 2147 post
1989 2082 2204 2131 verbum
2226 2081 2470 2129 contendit
2492 2078 2704 2129 tolerari

1636 2167 1831 2223 potest,
1870 2159 1913 2207 si
1954 2159 2028 2208 sic
2065 2159 2146 2208 vel
2185 2156 2424 2207 absolute
2461 2165 2707 2220 ponatur,

1638 2237 1719 2287 vel
1763 2237 1808 2285 si
1846 2242 2093 2299 sequatur
2130 2233 2389 2296 particula
2431 2247 2593 2296 quens,
2638 2246 2708 2280 ex

1636 2311 1796 2362 Gudii
1820 2320 1875 2362 et
1895 2311 2118 2362 Gesneri
2133 2310 2471 2373 conjecturn;
2492 2306 2586 2357 sed
2605 2322 2709 2372 quo

1635 2389 1877 2451 exemplo
1921 2387 2162 2450 probabit
2204 2385 2540 2446 Arntzenius,
2582 2398 2708 2434 ean-

1637 2464 1755 2514 dem
1795 2465 2065 2513 verborum
2097 2470 2411 2512 structuram
2449 2476 2602 2525 posse
2632 2462 2708 2511 lo-

1637 2558 1753 2592 cum
1777 2542 1990 2597 habere,
2004 2541 2044 2589 si
2063 2545 2309 2603 sequatur
2324 2540 2587 2602 particula
2603 2555 2666 2588 an
2682 2537 2710 2590 ἲ

1638 2618 1819 2669 Codex
1843 2616 2052 2680 quidem
2075 2615 2485 2677 Salisburgensis
2507 2622 2564 2663 et
2599 2628 2709 2662 me·

1637 2709 1716 2753 us,
1755 2708 1849 2756 pro
1881 2692 2057 2751 fuisse,
2110 2699 2455 2756 reposuerunt
2482 2691 2668 2750 secisse
2687 2709 2710 2750 ,-

1636 2769 1727 2818 sed
1752 2769 2040 2818 mutatione
2057 2782 2271 2831 prorsus
2296 2767 2487 2817 inutili.
2521 2768 2708 2818 Codex

1638 2843 2312 2910 Guelpherbytanus,et,qni
2321 2858 2388 2892 ex
2400 2845 2582 2893 eodem
2595 2843 2712 2894 fon-

1637 2930 1693 2973 te
1716 2922 1929 2972 fluxisse
1956 2923 2179 2978 videtur,
2194 2921 2329 2972 liber
2350 2921 2488 2970 alter
2507 2921 2709 2972 Gudia-

1640 3015 1733 3049 nus
1748 2999 2033 3049 omiserunt
2054 3000 2265 3049 verbum
2284 2998 2510 3062 μυίης
2521 3015 2543 3056 ;
2565 2998 2712 3062 quod

1640 3083 1813 3125 tamen
1847 3074 1912 3125 ad
1949 3076 2264 3125 senteutiam
2287 3075 2711 3126 constituendam

1640 3152 1861 3200 maxime
1886 3153 2229 3200 necessarium
2253 3159 2352 3201 est.
2387 3152 2601 3202 Utinam
2621 3166 2714 3202 ve·

1642 3242 1700 3277 ro
1724 3228 2016 3277 omisissent
2037 3227 2416 3287 verbumsnisse
2429 3244 2451 3285 ,·
2472 3230 2620 3292 cujus
2639 3231 2715 3278 Ιο-

1644 3318 1705 3352 co
1729 3304 2264 3367 conjunctivussuerit
2303 3303 2462 3354 facile
2498 3319 2597 3368 per
2626 3304 2713 3355 ἔλ-

1641 3387 1799 3445 λειψιν
1824 3385 1992 3433 animo
2027 3384 2257 3447 suppleri
2291 3384 2562 3447 potuisset.
2625 3384 2717 3434 Sic

1643 3462 1777 3509 enim
1819 3460 1947 3509 satis
1988 3459 2086 3507 sibi
2123 3464 2389 3508 constaret
2410 3460 2580 3508 oratio
2598 3476 2681 3509 z..
2699 3493 2716 3508 .

1642 3538 1902 3598 contendis,
1951 3535 2272 3599 putatu-ime,
2314 3536 2457 3598 (scil.
2502 3534 2717 3602 ἠπίῃ)

1640 3615 1863 3677 genuisse
1885 3614 2042 3666 talem.
2063 3627 2127 3662 an
2155 3609 2393 3674 elegisse?
2440 3612 2612 3663 Quam
2638 3612 2717 3664 fa·

1646 3692 1745 3742 cile
1770 3699 1943 3740 autem
1967 3689 2080 3739 fieri
2107 3691 2298 3753 potuit,
2318 3695 2374 3738 ut
2396 3691 2716 3752 praetermit-

1647 3774 1844 3818 teretur
1868 3782 1898 3814 a
1921 3766 2148 3815 librariis
2180 3766 2435 3830 particula
2459 3767 2719 3827 ἑγκλιτιιὶ

1644 3859 1719 3893 ne.
1759 3842 1944 3897 Immo,
1965 3856 2082 3891 cum
2104 3856 2171 3891 ea
2192 3842 2307 3904 ipsa
2333 3841 2594 3905 particula
2616 3843 2717 3893 eti·

1647 3935 1727 3969 am
1751 3919 1873 3968 stibi
1900 3932 2002 3967 non
2026 3932 2145 3967 raro
2168 3918 2337 3967 omitti
2374 3919 2565 3981 soleat,
2598 3934 2718 3982 pos-

1645 4003 1724 4045 set
1749 3994 1834 4043 hic
1856 3994 2017 4050 locus,
2049 3994 2160 4043 solo
2180 3992 2437 4044 infinitivo
2453 3995 2621 4054 faisse
2639 3997 2717 4046 di·

1644 4073 1823 4134 misso,
1861 4071 1971 4120 sine
2010 4070 2262 4120 ulteriore
2305 4074 2602 4121 mutatione
2637 4073 2715 4123 sie

1644 4146 1881 4202 rescribi,
1916 4147 2178 4202 contendis.
2209 4147 2474 4210 pulchrius,
2493 4149 2717 4211 genuisse

1644 4224 1808 4288 talem,
1825 4236 1891 4272 on
1909 4218 2144 4284 elegisse?
2194 4222 2283 4274 Sic
2305 4237 2354 4273 v.
2379 4238 2430 4288 g.
2453 4224 2721 4275 omittitur
