3060 4902
785 375 847 422 C·
895 373 1140 420 PLlNll
1192 373 1523 422 SECUNDt
1579 373 1856 422 PANEG.

347 529 444 571 cst.
481 520 710 581 Primus,
733 519 784 568 ni
802 517 953 568 fallor
964 520 1258 583 perspexisse
1272 519 1415 569 evul-

349 600 496 661 gavit
533 596 822 660 Gryphius,
855 598 1127 657 incertum,
1154 604 1324 645 utrum
1351 611 1416 646 ex

349 674 675 736 conjectura.
714 687 780 721 an
825 687 889 721 ex
933 673 1114 722 codice
1177 673 1417 737 quodam.

353 750 510 798 Unde
537 764 718 811 parum
742 747 927 812 abfuit,
963 749 1085 812 quin
1111 749 1321 798 verbum
1344 764 1417 798 re·

347 827 579 890 spesi-sse,
614 834 693 877 tot
723 825 971 878 librorum
993 827 1305 888 scriptorum
1330 839 1417 874 ex·

352 917 695 968 casurumque
750 903 1063 958 auctoritate
1117 903 1418 965 stabilitum,

354 980 694 1029 restituissem
743 979 934 1030 Plinio.
1003 978 1256 1041 Equidem
1295 979 1311 1006 ‘
1337 993 1417 1027 re·

352 1057 560 1118 spicere
578 1056 591 1075 '
628 1056 838 1119 proprie
869 1055 1058 1102 dicitur
1083 1063 1222 1103 retro
1247 1053 1417 1116 adspi-

353 1147 476 1183 cere
498 1149 513 1191 ;
539 1147 654 1195 quae
687 1140 859 1181 autem
884 1132 1025 1181 notio
1048 1132 1147 1180 liuc
1173 1146 1273 1180 non
1302 1145 1415 1194 per·

354 1209 509 1258 tinet.
555 1207 851 1271 Aliquando
875 1208 1032 1256 etiam
1056 1214 1201 1257 notat
1225 1208 1419 1270 simpli-

353 1287 488 1335 citer
522 1288 850 1347 conspicere,
873 1285 1225 1345 considerare,
1250 1291 1415 1334 atten-

355 1361 518 1423 dere;
565 1376 679 1425 quae
719 1362 860 1411 notio
905 1363 1081 1423 utique
1127 1361 1209 1409 bic
1254 1361 1418 1409 locum

354 1438 550 1488 habere
581 1446 772 1501 potest.
840 1438 926 1486 Sic
951 1437 1102 1498 euim,
1131 1452 1193 1486 ne
1218 1436 1420 1499 longius

356 1515 561 1575 abeam,
601 1516 714 1578 ipse
749 1514 948 1563 Plinius
990 1528 1146 1578 supra
1202 1526 1338 1563 xxx.
1370 1518 1418 1562 8.

352 1593 367 1618 ⁸
389 1592 597 1641 Frustra
635 1600 757 1640 tunc
793 1591 1047 1653 AEgyptus
1073 1592 1248 1640 nubila
1271 1596 1417 1652 opta-

354 1669 449 1725 vit.
472 1669 762 1731 coelunique
797 1666 1064 1730 respexit!
1132 1668 1236 1717 Ubi
1260 1668 1421 1716 Sene-

355 1759 438 1799 ca.
462 1744 587 1795 Nat.
612 1746 814 1797 Qnaest.
837 1748 990 1793 in.2.
1015 1758 1131 1792 cum
1156 1744 1220 1792 de
1241 1744 1420 1793 eadem

357 1839 412 1874 re
440 1824 696 1889 loquitur:
719 1831 733 1852 ⁴
753 1838 899 1873 nemo
919 1823 1215 1883 aratorum,’
1236 1822 1420 1886 inquit,

354 1909 369 1928 ⁴
391 1902 575 1951 coelum
601 1900 862 1964 adspicit!
922 1901 1060 1960 Ergo
1078 1899 1095 1926 ‘
1117 1897 1421 1962 adspicere'

354 1987 413 2028 et
429 1981 442 2006 ‘
463 1977 724 2041 respicere
744 1977 756 1998 ⁹
780 1976 846 2025 de
862 1991 962 2025 nna
987 1976 1275 2040 eademque
1297 1991 1350 2025 re
1367 1981 1421 2025 et

356 2055 562 2105 actione
585 2053 689 2102 dici
717 2060 907 2116 potest.
945 2052 1092 2102 Idem
1119 2054 1257 2103 Piin.
1283 2065 1424 2102 int.

355 2136 407 2180 0.
446 2131 616 2180 ‘Huic
647 2128 858 2195 (famas)
895 2144 1064 2191 aures,
1086 2131 1205 2178 liuic
1229 2129 1424 2191 oculos,

357 2207 606 2267 intende3
658 2222 723 2256 ne
759 2207 1048 2269 respexeris
1084 2208 1144 2269 (i.
1180 2221 1228 2255 e.
1258 2220 1321 2254 ne
1345 2215 1421 2253 at·

358 2283 634 2348 tenderis,)
689 2284 1038 2333 clandestinas
1084 2283 1420 2332 existimatio·

359 2361 490 2412 ues.’
550 2361 697 2411 Idem
736 2361 907 2423 Epist.
943 2372 1004 2408 u.
1036 2363 1085 2407 7.
1124 2360 1270 2408 ‘Erit
1297 2373 1423 2419 ergo

360 2447 664 2504 pergratum
704 2438 846 2493 mihi,
879 2437 1007 2486 lianc
1040 2433 1262 2499 effigiem
1308 2435 1422 2498 ejus

357 2517 574 2567 subinde
595 2515 874 2578 respicere,
894 2514 952 2577 (i.
977 2528 1026 2564 e.
1043 2514 1318 2575 diligenter
1334 2513 1421 2561 ad·

357 2595 588 2658 spicere,
631 2590 1006 2654 considerare,)
1041 2593 1134 2641 sub
1172 2591 1269 2641 hac
1305 2591 1421 2639 sub·

359 2671 565 2733 sistere,
590 2679 784 2734 prater
807 2670 938 2718 hanc
960 2668 1280 2718 commeare.’
1340 2668 1423 2718 lta

359 2756 417 2799 et
439 2749 538 2798 alia
560 2756 678 2797 sunt
704 2745 941 2810 quaedam
967 2744 1125 2793 verba
1147 2760 1264 2793 cum
1291 2759 1422 2807 prae·

359 2825 622 2889 positione
661 2821 993 2885 inseparabili
1028 2836 1080 2869 re
1114 2821 1426 2883 composita,

361 2916 480 2965 qun
507 2914 602 2949 nec
638 2906 652 2928 ⁶
673 2896 852 2953 retro.'
891 2911 989 2946 nec
1019 2899 1033 2924 ‘
1051 2897 1290 2951 rursum,’
1313 2898 1421 2945 sive

361 2976 642 3027 reiterandi
666 2985 862 3035 actum,
880 2972 1187 3036 significant,
1205 2974 1293 3020 sed
1312 2971 1423 3021 fere

361 3054 625 3104 notionem
666 3051 973 3113 simplicium
1010 3051 1270 3109 retinent;
1309 3064 1353 3098 v.
1379 3065 1426 3112 g.

355 3138 372 3161 ⁶
395 3131 652 3194 recipere,
690 3129 991 3185 resciscere,
1026 3126 1291 3182 revereri,’
1325 3134 1424 3176 dcc.

361 3209 428 3257 de
456 3209 639 3272 quibus
675 3222 776 3257 non
815 3207 940 3255 nihil
975 3205 1082 3253 dixi
1121 3206 1168 3253 in
1207 3206 1425 3253 Excurs.

363 3297 530 3335 xmu-
566 3283 811 3332 Schmun.

430 3360 723 3425 Iauffectata
759 3358 936 3407 teritus
972 3356 1244 3419 uerborum]
1285 3356 1427 3405 Bene

358 3436 590 3486 Baudius
605 3453 621 3487 s
637 3437 650 3462 ‘
667 3434 727 3484 Id
746 3443 847 3495 est,
860 3437 1081 3483 naturali
1095 3435 1428 3495 simplicitate

362 3527 654 3576 assurgens,
669 3520 814 3561 casta
829 3520 884 3594 et
905 3512 1091 3573 pudica
1111 3512 1298 3571 oratio,
1319 3512 1429 3559 sine

363 3590 695 3649 calamistris,
735 3603 885 3652 quiam
921 3589 1180 3637 simulatio
1220 3591 1429 3637 vincere

364 3666 607 3725 artificio,
628 3680 727 3715 non
752 3680 959 3730 aeqnare
983 3666 1315 3727 simplicitate
1341 3680 1429 3726 po·

366 3741 510 3794 test.'
565 3742 699 3792 Haec
737 3741 840 3791 ille.
900 3742 1148 3792 Quinctil.
1179 3755 1256 3791 xi.
1301 3747 1344 3791 1.
1381 3743 1429 3790 in

365 3819 500 3869 fine:
541 3820 557 3848 ⁸
580 3819 897 3882 Simplicitas
929 3819 1014 3867 illa
1043 3827 1092 3865 et
1122 3819 1262 3866 velut
1287 3833 1430 3867 secu·

365 3898 493 3946 ritas
516 3893 829 3945 inaffectata·¹
851 3895 1132 3944 orationis?
1207 3896 1347 3943 Idem
1377 3910 1431 3945 x.

368 3976 415 4022 1.
460 3973 476 4000 ⁴
494 3971 631 4023 Quid
676 3986 775 4034 ego
818 3986 1213 4022 commemorem
1261 3974 1431 4021 Xeno·

364 4048 573 4113 pliontis
588 4044 976 4112 jucunditatem
1005 4050 1144 4099 illam
1170 4047 1432 4100 inaffecta-

367 4135 506 4187 tam;
531 4124 622 4173 sed
643 4140 793 4189 qnam
820 4126 956 4174 nulla
977 4126 1138 4190 possit
1164 4124 1433 4176 affectatio

366 4200 614 4265 consequi
631 4200 669 4250 i·
724 4200 805 4249 De
829 4201 985 4252 verbo
1008 4204 1021 4229 ‘
1044 4198 1328 4257 affectare,'
1351 4216 1431 4251 su·

1937 376 1983 423 ι.
2016 359 2123 423 67.
2428 358 2561 425 887

1492 533 1588 583 pra
1623 519 1689 569 ad
1730 536 1782 584 p.
1812 525 1927 571 51⁴.
1963 535 2064 570 non
2100 522 2227 571 nihil
2262 513 2386 572 dixi.
2439 523 2561 574 Non

1493 611 1618 646 vero
1639 597 1720 646 hic
1744 597 2086 658 intelligenda
2108 606 2189 647 est
2211 600 2226 626 ‘
2243 599 2434 647 veritas
2454 614 2563 649 mo-

1492 673 1652 729 ralis,'
1683 688 1850 739 neque
1889 682 1902 704 ⁸
1920 674 2127 737 iogica‚'
2156 674 2248 724 sed
2275 682 2289 704 ‘
2309 687 2563 738 gramma·

1496 750 1631 799 tica'
1668 758 1724 800 et
1758 757 1773 779 ⁴
1796 752 2048 800 rhetorica
2069 751 2103 812 ς’
2141 767 2276 816 qua»,
2310 755 2360 800 ni
2390 751 2562 810 fallor,

1492 829 1808 879 Germanice
1844 830 1949 879 dici
1980 839 2153 891 potest
2190 831 2269 880 die
2298 830 2563 880 uatiirliclte

1489 905 1758 954 schmheit
1801 907 1899 954 und
1949 907 2223 956 nachdruck
2263 908 2350 955 der
2396 914 2562 957 morte.

1494 981 1745 1031 Quinctil.
1778 995 1903 1031 νηί.
1933 988 1980 1032 2.
2011 982 2199 1030 dicitur
2228 987 2241 1009 ‘
2262 984 2334 1031 vis
2358 998 2418 1030 ac
2444 998 2561 1048 pro-

1494 1059 1690 1121 prietas
1716 1061 1987 1108 verborum
2007 1059 2040 1120 ;’
2065 1069 2139 1114 et.
2158 1060 2340 1109 eodem
2358 1059 2563 1123 judice,

1493 1141 1694 1186 vttt.2.
1731 1139 1973 1200 ‘proprie
2012 1137 2205 1184 dictum
2244 1135 2295 1185 id
2331 1141 2428 1191 est,
2460 1149 2562 1199 quo

1492 1210 1621 1258 nihil
1668 1210 1887 1260 inveniri
1935 1213 2100 1274 possit
2152 1210 2564 1275 significantius:

1495 1287 1613 1335 Nec
1636 1287 1837 1348 dubito,
1861 1291 1983 1351 quin
2011 1291 2119 1337 lia-c
2151 1286 2452 1337 inaffectata
2476 1302 2562 1337 ve·

1495 1364 1623 1412 ritas
1647 1365 1925 1413 verborum
1947 1365 2103 1413 etiam
2136 1363 2440 1427 designetur
2471 1378 2564 1427 per

1493 1441 1629 1489 illam
1655 1439 1902 1503 ἀφέλειαν,
1923 1442 1988 1490 de
2023 1457 2124 1503 qua
2159 1442 2409 1492 Quinctil.
2435 1455 2562 1490 vnt-

1494 1520 1545 1565 3.
1594 1519 1697 1566 ‘Et
1736 1519 1845 1581 ipsa
1881 1519 1969 1567 illa
2004 1517 2206 1580 ἀφέλεια
2250 1519 2469 1582 simplex
2507 1527 2564 1570 et

1492 1591 1798 1643 inaffectata
1845 1594 2002 1644 habet
2060 1595 2315 1658 quendam
2361 1608 2563 1657 purum,

1495 1671 1663 1734 qualis
1700 1671 1857 1720 etiam
1890 1672 1940 1720 in
1980 1669 2184 1720 feminis
2211 1677 2440 1725 amatur,
2479 1685 2563 1719 or·

1496 1753 1693 1810 natum,
1719 1755 1775 1797 et
1797 1757 1915 1797 sunt
1940 1747 2175 1810 quiedam
2202 1748 2345 1795 velut
2370 1762 2398 1795 e
2419 1747 2565 1797 tenui

1496 1823 1769 1886 diligentia
1793 1825 1934 1875 circa
1959 1825 2335 1889 proprietatem
2371 1823 2567 1887 signifi-

1497 1903 1859 1965 cationemque
1889 1901 2189 1951 munditiae:
2257 1902 2402 1950 Sicut
2438 1914 2563 1950 vero

1496 1978 1550 2028 in
1598 1979 1960 2029 Grammaticis
2009 1976 2303 2040 ἐτνμολογία
2357 1978 2567 2043 potissi-

1497 2070 1635 2103 mum
1662 2056 1872 2118 respicit
1898 2057 2170 2104 veritatem
2202 2054 2338 2104 illam
2365 2063 2419 2103 et
2446 2068 2565 2117 pro·

1500 2132 1781 2195 prietatem
1808 2131 2115 2190 verborum3
2153 2131 2224 2179 ita
2251 2131 2361 2179 Cic.
2381 2130 2565 2193 Topic-

1499 2223 1616 2271 cap.
1647 2213 1693 2256 8.
1722 2208 1926 2270 putavit
1951 2204 2256 2268 ἐτνμολογία,
2283 2207 2466 2255 Latine
2490 2205 2567 2256 di·

1500 2282 1721 2333 cendum
1746 2285 2059 2346 veriloquium
2077 2298 2096 2342 ,-
2123 2296 2410 2346 quanquam
2433 2282 2566 2345 ipse,

1500 2361 1586 2425 qui
1612 2360 1760 2410 finxit
1784 2360 1881 2409 hoc
1910 2360 2235 2420 vocabulum,
2254 2356 2321 2406 ab
2339 2358 2449 2420 ejus
2474 2372 2566 2406 usu

1500 2437 1767 2487 abstinuit.
1834 2436 2098 2491 Ceterum»,
2128 2435 2322 2484 inertes
2357 2433 2566 2499 quidam

1501 2515 1697 2563 librarii
1721 2516 1795 2564 sic
1819 2522 2071 2564 auxerunt
2097 2514 2207 2561 iiaec
2230 2512 2403 2567 verba,
2426 2527 2569 2575 quant

1497 2592 1779 2657 inaffectata
1813 2592 1989 2641 veritas
2012 2590 2259 2640 uerborum
2285 2587 2570 2652 rerumque!

1500 2668 1605 2717 Sed
1633 2669 1703 2716 ita
1723 2676 1999 2722 auxerunt.
2020 2676 2076 2716 ut
2093 2666 2336 2715 nonnulla
2353 2680 2567 2727 corrup·

1501 2745 1621 2794 telae
1647 2744 1839 2793 indicia
1863 2743 2188 2807 reliquerint.
2256 2741 2320 2790 lu
2354 2741 2567 2790 Venetis

1499 2820 1767 2869 codicibus
1799 2834 1893 2884 pro
1916 2820 2176 2874 verborum,
2207 2818 2459 2880 scriptum
2486 2827 2568 2866 est

1500 2898 1637 2946 verbo
1672 2912 1937 2959 rerumque.
2002 2897 2067 2946 In
2099 2895 2387 2951 Vaticanis,
2412 2896 2568 2945 Salis·

1500 2978 1762 3039 burgensi,
1813 2974 2299 3038 Guelpherbytano‚
2341 2982 2393 3021 et
2434 2988 2568 3033 meo,

1500 3055 1674 3103 ueritas
1709 3052 1954 3100 verborum
1993 3063 2244 3110 rerumque
2282 3049 2571 3097 asseveratio

1499 3137 1551 3182 iu
1586 3148 1711 3182 voce.
1784 3132 1998 3193 Verum,
2040 3143 2135 3178 non
2173 3129 2346 3191 agitur
2378 3129 2460 3177 hic
2503 3128 2570 3177 de

1505 3211 1726 3259 veritate
1753 3222 1942 3261 rerum.
1959 3220 2074 3270 qun
2097 3207 2267 3268 potius
2293 3203 2357 3252 ad
2375 3205 2568 3266 ‘gravi-

1505 3296 1662 3336 tatem
1694 3285 2070 3333 sententisrum
2093 3280 2106 3301 ’
2145 3279 2425 3330 referenda
2452 3289 2570 3343 est;

1502 3364 1612 3425 sed,
1657 3368 1715 3410 nt
1749 3360 1875 3417 dixi,
1910 3361 1973 3409 de
2011 3359 2280 3407 verborum
2328 3360 2570 3415 veritate,

1503 3442 1613 3488 sive
1653 3438 1991 3502 proprietate,
2033 3443 2088 3484 et
2125 3437 2348 3484 naturali
2386 3437 2572 3486 nitore.

1506 3521 1657 3569 Idem.

1575 3599 1696 3651 Quoe
1731 3593 2011 3643 osseca-atio
2049 3591 2100 3639 iu
2135 3591 2271 3654 uoce]
2315 3591 2572 3642 Mendose

1506 3674 1758 3735 scriptum
1798 3680 1874 3717 est
1914 3671 1963 3716 in
1998 3668 2179 3717 codice
2222 3683 2340 3717 meo
2361 3683 2573 3717 esserra-

1506 3751 1593 3799 tio.
1662 3746 2036 3802 Quinctilium,
2070 3745 2185 3792 loco
2219 3744 2370 3792 modo
2392 3746 2574 3796 citato.

1506 3825 1697 3874 dicitur
1735 3819 2090 3871 ‘asseveratio
2114 3817 2374 3867 dicentis-³
2427 3820 2572 3866 Bene

1508 3900 1803 3950 observarit
1847 3898 1999 3945 Lsur.
2048 3895 2196 3942 Valla
2240 3895 2481 3956 Elegant.
2523 3908 2574 3941 v.

1507 3982 1590 4027 87.
1627 3976 1643 4004 ‘
1668 3971 2001 4025 asseverare‚'
2042 3969 2165 4023 dici,
2199 3970 2333 4019 inter
2358 3971 2467 4032 ipsa
2491 3983 2574 4018 ar-

1507 4057 1755 4115 gumenta
1802 4045 2241 4110 probationesqne
2286 4044 2571 4093 admiscere

1511 4128 1612 4177 vim
1661 4124 1811 4174 animi
1856 4131 2171 4184 motumque.
2208 4128 2221 4149 ⁸
2247 4120 2537 4171 Affirmatio
2563 4121 2577 4143 ⁹

1510 4203 1647 4267 apud
1682 4199 1930 4252 Quinctil.
1968 4211 2094 4245 vm.
2136 4203 2182 4246 8.
2219 4196 2323 4247 dici
2366 4196 2573 4247 videtur
