3060 4902
507 345 643 413 824

510 505 623 554 sine
645 502 909 559 tribunali,
934 503 1100 554 sedet.
1144 504 1270 553 Fuit
1293 518 1417 554 vero
1433 504 1575 567 ejus-

511 579 646 629 modi
668 580 793 628 sella
831 579 1044 639 eborea,
1079 594 1242 644 eaque
1278 580 1435 628 variis
1471 580 1574 642 sig·

506 655 588 703 uis
606 655 810 716 caelata,
834 664 905 716 et,
925 663 1060 704 teste
1079 656 1365 704 Plutarcho
1384 656 1434 704 in
1459 655 1575 704 Ma·

509 731 604 790 rio,
628 745 679 793 p.
702 734 817 779 408.
843 731 1063 780 incurvis
1099 730 1318 794 pedibus
1351 732 1574 780 sustine·

507 806 679 857 batur.
748 806 1036 868 Quaeritur,
1061 820 1124 854 an
1160 806 1348 868 gradus
1383 805 1573 855 habue-

510 883 610 942 rit;
646 882 766 946 quia
805 883 1007 930 Plinius
1037 882 1170 930 dixit
1195 885 1474 932 adscendere
1493 899 1574 932 cu·

507 961 678 1022 ratem,
718 965 770 1006 et
806 959 926 1020 quia
960 957 1080 1007 alibi
1118 973 1217 1006 non
1254 973 1370 1006 raro
1393 966 1407 987 ⁸
1434 959 1538 1006 alta
1562 960 1576 981 ’

508 1034 720 1083 dicitur.
785 1034 941 1082 Silius
978 1047 1102 1081 vtu.
1140 1038 1253 1083 488.
1287 1033 1303 1059 ‘
1332 1033 1460 1083 Haec
1500 1034 1574 1083 al·

510 1116 590 1160 tas
616 1110 783 1158 eboris
809 1110 1073 1158 decoravit
1109 1110 1300 1158 bonore
1326 1108 1574 1159 curules.'

509 1185 682 1236 Credo
727 1186 933 1249 quidem
971 1184 1147 1241 facile,
1191 1200 1302 1233 eam
1341 1186 1574 1249 aliquan-

511 1269 620 1310 tum
640 1262 872 1310 altiorem
891 1259 1048 1308 fuisse
1073 1259 1330 1309 subselliis
1356 1261 1573 1310 tribuni-

509 1338 612 1392 tiis,
648 1336 998 1401 sedilibusque
1036 1338 1337 1396 senatoriis;
1373 1345 1426 1386 at
1450 1346 1573 1387 tunc

508 1413 714 1462 demum
758 1428 851 1477 per
895 1416 1072 1476 plures
1107 1413 1295 1475 gradus
1326 1413 1574 1463 adscendi

508 1490 861 1551 consuevisse,
896 1505 1012 1539 eum
1051 1490 1295 1539 tribunali
1332 1490 1575 1553 imposita

509 1575 667 1617 esset.
733 1569 978 1617 Ceterum
1025 1573 1252 1629 constat,
1293 1581 1323 1614 a
1354 1567 1475 1629 jure
1522 1574 1576 1615 et

507 1660 604 1694 usu
642 1645 796 1707 hujus
836 1645 976 1692 sellae
1011 1644 1200 1691 curulis
1243 1643 1574 1702 magistratus

509 1720 753 1782 majores,
799 1728 856 1767 ut
913 1718 1244 1778 dictatorem,
1295 1719 1574 1774 consulem,

507 1810 797 1851 censorem,
836 1803 1133 1859 praetorem,
1180 1794 1382 1842 aedilem
1422 1809 1572 1843 curu·

506 1873 625 1925 lem,
663 1871 1025 1919 denominatos
1049 1885 1162 1918 esse
1196 1876 1211 1898 ‘
1237 1870 1572 1932 magistratus

507 1943 747 1995 curules.’
781 1946 1020 1994 Schwarz.

577 2022 824 2085 Cui-ulem]
860 2022 992 2070 Nam
1027 2024 1262 2072 eonsules
1297 2021 1349 2071 in
1372 2031 1575 2084 senatu,

506 2099 790 2148 sublimiori
830 2108 1095 2160 suggestu,
1142 2099 1192 2146 in
1238 2100 1362 2148 sella
1407 2101 1575 2149 curuli

510 2175 883 2238 praesidebant.
951 2172 1083 2222 Inde
1111 2174 1424 2224 Cassiodoro
1453 2177 1467 2204 ‘
1497 2176 1574 2223 in-

504 2249 632 2301 fuloe
668 2249 910 2311 curules,'
944 2266 1039 2315 pro
1073 2253 1380 2313 consulatu3
1416 2254 1575 2304 Juve-

507 2330 632 2383 nali,
655 2336 669 2357 ³
684 2330 917 2378 Summas
939 2327 1134 2377 donare
1153 2329 1388 2390 curules,'
1413 2330 1576 2392 idem;

509 2412 567 2455 et
603 2405 861 2464 Lucanus,
899 2411 913 2432 ³
939 2406 1193 2454 Lentulus
1226 2420 1256 2454 e
1288 2407 1430 2455 celsa
1454 2408 1573 2455 suh·

507 2483 645 2532 limis
676 2484 801 2531 sede
827 2481 1099 2544 profatur-⁸
1167 2482 1295 2531 Ideo
1319 2486 1369 2531 in
1401 2485 1575 2533 Plinio

507 2558 591 2608 hic
612 2560 897 2607 ascendere.-
931 2565 985 2604 et
1025 2557 1178 2612 adde,
1204 2558 1245 2604 si
1283 2557 1446 2620 lubet,
1483 2576 1574 2609 no-

507 2639 622 2683 tata
644 2634 707 2682 ad
732 2634 901 2681 Taciti
920 2632 1106 2682 Annal.
1126 2634 1174 2681 in
1197 2633 1382 2692 verbis,
1406 2637 1420 2662 ⁸
1438 2636 1573 2686 Con.

508 2710 646 2759 sulen
670 2708 795 2757 sede
821 2709 1039 2770 vulgari,
1064 2724 1156 2768 per
1180 2710 1405 2772 speciem
1424 2726 1573 2761 moes·

509 2787 663 2850 titiae,
688 2784 965 2836 sedentes-¹
1001 2788 1136 2848 Lips.

576 2864 870 2927 Detineant]
910 2864 992 2912 Ne
1015 2863 1127 2927 quis
1152 2862 1281 2910 alius
1306 2864 1574 2914 ascendat.

509 2938 700 2990 Omnia
722 2955 782 2989 eo
807 2947 1064 3004 spectant,
1090 2948 1146 2987 ut
1167 2937 1412 2988 ostendat
1444 2941 1574 2990 alios

509 3018 664 3068 titulo
688 3018 945 3078 consules,
972 3016 1110 3065 hune
1139 3030 1193 3064 re
1218 3014 1397 3079 fuisse,
1419 3024 1474 3066 et
1497 3015 1574 3067 fo-

511 3109 585 3144 re.
622 3094 774 3143 Idem.

578 3172 701 3220 Esse
726 3170 941 3232 denique,
965 3169 1087 3230 quod
1107 3168 1466 3232 concupierunt]
1502 3169 1573 3219 H.

510 3261 560 3295 e.
584 3247 936 3306 postulamus,
961 3252 1016 3292 ut
1041 3246 1280 3307 exemplo
1306 3252 1395 3294 tuo
1418 3246 1574 3296 doce·

509 3337 567 3372 as
587 3320 792 3370 futuros
817 3323 1079 3385 principes
1103 3336 1199 3372 esse
1234 3337 1355 3372 vere
1392 3338 1573 3373 consu·

509 3397 605 3454 les,
664 3399 785 3460 quod
835 3399 1212 3460 concupiverunt.
1283 3399 1574 3450 Pronomen

511 3474 633 3537 quod
657 3475 737 3520 vel
765 3474 978 3535 respicit
1013 3476 1327 3524 antecedens
1361 3478 1574 3527 verbum

509 3566 630 3615 esse,
663 3552 771 3601 sive
799 3558 958 3599 totam
983 3548 1174 3611 φράσιν,
1203 3566 1302 3600 esse
1323 3555 1573 3609 consulem,

508 3635 572 3677 ut
593 3627 730 3690 apud
755 3627 973 3675 Terent.
996 3627 1128 3674 Eun.
1152 3641 1240 3676 m.
1262 3633 1304 3676 l.
1329 3633 1408 3678 1⁰.
1428 3631 1444 3658 ‘
1467 3630 1573 3681 Qui

509 3703 667 3753 habet
710 3703 891 3762 salem,
937 3701 1074 3763 quod
1116 3702 1165 3749 in
1211 3710 1262 3750 te
1306 3703 1442 3751 est.’
1504 3708 1576 3755 Et

511 3780 705 3830 Heaut.
724 3792 787 3826 ιι.
807 3782 855 3826 8.
876 3781 987 3826 123.
1002 3777 1018 3804 ‘
1045 3778 1106 3826 In
1125 3785 1359 3840 tempore
1375 3780 1439 3829 ad
1459 3795 1574 3832 eam

511 3858 648 3920 veni,
690 3854 827 3922 qnod
874 3869 1045 3904 rerum
1085 3857 1311 3906 omnium
1350 3868 1427 3907 est
1469 3862 1576 3924 pri·

510 3933 686 3984 mum.'
751 3933 851 3981 Vel
908 3929 1133 3980 refertur
1176 3932 1243 3981 ad
1291 3949 1575 3996 pronomen

510 4012 582 4074 id,
615 4008 754 4076 quod
792 4008 1100 4069 intelligitur
1129 4009 1224 4058 sub
1260 4011 1417 4060 verbo
1457 4028 1576 4073 esse,

513 4095 574 4137 nt
589 4086 727 4148 apud
755 4085 941 4135 Horat.
961 4084 1072 4133 Sat.
1095 4090 1197 4136 ι.6.
1217 4088 1301 4136 41.
1327 4096 1342 4118 ⁸
1367 4089 1464 4138 Est
1488 4091 1576 4139 ille

513 4163 645 4227 (id,)
670 4172 821 4225 pater
850 4161 987 4227 quod
1024 4168 1137 4210 erat
1167 4163 1348 4212 meus!
1414 4165 1574 4229 Apud

512 4240 670 4290 eund.
690 4239 805 4289 Sat.
821 4242 1041 4289 tid-40.
1060 4238 1076 4267 ‘
1092 4237 1193 4296 Tu,
1214 4253 1329 4290 cnm
1344 4241 1433 4298 sis,
1448 4240 1579 4308 (id.)

1196 361 1417 413 80?AE
1463 359 1879 409 VARmRtJM
1930 361 2011 410 nt

1651 503 1788 567 quod
1825 517 1939 566 ego,
1973 509 2028 553 et
2059 501 2295 553 fortassis
2324 501 2576 568 nequior?
2640 505 2716 555 Et

1653 592 1725 626 vs.
1748 584 1832 627 66.
1853 579 1869 605 ⁴
1898 579 1947 628 N
1952 593 2017 627 on
2039 594 2116 640 es,
2140 578 2270 643 (id,)
2304 578 2442 643 qnod
2466 578 2718 629 simulas-⁹

1651 654 1808 717 Apud
1832 655 2065 704 Martini.
2090 659 2247 704 x.47.
2280 655 2296 682 ‘
2321 654 2475 706 Quod
2494 655 2580 716 sis,
2597 668 2715 705 esse

1650 732 1799 787 velis,
1845 732 2074 795 nihilque
2110 729 2292 779 malis.’
2359 729 2569 780 Curtius
2610 744 2716 780 vu.

1649 809 1699 855 8.
1733 807 1749 834 ⁴
1771 807 1861 856 Sin
1888 815 2058 856 autem
2084 806 2235 856 homo
2258 819 2348 867 εις
2382 804 2455 861 id,
2476 805 2615 871 quod
2636 820 2717 868 es,

1648 896 1856 945 semper
1897 897 2012 931 esse
2059 890 2111 932 te
2146 881 2351 944 cogita)
2418 881 2565 931 Alias
2602 882 2717 933 Cic·

1649 957 1809 1010 Offic.
1832 973 1892 1009 u.
1917 965 1995 1008 13.
2025 959 2173 1020 dicit,
2189 960 2205 987 ‘
2227 959 2398 1008 Simus
2432 959 2485 1015 ii,
2509 959 2725 1023 qui-ba·

1651 1035 1759 1084 beri
1785 1035 2034 1084 velimus.'
2090 1035 2243 1084 Iners
2269 1034 2527 1090 librarius.
2552 1037 2601 1084 in
2623 1050 2717 1086 co·

1648 1110 1764 1160 dice
1791 1112 1917 1160 Vst.
1940 1116 2083 1161 1475.
2107 1124 2203 1173 pro
2223 1125 2340 1172 esse,
2363 1111 2593 1174 reposuit
2611 1127 2717 1161 ous-

1645 1201 1722 1236 ne.
1791 1188 1852 1236 In
1877 1203 1992 1236 meo
2015 1186 2213 1244 codice,
2247 1201 2341 1250 pro
2360 1187 2717 1252 concupierint,

1645 1263 1896 1325 scriptum
1922 1273 2002 1312 est
2022 1263 2358 1325 concupierint.
2392 1264 2648 1313 Schwart-

1719 1337 2012 1399 Utsuers'nt]
2052 1336 2097 1386 1.
2120 1352 2166 1386 e.
2194 1346 2251 1385 ut
2282 1338 2520 1387 consules
2548 1336 2716 1389 fuisse

1646 1411 1906 1472 dicantur,
1946 1423 1999 1462 et
2036 1413 2086 1461 in
2127 1411 2276 1462 fastis
2310 1428 2716 1464 commemoren-

1650 1497 1749 1540 tur.
1815 1487 1961 1538 Insrs
1987 1503 2130 1545 vero,
2155 1502 2283 1539 ιιν.
2303 1495 2354 1540 4.
2376 1498 2392 1521 ·
2414 1492 2489 1540 Ut
2511 1490 2609 1540 hoe
2630 1505 2718 1541 so-

1650 1565 1698 1614 lo
1720 1566 2136 1627 intelligerentur
2154 1566 2251 1628 ipsi
2275 1568 2514 1617 eonsules
2538 1566 2720 1632 fuisse,

1646 1642 1783 1704 quod
1823 1643 1909 1691 alii
1950 1657 2049 1692 non
2093 1643 2351 1693 fuissent.'
2420 1645 2571 1694 Bene
2612 1646 2716 1696 hue

1649 1717 1988 1767 Heumannus
2024 1718 2206 1768 retulit
2239 1719 2409 1768 locum
2441 1733 2509 1768 ex
2538 1718 2717 1783 Epist.

1648 1807 1709 1842 rt.
1755 1798 1804 1842 3.
1841 1795 2034 1844 Plinii:
2073 1793 2313 1844 ‘Audias
2360 1793 2570 1856 Isaeum,
2626 1797 2718 1846 vel

1647 1871 1765 1919 ideo
1792 1878 2010 1925 tantum.
2030 1879 2089 1920 nt
2112 1869 2376 1921 audieris!
2408 1872 2564 1920 Iden.

1718 1948 1784 1997 Ut
1816 1947 2034 2010 suerint]
2089 1949 2353 1998 Dicentur
2391 1948 2715 1998 scribantur-

1650 2042 1748 2090 que
1773 2026 1947 2076 fuisse.
1983 2028 2117 2090 Lips.

1712 2103 1936 2153 Alterum
1956 2102 2271 2165 consulatum]
2300 2102 2508 2166 Nempe
2530 2117 2716 2155 seeun-

1648 2180 1790 2235 dum.
1804 2181 1854 2228 in
1871 2180 2147 2228 Germanis
2163 2178 2295 2235 fere,
2310 2180 2463 2241 longe
2477 2180 2543 2229 ab
2561 2181 2714 2245 urbe,

1649 2263 1704 2305 et
1729 2256 1867 2318 apud
1891 2255 2155 2304 barbaros.
2190 2254 2327 2303 Vide
2350 2269 2508 2320 supra
2532 2269 2641 2306 nvt-
2660 2261 2715 2307 8.

1653 2332 1808 2381 Hunc
1846 2332 2100 2395 Trajanus
2146 2340 2451 2394 susceperat
2495 2331 2718 2396 adopta·

1652 2416 1754 2470 tus,
1777 2408 2061 2471 superstite
2097 2408 2307 2466 Nerva;
2343 2407 2565 2470 primum
2590 2423 2715 2460 vero

1650 2492 1887 2548 gesserat
1909 2485 2001 2533 sub
2026 2483 2347 2537 Domitiano.
2368 2495 2507 2532 nvn.
2527 2488 2578 2534 ⁸.
2609 2485 2714 2534 P·-

1649 2563 1792 2611 carol.

1719 2637 1920 2688 Exteris
1957 2636 2200 2700 gentibus]
2260 2636 2449 2686 Ceteris
2486 2637 2716 2698 gestibus

1651 2716 1820 2765 Livin.
1848 2716 1897 2763 in
1932 2722 2108 2775 textu3
2139 2714 2229 2762 sed
2266 2714 2318 2762 in
2353 2714 2609 2777 margine,
2630 2730 2719 2765 ea-

1649 2793 1768 2842 ters's
1785 2790 2007 2852 gentibus
2029 2791 2088 2839 C.
2111 2790 2177 2839 G.
2201 2789 2384 2852 probe.

1721 2867 1918 2916 Exteris
1947 2864 2195 2928 gentibus]
2254 2866 2440 2913 Ceteris
2469 2865 2719 2926 gentihus.

1647 2944 1750 2992 Sed
1776 2943 1952 2991 exteris
1976 2942 2033 2991 C.
2057 2940 2126 2990 G.
2161 2948 2216 2990 ut
2240 2948 2295 2990 et
2315 2955 2476 3004 supra
2496 2956 2616 3005 cap.
2641 2945 2721 2992 18.

1652 3019 1891 3068 ΙίἰιιενοΙι.

1715 3095 1918 3144 Exteris
1934 3092 2182 3156 gentihus]
2215 3093 2301 3142 Ita
2326 3095 2441 3155 lego
2465 3096 2522 3144 in
2546 3096 2718 3146 tribus

1650 3170 1919 3220 codicibus
1960 3169 2250 3227 Vaticanis,
2304 3168 2356 3217 iu
2406 3170 2721 3228 parisiensi.

1650 3254 1870 3312 utroque
1916 3245 2142 3305 Veneto,
2199 3244 2609 3309 salisburgensi,
2660 3256 2722 3297 et

1651 3338 1788 3384 meo,
1828 3324 1952 3371 item
1988 3322 2039 3369 in
2073 3321 2373 3385 Cuspiniani
2403 3329 2457 3371 et
2491 3322 2721 3387 Grypbii

1651 3399 1983 3460 editionibus,
2012 3413 2130 3448 eum
2164 3399 2319 3461 vulgo
2349 3398 2618 3461 proditum
2649 3401 2721 3451 sit

1649 3477 1822 3525 ceteris
1854 3475 2095 3536 gentibus.
2162 3475 2266 3526 Sed
2315 3477 2503 3525 exteris
2555 3478 2719 3527 etiarn

1652 3554 1852 3617 placuit
1895 3552 2124 3602 Livineio
2163 3558 2220 3601 et
2255 3551 2627 3611 Rittersltusio‚
2661 3563 2721 3605 et

1652 3631 1927 3693 probatum
1964 3636 2339 3691 receptumque
2370 3636 2454 3678 est
2487 3629 2559 3679 ab
2584 3630 2719 3680 Arn-

1654 3706 1842 3762 tzenio,
1864 3714 1920 3753 ut
1934 3717 2090 3752 voces
2112 3703 2291 3753 exteris
2314 3710 2371 3752 et
2393 3704 2532 3753 nobis
2552 3719 2618 3755 eo
2640 3707 2717 3755 lu·

1651 3782 1913 3831 eulentius
1957 3780 2055 3829 sibi
2104 3778 2323 3828 invicem
2368 3789 2720 3842 opponantur.

1652 3860 1737 3908 Ita
1760 3866 1814 3908 et
1838 3871 2011 3920 supra,
2037 3869 2135 3905 xvi
2146 3870 2185 3904 ι.
2213 3859 2265 3904 ⁴.
2286 3857 2608 3907 auctoritate
2631 3873 2717 3908 ce-

1651 3935 1826 3985 dicum
1859 3934 1989 3982 Mas.
2023 3930 2280 3981 vindicavi
2312 3944 2496 3983 vocem
2531 3940 2716 3985 m

1649 4027 1774 4073 rum,
1802 4025 1897 4074 pro
1919 4014 2195 4058 ceterorum.
2225 4007 2487 4058 Schwara.

1715 4086 1911 4136 Poteris
1941 4080 2200 4149 imputare]
2235 4081 2282 4130 1.
2300 4095 2351 4132 e.
2374 4084 2573 4143 poteris
2604 4090 2713 4134 tan·

1651 4177 1803 4227 quam
1827 4161 2085 4223 singulare
2119 4156 2429 4207 beneficium
2452 4158 2713 4209 adscribe·

1652 4252 1730 4290 re.
1798 4238 1880 4289 De
1917 4235 2074 4288 verbo
2107 4233 2345 4299 inputare
2366 4234 2478 4300 jam
2503 4235 2610 4288 dixi
2630 4251 2712 4288 sn·
