3060 4902
500 389 633 458 ⁷58

505 549 769 602 Livineius
814 549 1138 615 conjecerat,
1178 547 1572 599 rescribendum

1209 403 1425 454 NOTAE
1477 405 1884 455 vammum
1934 406 2019 455 IN

1651 556 1811 612 tecta,
1854 549 2062 602 aedificii
2108 565 2247 614 pars.
2300 565 2420 616 quae
2471 552 2719 604 auteriori

505 640 618 678 esse
641 641 733 675 non
755 632 967 689 appetas,
993 627 1074 676 vel
1098 641 1190 676 non
1218 626 1434 690 affectes.
1501 624 1574 675 11-
1639 628 1801 691 janua
1822 627 2205 678 introeuntibus
2227 630 2476 678 occurrit.
2509 630 2718 680 Verun-

506 703 594 753 lud
651 717 746 752 non
799 709 995 765 appetas
1037 703 1240 767 recepit
1286 703 1575 753 Gesnerus.

505 779 781 843 copiosius
831 780 965 828 bunc
1011 781 1180 831 locum
1226 780 1481 830 illustravi
1521 779 1574 829 iu

507 856 730 906 Excurs.
754 869 937 907 xuni.
972 857 1126 906 Idem.

572 935 790 991 Deorum
821 936 921 999 ipse
953 950 1045 985 non
1076 937 1146 986 sis
1180 934 1402 999 adeptas]
1448 934 1577 985 Deo-

506 1031 613 1065 rum
635 1016 737 1077 ipse
759 1029 852 1064 ison
872 1017 1086 1078 adeptus.
1157 1016 1350 1064 Contra
1387 1027 1448 1063 ac
1471 1015 1577 1063 Do·

509 1090 775 1146 minimus,
799 1090 885 1154 qui
911 1106 1024 1140 cum
1047 1097 1440 1153 procuratorum
1464 1104 1580 1139 suo·

510 1181 623 1216 rum
659 1167 864 1216 nomine
903 1164 1174 1216 formalem
1212 1165 1441 1215 dictaret
1467 1166 1579 1229 epi-

511 1245 720 1305 stolam,
741 1243 815 1293 sic
838 1244 999 1307 coepit
1023 1258 1036 1291 :
1059 1245 1074 1273 ‘
1096 1243 1344 1293 Dominus
1359 1251 1414 1293 et
1429 1245 1580 1294 Deus

512 1328 692 1369 noster
730 1320 805 1369 sic
845 1318 957 1369 fieri
979 1318 1171 1383 jubet.'
1239 1321 1418 1370 Verba
1457 1328 1581 1371 suut

510 1397 746 1447 Suetonii
782 1412 901 1462 cap.
940 1401 1018 1448 ls.
1084 1397 1146 1447 In
1190 1404 1425 1449 extrema
1455 1413 1581 1462 quo·

513 1489 613 1539 que
652 1487 780 1523 voce
819 1482 1091 1538 peccatum
1136 1475 1371 1525 omuibus
1414 1475 1581 1538 libris,

514 1550 650 1615 quod
685 1550 966 1601 demirere.
1036 1551 1289 1615 Equidem
1317 1552 1494 1601 literas
1520 1566 1582 1603 ae

514 1627 737 1690 vestigia
760 1637 968 1678 secutus
999 1634 1194 1690 oppetas
1229 1629 1582 1690 reposuerim3

514 1717 632 1752 uam
679 1705 873 1766 adpetas
912 1703 1171 1766 scriptura
1210 1703 1481 1766 princeps,
1526 1711 1584 1752 et

515 1780 825 1841 antiquaria.
873 1778 1083 1841 Adoptes
1105 1779 1259 1828 etiam
1283 1779 1416 1828 haud
1442 1779 1583 1829 dam-

516 1855 770 1915 naverim,
807 1863 863 1904 ut
896 1855 1084 1904 Cicero
1111 1854 1244 1904 dixit
1271 1856 1510 1905 Divinat.
1534 1855 1586 1905 in

516 1931 669 1979 Verr.
712 1930 882 1979 ‘Cum
929 1931 1215 1980 auctoritas
1255 1938 1309 1981 et
1353 1931 1586 1995 dignitas

519 2006 725 2058 Pisonis
762 2006 969 2056 valebat
1014 2007 1306 2070 plurimum,
1353 2016 1458 2058 tum
1498 2010 1587 2058 illa

517 2091 632 2133 erat
655 2098 836 2134 caussa
847 2084 1158 2148 justissima.
1188 2086 1325 2149 quod
1352 2100 1469 2135 eum
1488 2086 1587 2136 sibi

521 2158 699 2211 Achaei
730 2167 1003 2223 patronum
1028 2162 1378 2224 adoptaraut.’
1423 2164 1590 2214 Pote-

519 2242 602 2288 rat
624 2245 678 2287 et
701 2237 909 2296 affectes
932 2239 1161 2302 placere,
1180 2238 1273 2289 sed
1294 2240 1588 2303 longiuscu-

519 2313 567 2363 le
608 2313 658 2363 id
700 2313 811 2363 abit
844 2328 875 2363 a
910 2315 1189 2381 scriptura.
1257 2316 1446 2382 Itaque
1486 2317 1590 2382 pri·

521 2403 657 2438 mum
685 2389 811 2439 illud
840 2391 1061 2440 retineo.
1099 2392 1266 2441 Licin.

588 2471 650 2519 In
688 2471 942 2534 vestibulo]
989 2473 1196 2535 Nempe
1235 2474 1286 2522 iu
1335 2474 1590 2525 vestibulo

521 2548 703 2612 templi
749 2549 1066 2611 Capitoliui3
1124 2552 1175 2598 in
1234 2564 1336 2613 quo
1395 2551 1591 2615 templo

523 2625 792 2688 praecipue
820 2626 1093 2676 colebatur
1123 2627 1338 2691 Jupiter
1373 2629 1591 2691 Capito·

522 2703 675 2757 linus,
723 2717 897 2766 quiem,
939 2714 1092 2750 xcrv.
1132 2707 1180 2751 l.
1226 2712 1592 2765 comprecatur

523 2778 746 2838 Plinius,
776 2787 831 2827 et
855 2778 940 2842 qui
968 2778 1073 2826 κατ’
1107 2778 1281 2840 ἐξοχὴν
1314 2780 1484 2829 dictus
1508 2788 1593 2830 est

522 2856 538 2883 ‘
563 2854 778 2918 Jupiter
820 2857 1045 2920 optimus
1081 2856 1370 2906 maximus!
1435 2858 1591 2907 Unde

525 2931 638 2982 Liv.
679 2947 765 2982 m.
802 2937 879 2982 17.
916 2932 931 2960 ‘
956 2933 1273 2997 Capitolium
1312 2942 1463 2984 vocat
1500 2950 1591 2986 au·

523 3011 864 3075 gustissimam
888 3011 1027 3060 illam
1054 3010 1259 3060 domum
1283 3011 1431 3062 Jovis
1453 3013 1590 3075 opti·

524 3091 595 3138 mi
619 3088 861 3139 maximi.'
926 3089 1046 3140 Jam
1081 3089 1145 3138 Α.
1166 3089 1327 3138 Gellii
1354 3098 1593 3154 tempore

524 3166 624 3230 ipsi
665 3167 893 3215 homines
932 3165 1126 3217 eruditi
1169 3165 1254 3213 vix
1291 3165 1459 3215 adhuc
1494 3168 1594 3217 sci·

528 3244 663 3292 visse
689 3242 1085 3305 videntur,quid
1110 3244 1126 3271 ⁴
1145 3242 1483 3292 vestibulum’
1503 3259 1594 3294 au-

529 3318 699 3379 tehac,
716 3325 769 3367 et
791 3318 927 3367 uude
941 3318 1134 3368 dictum
1150 3320 1235 3368 sit.
1280 3320 1434 3371 Libro
1452 3322 1591 3372 enim

528 3409 644 3445 xvr.
671 3396 830 3445 Noct.
857 3395 1022 3445 Attic.
1055 3411 1100 3445 c.
1124 3402 1171 3444 5.
1205 3404 1219 3427 ⁴
1249 3395 1594 3448 Animadver-

529 3470 610 3532 ti,'
653 3458 841 3534 iuquit,
876 3479 889 3501 ⁴
916 3473 1167 3537 quosdam
1200 3473 1593 3538 haudquaquam

528 3546 765 3597 indoctos
791 3549 924 3595 viros
947 3548 1169 3611 opinari,
1194 3548 1210 3574 ‘
1238 3550 1554 3599 vestibulum
1582 3551 1597 3574 '

528 3637 645 3673 esse
673 3632 871 3685 partem
895 3622 1076 3670 domus
1115 3623 1410 3686 primorem,
1439 3641 1594 3689 quam

533 3701 713 3762 vulgus
733 3699 749 3726 ‘
771 3698 958 3748 atrium
982 3696 996 3720 ’
1023 3708 1176 3747 vocat
1195 3698 1227 3745 ε’
1262 3700 1384 3763 quia
1407 3716 1594 3766 nempe

530 3780 582 3829 in
608 3779 742 3829 atrio
766 3777 935 3832 focus,
970 3776 1145 3825 Venae
1170 3790 1339 3841 sacer,
1359 3787 1598 3832 exstrue.

532 3864 617 3907 tus
649 3863 785 3917 erat,
819 3854 953 3903 unde
987 3854 1123 3902 idem
1160 3854 1302 3903 locus
1325 3855 1341 3882 ‘
1369 3857 1598 3907 vestibu-

532 3935 636 3983 lum
657 3932 671 3955 ⁹
693 3932 885 3992 dictus,
908 3932 1155 3981 innuente
1174 3931 1333 3981 Ovid.
1351 3932 1497 3983 Fast.
1520 3948 1600 3983 vr.

531 4013 647 4061 301.
690 4024 801 4075 seq.
857 4009 873 4036 ‘
898 4007 972 4056 At
1010 4006 1160 4057 focus
1196 4022 1227 4056 a
1271 4006 1504 4072 flammis,
1542 4019 1597 4060 et

533 4088 673 4154 quod
708 4086 853 4138 fovet
892 4085 1082 4147 omnia,
1113 4084 1322 4146 dictus3
1375 4087 1478 4139 Qui
1520 4093 1596 4137 ta.

531 4166 724 4217 meniu
749 4164 927 4230 primis
941 4161 1139 4213 adibus
1160 4169 1282 4211 aute
1303 4160 1420 4212 fuit.
1455 4162 1598 4213 Hinc

535 4256 742 4307 quoque
780 4239 1087 4291 vestibulum
1129 4237 1235 4290 dici
1280 4236 1434 4290 reor.'
1500 4240 1599 4290 Est

535 4325 713 4370 autem
740 4317 867 4369 allas
901 4323 917 4349 ·
938 4316 1129 4368 atrium
1155 4314 1171 4339 '
1212 4316 1400 4385 prima,
1430 4330 1600 4387 eaque

1653 713 1828 754 tamen
1852 705 2125 755 Vitruvius
2148 705 2356 755 omuino
2388 707 2405 732 ⁸
2430 707 2620 755 atrium
2645 705 2659 729 ’
2686 721 2719 756 a

1651 789 1667 813 ·
1692 782 1941 832 vestibulo
1961 781 1977 805 '
2005 781 2295 845 distinguit,
2341 795 2420 831 vx.
2458 785 2509 831 8.
2553 788 2568 810 ⁸
2597 782 2721 845 His,

1654 859 1740 922 qui
1782 859 2036 909 communi
2074 867 2194 909 sunt
2232 856 2463 921 fortuna,
2494 873 2596 908 uon
2630 873 2717 908 ue·

1651 937 1877 985 cessaria
1900 934 2175 1001 magnifica
2209 935 2481 997 vestibula,
2514 951 2614 986 nec
2643 943 2722 986 ta·

1653 1012 1814 1070 blina‚
1837 1028 2007 1078 neque
2030 1014 2164 1063 atria
2185 1028 2201 1074 ;
2233 1011 2370 1077 quod
2400 1012 2449 1061 hi
2473 1012 2588 1062 aliis
2610 1010 2723 1063 offi-

1653 1091 1733 1140 cia
1759 1097 2012 1153 praestaut
2036 1090 2336 1151 ambiundo,
2365 1105 2480 1153 quae
2513 1089 2580 1138 ab
2605 1088 2723 1138 aliis

1656 1165 1986 1216 ambiuntur.’
2037 1167 2107 1216 Et
2127 1168 2299 1230 paullo
2318 1166 2549 1230 iuferius,
2573 1166 2590 1193 ‘
2610 1167 2726 1218 No·

1654 1242 1844 1293 bilibus
1881 1258 2029 1305 vero,
2064 1244 2150 1309 qui
2196 1245 2416 1293 bonores
2447 1244 2725 1307 magistra·

1655 1329 1844 1385 tuaque
1868 1321 2097 1385 gerendo
2122 1330 2372 1385 praestare
2394 1320 2590 1370 debent
2614 1319 2726 1372 offi-

1655 1398 1733 1447 cia
1758 1397 1976 1458 civibus,
2002 1396 2141 1461 [quae
2167 1398 2321 1448 verba
2345 1398 2419 1447 sic
2445 1400 2727 1448 restituen-

1657 1474 1722 1523 da
1739 1481 1881 1537 puto,
1903 1474 2201 1525 ‘Nobilibus
2219 1475 2554 1538 vero,quibus
2567 1474 2728 1524 bono·

1659 1565 1740 1600 res
1776 1551 2215 1615 magistratusque
2245 1550 2553 1614 gerentibus
2588 1565 2726 1615 prn-

1657 1629 1787 1678 stari
1804 1627 1999 1678 debent
2015 1627 2181 1679 officia
2196 1644 2225 1679 a
2242 1628 2509 1693 civibus,’]
2528 1625 2726 1676 facien-

1658 1704 1727 1754 da
1748 1712 1866 1754 sunt
1894 1705 2151 1754 vestibula
2182 1705 2401 1769 regalia,
2440 1707 2548 1754 alta
2572 1705 2729 1764 atria,

1658 1788 1713 1831 et
1739 1782 2005 1845 peristylia
2031 1781 2383 1845 amplissima,’
2404 1783 2505 1831 διο.
2571 1780 2644 1831 At
2667 1779 2731 1829 0·
2812 1775 2815 1780 ’

1660 1856 1758 1907 AEl.
1798 1856 1980 1907 Gallus
2015 1857 2083 1906 de
2120 1855 2312 1920 Signif-
2345 1857 2508 1906 Verb.
2540 1855 2629 1906 lib.
2663 1869 2729 1906 ιι.

1660 1931 1796 1995 apud
1834 1932 1972 1982 Gell.
2014 1933 2049 1982 l.
2094 1946 2141 1982 c.
2177 1932 2537 1982 ‘Vestibulum
2561 1929 2575 1953 ’
2610 1943 2728 1981 esse

1661 2009 1814 2066 dixit,
1859 2011 1991 2058 ‘uon
2035 2009 2085 2058 iu
2124 2008 2253 2073 ipsis
2296 2008 2518 2068 aedibus,
2556 2022 2727 2074 nequa

1663 2094 1866 2150 partem
1903 2084 2127 2147 aedlumg
2161 2084 2252 2134 ssd
2291 2086 2460 2135 locum
2495 2092 2621 2136 aute
2643 2084 2728 2148 ja·

1662 2177 1809 2211 uuam
1830 2162 2011 2212 domus
2036 2177 2274 2218 vacuum,
2299 2176 2393 2226 per
2414 2176 2567 2226 quem
2593 2177 2625 2211 a
2647 2163 2733 2212 via

1662 2239 1832 2289 aditus
1855 2253 2198 2303 accessusque
2228 2240 2291 2289 ad
2325 2238 2463 2288 aedes
2487 2246 2588 2296 est,
2612 2253 2730 2288 cum

1661 2317 1852 2367 dextra
1872 2318 2179 2380 sinistraque
2208 2315 2345 2365 inter
2375 2315 2596 2378 januam
2623 2321 2733 2364 tec·

1665 2402 1840 2459 taque,
1863 2407 1977 2457 quae
2007 2400 2124 2442 suut
2149 2393 2243 2441 viae
2267 2391 2480 2456 juncta,
2503 2391 2734 2456 spatium

1666 2471 2006 2534 relinquitur3
2048 2478 2207 2533 atque
2236 2468 2524 2534 ipsajauua
2547 2468 2732 2531 procul

1665 2561 1694 2595 a
1722 2546 1803 2594 via
1827 2554 1924 2604 est,
1946 2561 2069 2595 area
2095 2546 2302 2594 vacanti
2326 2541 2598 2593 intersita.’
2643 2543 2734 2593 Sic

1666 2636 1792 2685 ergo
1818 2622 1888 2670 ibi
1913 2624 2086 2686 pergit
2109 2620 2346 2670 Gellius:
2383 2621 2398 2649 ‘
2423 2620 2526 2671 Qui
2548 2616 2735 2669 domus

1665 2699 1887 2762 amplius
1925 2699 2212 2761 antiquitus
2243 2696 2528 2759 faciebant,
2563 2696 2732 2745 locum

1665 2782 1786 2824 ante
1821 2775 2039 2839 januam
2089 2789 2301 2826 saeuum
2348 2771 2735 2837 relinquebant,

1664 2852 1753 2914 qui
1777 2852 1908 2899 inter
1934 2850 2074 2900 fores
2094 2849 2275 2900 domus
2298 2858 2351 2899 et
2375 2849 2510 2898 viam
2531 2847 2734 2897 medius

1670 2937 1842 2978 esset:
1882 2929 1932 2977 iu
1958 2943 2019 2977 eo
2044 2929 2179 2990 loco,
2205 2927 2293 2993 qui
2322 2927 2585 2976 domiuum
2619 2926 2734 2990 ejus

1667 3005 1852 3053 domus
1912 3007 2190 3054 salutatum
2261 3011 2526 3061 venerant,
2571 3005 2738 3068 prius·

1668 3096 1819 3145 quam
1847 3081 2266 3137 admitterentur.
2283 3081 2663 3142 consistebant,
2683 3088 2740 3131 et

1669 3172 1838 3222 neque
1875 3159 1924 3206 iu
1973 3159 2055 3208 via
2097 3159 2327 3216 stabant,
2375 3173 2545 3224 neque
2594 3159 2736 3209 iuter

1671 3237 1995 3287 aedeserant.
2034 3236 2118 3288 Ab
2143 3239 2232 3287 illa
2255 3253 2381 3302 ergo
2399 3237 2616 3302 grandis
2637 3238 2737 3287 loci

1671 3314 2066 3374 constitioue,et
2086 3315 2230 3379 quasi
2257 3315 2477 3380 quadam
2502 3315 2740 3364 stabula·

1674 3392 1837 3453 tione,
1860 3391 2113 3439 vestibula
2137 3391 2404 3455 appellata
2428 3398 2546 3440 sunt
2568 3407 2584 3450 ς
2619 3405 2740 3455 spa-

1674 3469 1765 3523 tia,
1782 3469 1915 3518 sicut
1941 3467 2184 3533 diximus,
2208 3468 2427 3532 grandia
2446 3475 2571 3517 aute
2595 3465 2738 3517 sores

1674 3546 1862 3597 aedium
1888 3546 2086 3603 relicta,
2115 3545 2166 3594 iu
2191 3545 2378 3609 quibus
2401 3552 2625 3601 starent,
2650 3545 2739 3609 qui

1676 3626 1957 3688 venisseut,
1992 3624 2292 3688 priusquam
2320 3623 2370 3672 iu
2401 3620 2610 3671 domum
2648 3620 2740 3671 ad·

1675 3700 2046 3752 mitterentur!
2088 3701 2194 3752 Sed
2217 3701 2294 3751 sic
2315 3699 2503 3757 fateor,
2527 3714 2611 3750 me
2637 3714 2743 3751 nou

1676 3778 1851 3829 videre
1896 3779 2152 3843 quomodo
2208 3778 2224 3805 ‘
2257 3777 2574 3828 vestibulum
2605 3777 2620 3799 ’
2674 3778 2743 3827 ab

1677 3853 1860 3904 ‘area'
1910 3863 2034 3918 apte
2086 3854 2431 3918 distinguatur
2455 3871 2470 3916 ς
2515 3856 2743 3906 maxime

1674 3932 1717 3981 si
1761 3932 2006 3994 expendo
2041 3931 2298 3996 quomodo
2332 3932 2547 3982 Suetou.
2574 3934 2745 3985 Nerv.

1674 4024 1790 4072 cap.
1818 4013 1899 4060 81.
1931 4010 1946 4038 ⁶
1965 4009 2277 4058 vestibulum
2297 4008 2313 4032 '
2344 4008 2527 4058 domus
2564 4023 2744 4060 aurem

1677 4086 1903 4136 Neronis
1938 4085 2309 4148 descripserit:
2346 4084 2643 4150 ‘Domum,’
2665 4086 2751 4135 ins

1674 4163 1808 4227 quit,
1839 4164 1854 4189 ⁴
1875 4178 1904 4212 a
1941 4162 2151 4214 Palatio
2186 4162 2445 4228 Esquilias
2477 4177 2642 4227 usque
2666 4161 2746 4213 fe·

1675 4239 1768 4290 cit.
1797 4274 1810 4289 .
1838 4274 1852 4290 .
1873 4272 1888 4288 .
1908 4241 2239 4291 Vestibulum
2263 4242 2379 4306 ejus
2410 4238 2532 4301 fuit,
2560 4240 2615 4289 iu
2639 4256 2747 4307 quo

1675 4318 1902 4371 colossus
1930 4325 2141 4376 centum
2160 4317 2347 4385 viginti
2362 4315 2556 4385 pedum
2573 4323 2750 4369 staret
