3060 4902
496 392 629 460 550

500 552 585 601 bia
608 550 734 602 ferri
759 550 995 603 solebant
1027 551 1248 614 lectica;
1281 565 1380 603 nec
1403 553 1567 619 impe·

501 636 704 678 ratores
728 634 952 685 tantum,
977 629 1067 679 sed
1093 630 1284 694 privsti
1308 630 1486 695 etiam,
1510 636 1567 680 et

500 706 730 758 femine.
764 707 894 757 Erat
917 715 1091 756 sutem
1113 708 1199 756 illa
1226 709 1565 771 gestatorium

504 784 783 850 quoddam,
809 783 860 832 iu
879 798 983 848 quo
1006 785 1159 834 strati
1181 791 1331 834 erunt
1351 783 1567 848 pulvini,

505 869 565 911 nt
608 860 813 910 mollius
849 862 1117 925 jsceren13
1158 859 1567 926 ferebanturque

504 937 792 1002 suppositis
831 938 1202 1001 exemptilibns
1235 939 1497 989 asseribus
1539 954 1569 988 a

505 1015 692 1075 servis,
713 1013 867 1064 modo
889 1023 1130 1078 quatuor,
1146 1015 1299 1064 modo
1323 1029 1434 1078 sex,
1459 1030 1570 1065 mo-

506 1089 575 1140 do
597 1098 733 1140 octo.
766 1091 943 1142 Quare
968 1091 1160 1140 mentio
1184 1090 1245 1141 fit
1266 1098 1282 1121 ‘
1305 1090 1570 1155 hexapho-

505 1167 551 1216 ri
578 1165 593 1188 '
628 1167 765 1230 apud
800 1167 1033 1217 Martini.
1072 1180 1138 1217 n.
1166 1171 1248 1216 81.
1281 1181 1363 1217 ιν.
1395 1172 1478 1217 51.
1515 1174 1573 1217 et

507 1242 524 1270 ‘
552 1243 826 1305 octophori
853 1242 868 1265 ’
914 1242 1050 1304 apud
1098 1245 1257 1294 eund.
1299 1256 1382 1294 rx.
1427 1248 1476 1292 8.
1514 1252 1572 1294 et

505 1317 647 1382 apud
687 1318 799 1368 Cic.
831 1317 882 1366 in
922 1317 1077 1367 Verr.
1105 1332 1161 1368 x.
1200 1323 1249 1368 2.
1282 1322 1297 1350 ⁸
1324 1320 1479 1382 Nam,
1513 1325 1574 1369 ut

506 1408 620 1444 mos
635 1391 735 1444 fuit
753 1395 1015 1460 Bithyniae
1035 1396 1259 1460 regibus,
1272 1397 1463 1447 lectica
1485 1411 1573 1447 oc·

508 1472 728 1535 tophoro
764 1471 1064 1535 ferebatur3
1110 1474 1160 1522 in
1199 1488 1300 1538 qus
1335 1474 1574 1537 pulvinus

508 1557 623 1597 erat
664 1549 978 1613 perlucidus,
1006 1550 1274 1599 Meliteusi
1299 1564 1415 1598 rosa
1439 1549 1574 1599 fare·

509 1632 609 1674 tus.
632 1657 646 1674 .
669 1658 682 1674 .
709 1656 723 1673 .
748 1625 834 1674 Slc
857 1624 1101 1675 confecto
1125 1625 1332 1681 itinere,
1355 1640 1471 1675 cum
1506 1625 1572 1675 ad

511 1700 718 1764 aliquod
742 1700 955 1764 opidum
990 1710 1223 1757 venerat,
1254 1703 1434 1752 eadem
1468 1704 1574 1754 lec·

508 1776 613 1825 tica
637 1790 799 1841 usque
824 1776 874 1825 in
895 1776 1189 1827 cubiculum
1207 1777 1580 1830 deferebatur.'

509 1852 700 1901 Allusit
725 1855 788 1903 ad
816 1854 949 1903 hune
973 1868 1165 1905 rnorem
1191 1856 1432 1909 Juvenal.
1462 1857 1577 1908 Sat.

507 1942 599 1978 nr.
640 1933 755 1978 239.
798 1930 816 1958 ‘
839 1931 1015 1980 Turba
1056 1931 1301 1994 cedente,
1357 1934 1577 1984 vehetur

512 2006 688 2062 Dives,
727 2012 782 2056 et
825 2008 1023 2070 ingenti
1069 2018 1243 2060 curret
1286 2025 1443 2073 snper
1484 2026 1579 2061 ora

511 2081 774 2133 Liburno.'
818 2082 1045 2133 Consule
1072 2085 1213 2148 Lips.
1241 2085 1408 2135 Eleet.
1433 2101 1469 2137 1.
1495 2092 1575 2137 19.

509 2166 564 2208 et
596 2157 854 2209 Scheffer.
888 2161 954 2210 de
990 2162 1068 2211 Re
1102 2161 1284 2212 Vehic.
1307 2177 1370 2214 ιι.
1393 2170 1442 2213 6.
1476 2165 1577 2214 Pa·

517 2237 655 2284 tas-ol.

581 2313 786 2364 Hmers‘
806 2313 1123 2379 cervicesque]
1155 2313 1365 2379 Nempe
1397 2316 1448 2365 in
1473 2317 1579 2366 lec·

512 2389 648 2440 ticis.
715 2389 817 2440 Sed
843 2390 1005 2456 quid?
1039 2404 1211 2440 nonne
1236 2392 1391 2456 vulgo
1424 2407 1502 2441 eae
1526 2393 1578 2441 iu

508 2470 638 2516 usu?
692 2481 885 2530 nonne,
929 2482 1031 2517 uon
1068 2468 1240 2518 dicam
1286 2477 1581 2532 senatores,

509 2543 601 2592 sed
627 2545 852 2607 equites,
883 2552 939 2594 et
975 2558 1154 2594 ornnes
1191 2545 1363 2608 paullo
1397 2546 1576 2595 hones·

511 2619 674 2669 tiores
718 2621 780 2670 iis
821 2619 994 2669 vecti?
1048 2621 1288 2682 Factum,
1330 2629 1385 2671 et
1422 2622 1576 2672 docui

514 2697 742 2746 Elector.
781 2696 869 2745 lib.
906 2709 944 2746 t.
1011 2697 1141 2747 Quae
1180 2697 1338 2760 igitur
1373 2699 1456 2749 hie
1493 2714 1578 2748 su·

512 2772 700 2835 perbin
725 2772 970 2836 culpata?
1006 2772 1181 2828 Quod,
1206 2773 1294 2824 ubi
1318 2776 1578 2839 princeps,

514 2856 571 2899 et
615 2849 783 2911 major
839 2850 929 2900 illa
968 2864 1210 2913 persona,
1251 2852 1480 2918 itemque
1524 2854 1578 2903 in

516 2926 742 2990 publicis
766 2927 1107 2977 conventibus
1130 2936 1220 2979 anit
1248 2932 1468 2994 pompis,
1493 2932 1580 2981 alii

516 3002 837 3052 abstinerent
855 3017 883 3050 a
908 3002 1126 3060 lecticis,
1147 3013 1202 3055 et
1228 3005 1445 3067 pedibus
1467 3021 1580 3070 gre·

518 3079 788 3130 derentnr.
857 3079 930 3129 At
964 3080 1059 3138 illi,
1092 3088 1148 3129 ut
1175 3084 1480 3139 eminerent,
1503 3099 1582 3132 as·

519 3155 813 3218 sumebant,
852 3161 909 3205 et
945 3155 1082 3219 quod
1119 3157 1203 3205 hic
1229 3156 1397 3213 addit,
1425 3173 1584 3221 super

512 3244 612 3279 -ora
658 3239 713 3281 et
756 3233 933 3295 cupita
985 3232 1204 3283 aliorum
1255 3232 1581 3286 ferebantur.

521 3307 659 3371 Lipe.

589 3383 744 3447 Super·
764 3399 848 3432 orn
878 3386 1065 3450 nostru]
1101 3387 1344 3439 Juvenal.
1364 3388 1478 3437 Sat.
1496 3402 1586 3439 ut.

520 3459 716 3509 ‘turba
762 3460 986 3512 cedente
1030 3463 1248 3513 vehetur
1292 3464 1474 3520 Dives,
1526 3473 1584 3515 et

521 3537 738 3599 ingenti·
769 3545 948 3587 curret
989 3553 1147 3602 super
1190 3555 1282 3589 ora
1322 3540 1584 3591 Liburno?

522 3611 772 3662 Arbitror
793 3626 917 3662 vero
953 3613 1033 3662 hic
1071 3614 1301 3676 inprimis
1331 3616 1588 3667 Domitia·

525 3704 647 3739 num
667 3691 853 3752 notari,
873 3690 959 3754 qni
985 3690 1172 3740 laboris
1194 3692 1470 3755 impatiens
1491 3709 1585 3757 per

521 3766 704 3816 urbem
743 3765 964 3829 pedihus
988 3780 1090 3816 non
1131 3775 1327 3818 temere
1358 3770 1587 3820 ambula·

526 3844 622 3904 vit,
649 3842 930 3892 Suetonius
954 3856 1070 3905 cap.
1095 3847 1176 3893 19.
1215 3844 1381 3894 Lirin.

592 3918 751 3982 Super
772 3933 856 3967 ore
877 3919 1066 3983 nostra]
1097 3919 1338 3972 Juvenal.
1361 3922 1476 3971 Set.
1496 3936 1588 3972 nt.

530 3999 647 4046 289.
683 3997 700 4026 ⁴
727 3994 878 4045 turba
899 3994 1124 4044 cedente
1161 3997 1380 4047 vehetur
1403 3999 1589 4059 Dives,

505 4081 584 4132 ,et
607 4072 807 4136 ingenti
831 4080 1009 4122 curret
1033 4086 1192 4136 super
1214 4088 1302 4123 ora
1326 4075 1592 4126 Liburno.’

531 4147 764 4198 Senecas
799 4147 816 4174 ⁴
843 4145 987 4198 Quos
1023 4161 1184 4211 supra
1218 4150 1395 4212 capita
1429 4152 1585 4202 homi·

531 4239 654 4276 num
679 4224 864 4274 lectica
888 4223 1198 4288 suspendit.’
1228 4225 1363 4291 Lips.

523 4317 530 4322 ·
601 4301 669 4353 Te
707 4296 928 4362 libertus]
969 4301 1103 4352 Haec
1141 4302 1330 4356 desunt
1373 4304 1425 4356 in
1469 4320 1590 4358 eou-

1194 406 1414 457 No'rAE
1459 406 1870 458 vsmonuu
1921 408 2007 458 m

1643 558 1793 603 textu
1817 551 2069 614 Livineii5
2101 549 2195 601 sed
2231 550 2284 601 in
2319 553 2551 617 margine
2572 552 2706 617 legi·

1645 636 1748 692 tur,
1770 629 1959 693 Pietas,
1994 635 2042 678 te
2060 629 2277 692 libertas,
2298 643 2437 693 super
2462 630 2525 678 V.
2548 630 2610 680 C.
2633 630 2707 679 G.

1643 705 1806 754 Livius.
1873 705 2108 768 Optime.
2142 705 2326 755 meter.

1713 784 1779 834 Te
1797 784 1972 834 civium
1997 784 2170 846 pietus,
2203 789 2251 832 te
2282 781 2503 846 libertus]
2538 783 2707 833 Voca-

1645 859 1823 909 bulum
1865 860 2040 910 civium
2076 860 2256 909 unicus
2297 860 2492 910 omittit
2537 861 2706 910 codex

1645 937 1914 998 Venetus;
1948 945 2003 988 et
2028 934 2248 986 fortasse
2268 950 2369 987 non
2405 938 2555 994 male,
2577 936 2621 985 si
2652 947 2710 987 et

1646 1023 1921 1079 sequentes
1944 1013 2062 1064 duae
2083 1028 2258 1074 voces,
2279 1020 2327 1064 te
2346 1014 2560 1074 libertus,
2584 1013 2712 1077 reji-

1643 1092 1867 1149 ciantur,
1910 1098 1970 1140 ut
2010 1104 2113 1141 non
2161 1098 2265 1141 tum
2306 1091 2517 1153 civium,
2553 1104 2711 1155 quun

1647 1167 1808 1229 ipsius
1873 1166 2107 1228 Trajeni,
2160 1165 2326 1229 pietas
2392 1165 2711 1229 designetur.

1654 1242 1761 1291 Has
1806 1249 1978 1291 autem
2023 1243 2206 1306 utique
2244 1255 2347 1290 non
2382 1248 2712 1305 agnoverunt

1648 1317 1780 1368 liber
1817 1318 2117 1381 Vossianus,
2161 1318 2502 1379 Puteolanus,
2547 1317 2713 1368 Bero-

1649 1395 1816 1451 aldus,
1839 1395 2136 1457 Catanaeus,
2157 1393 2342 1450 Aldus,
2369 1395 2715 1459 Philomusus,

1652 1472 1949 1533 Rhenanus,
1986 1470 2120 1520 Rob.
2150 1477 2207 1520 et
2240 1471 2406 1521 Henr.
2434 1470 2713 1535 Stephani,

1653 1549 1870 1610 Navius,
1896 1549 2174 1611 Livineius,
2196 1548 2310 1615 (qui
2344 1557 2538 1607 tamen,
2562 1563 2714 1614 oeque

1652 1640 1714 1675 se
1754 1624 1918 1675 Henr.
1951 1626 2261 1689 Stephanus,
2282 1627 2444 1676 casin
2478 1628 2712 1688 margine

1650 1700 1969 1765 annotavit‚)
2013 1701 2357 1753 Boxhornius.
2442 1700 2716 1764 Attamen,

1655 1786 1871 1843 propter
1904 1785 1981 1828 tot
2011 1779 2227 1828 aliorum
2258 1778 2524 1834 librorum,
2557 1793 2716 1829 mann

1653 1858 1897 1921 typisque
1907 1857 2311 1920 exscriptorum,
2328 1856 2716 1917 auctoritatem,

1653 1934 1880 1982 nondum
1914 1932 2124 1982 easdem
2165 1933 2277 1982 loeo
2310 1946 2402 1982 suo
2437 1932 2715 1984 movendas

1654 2011 1969 2059 existimsvi.
2068 2010 2257 2075 Neque
2327 2023 2451 2060 vero
2520 2009 2716 2073 primus

1656 2087 1957 2151 Siehardns,
1999 2094 2056 2136 ut
2098 2085 2411 2136 Arutzenius
2468 2086 2716 2147 tradidit3

1654 2164 1746 2213 sed
1787 2172 1906 2213 ante
1944 2176 2060 2211 euru
2095 2161 2208 2225 jam
2253 2161 2621 2224 Cuspinianus,
2661 2170 2719 2211 et

1655 2241 1939 2305 Gryphius,
1958 2240 2047 2289 bas
2065 2240 2205 2303 ipsas
2222 2252 2375 2288 voces
2390 2239 2719 2301 evulgarunt.

1653 2316 1899 2367 Schwarz.

1723 2396 1877 2459 Super
1898 2395 2022 2460 ipsos
2041 2391 2301 2456 principes]
2329 2390 2528 2439 Unicus
2550 2390 2719 2441 codex

1655 2473 1959 2533 Vaticanus,
1983 2485 2034 2519 n.
2055 2474 2203 2520 8461.
2238 2468 2418 2530 habet,
2450 2482 2591 2532 super
2622 2483 2722 2519 ont·

1651 2564 1735 2599 nes
1755 2548 2026 2612 principa,-
2060 2545 2151 2594 sed
2176 2544 2298 2596 hinc
2321 2546 2450 2595 nihil
2472 2554 2550 2595 est
2575 2546 2720 2596 inno·

1654 2625 1899 2675 vandum.
1933 2623 2088 2671 Idem.

1722 2702 1910 2750 Hamus
1941 2699 2036 2747 istu
2068 2694 2352 2759 comunis]
2385 2697 2616 2746 vexatus
2640 2698 2723 2750 hie

1653 2780 1810 2831 locus.
1863 2776 2195 2837 Antiquiores
2219 2788 2439 2838 qnoeque
2463 2773 2722 2824 editiones

1655 2855 1847 2905 liabent
1882 2858 1930 2901 te
1962 2853 2024 2900 ad
2055 2851 2215 2899 eidem
2249 2851 2377 2899 tonis
2412 2849 2617 2899 hunus.-
2650 2850 2725 2900 itu

1654 2928 1923 2982 communia
1946 2933 1994 2978 et
2015 2925 2210 2986 confuse
2235 2925 2465 2988 principis
2496 2925 2725 2988 vestigia.

1659 3008 1721 3057 ln
1766 3006 1946 3057 codiee
1993 3002 2285 3066 Guelplsieo
2342 3003 2597 3063 scriptum
2637 3010 2724 3054 est

1658 3085 1786 3132 tollit
1818 3082 1986 3131 humus
2016 3081 2133 3142 istu,
2158 3079 2422 3129 eommunia
2452 3083 2498 3128 el
2527 3078 2725 3137 consue

1655 3159 1889 3223 principis
1908 3155 2130 3218 vestigia.
2191 3154 2497 3203 Perisiensis
2520 3163 2725 3210 contra.

1656 3241 1716 3284 et
1756 3235 2009 3287 Venetus,
2051 3234 2108 3279 et
2139 3229 2547 3291 Salisburgensis
2580 3229 2725 3280 eodi-

1656 3325 1747 3361 ces
1776 3309 1969 3358 hebent
2005 3307 2129 3356 tonis
2159 3306 2326 3355 issimus
2358 3305 2432 3354 itu
2452 3306 2727 3369 eon-unis,

1659 3395 1708 3440 et
1729 3388 1921 3447 confusa
1940 3384 2170 3448 principis
2192 3382 2418 3444 vestigia.
2468 3382 2543 3432 At
2565 3382 2616 3431 in
2638 3397 2726 3434 00.

1659 3463 1863 3514 dicibus
1900 3460 2194 3515 Vaticanis.
2233 3467 2390 3524 atque
2424 3458 2555 3508 libro
2591 3459 2728 3509 Vos·

1662 3541 1826 3602 siano,
1854 3538 2068 3602 legimus
2104 3536 2232 3585 soem
2269 3535 2438 3584 ma·
2464 3536 2562 3584 istu
2598 3550 2726 3585 conss·

1660 3616 1833 3677 saunis,
1887 3619 1935 3664 et
1988 3612 2183 3673 mstis·
2233 3611 2467 3675 principis
2505 3611 2729 3673 vestigio.

1667 3693 1805 3742 Dedi
1828 3692 1945 3741 huic
1979 3696 2255 3753 postrema
2291 3688 2500 3738 lectioni
2538 3690 2728 3745 locum,

1662 3784 1781 3833 quo
1835 3768 1994 3818 etiam
2039 3765 2324 3815 Arntzenio
2364 3778 2420 3813 so
2466 3765 2730 3828 probavit.

1664 3844 1892 3908 Alioqui,
1913 3841 2149 3908 quamvis
2182 3840 2409 3890 libenter
2439 3841 2729 3904 receperim

1664 3920 1938 3980 communis,
1961 3932 2061 3967 non
2077 3916 2288 3982 quidem
2304 3931 2368 3965 ex
2389 3916 2730 3974 divinatione,

1666 3998 1756 4049 sed
1779 4012 1845 4046 ex
1869 3992 2115 4058 suffragio
2150 3993 2388 4044 codicum
2418 3994 2549 4043 Mss-
2586 3995 2732 4045 Vati·

1666 4087 1929 4127 canorum,
1946 4070 2159 4132 Veneti,
2170 4069 2592 4133 salisburgensis,
2606 4071 2734 4129 mei.

1666 4157 1722 4200 et
1762 4148 1953 4198 veteris
2000 4146 2250 4208 Livineii5
2304 4143 2478 4197 fateor
2533 4156 2730 4212 tamen,

1667 4240 1750 4278 me
1793 4239 1936 4290 egre
1976 4223 2247 4274 dimittere
2286 4224 2595 4288 particulam
2637 4227 2734 4283 ita,

1660 4317 1885 4371 eamque
1907 4316 2023 4354 cuin
2050 4300 2350 4368 pronomine
2372 4300 2467 4351 istu
2500 4314 2732 4355 eommu-
