3060 4902
753 399 824 446 c.
874 398 1115 448 pnmu
1167 399 1497 453 sscuum
1553 391 1832 455 PANnoss
1909 410 1957 457 1.

319 552 401 597 eo,
434 542 653 605 pig-on
682 541 936 594 dicuntur
966 543 1185 608 proximi
1208 546 1400 611 quique

319 618 698 681 consanguinei
711 629 770 668 et
787 621 1083 670 necessarii.
1105 623 1194 672 Sic
1205 623 1402 674 Quinc·

320 693 401 742 til.
424 693 609 745 Instit.
629 695 787 746 Orat.
813 709 892 745 vr.
913 701 959 745 1.
990 700 1006 727 ‘
1033 697 1210 749 Quare
1233 707 1287 748 et
1310 700 1399 749 ob·

318 769 553 818 secretio
596 770 688 820 ills
720 771 962 835 judicum
1007 785 1102 835 per
1138 775 1402 825 carissima

319 843 563 907 pignora,
585 843 770 912 utique
789 848 832 896 si
857 861 944 896 reo
967 848 1070 899 sint
1089 849 1257 910 liberi,
1277 866 1397 901 eon-

310 919 434 981 jux,
480 931 752 983 parentes,
802 923 947 974 utilis
990 923 1130 974 erit.'
1196 927 1397 978 Plinius

316 995 455 1058 ipse,
478 997 651 1059 Epist.
671 1012 712 1048 1.
737 1002 813 1047 18.
839 1007 946 1049 tam
966 1000 1074 1049 late
1090 1002 1285 1066 accipit
1308 1017 1399 1052 no-

316 1086 437 1121 men
463 1073 761 1138 pignorum,
784 1085 843 1124 ut
877 1083 932 1125 et
955 1086 1206 1141 cognatos
1241 1094 1395 1143 quos-

316 1162 440 1212 que,
480 1159 537 1200 et
571 1152 785 1215 amicos,
812 1154 1086 1216 complecti
1119 1154 1395 1206 videaturz

315 1230 332 1254 ⁸
351 1225 632 1277 Pretereu
653 1228 813 1279 babet
834 1229 1093 1279 Corellius
1109 1230 1286 1295 filiam,
1305 1247 1397 1281 ux·

314 1315 481 1366 orem,
505 1313 778 1368 nepotem,
799 1319 1028 1367 sorores,
1045 1308 1285 1373 interque
1316 1318 1395 1360 tot

315 1377 561 1441 pignora,
581 1393 732 1428 veros
757 1380 985 1429 amieos?
1050 1383 1320 1445 Ceterum,
1343 1384 1392 1433 iu

314 1453 570 1516 proximis
593 1454 785 1511 verbis,
803 1458 939 1506 salon
967 1458 1176 1520 ipsorum
1195 1461 1393 1522 pietate.

312 1529 356 1577 i.
379 1543 429 1579 c.
455 1530 569 1580 sine
593 1532 875 1581 violatione
910 1534 1122 1597 pietatis
1146 1536 1394 1598 ipsorum,

312 1617 478 1668 grave
516 1605 763 1656 mendum
798 1607 1006 1657 admisit
1043 1610 1206 1658 editio
1231 1611 1391 1660 Bero-

311 1680 438 1745 uldi,
460 1680 585 1731 dum
605 1696 702 1746 pro
724 1683 933 1748 ipson-iun
970 1685 1200 1749 prodidit
1221 1687 1389 1751 impio·

310 1772 440 1808 nn.
476 1759 742 1809 Scbvsrs.

373 1835 531 1885 Amor
568 1837 778 1885 soniviis
806 1836 986 1900 nostri]
1020 1836 1068 1887 1.
1105 1852 1153 1886 ε.
1185 1845 1386 1890 tantum

309 1923 572 1977 cuperent
611 1916 970 1980 gestirentque
1005 1917 1145 1966 cives
1172 1919 1385 1968 Romani

308 2002 425 2039 csse
448 1997 506 2040 et
529 1990 664 2040 fieri.
699 1991 854 2040 Idan.

378 2065 588 2129 hacce]
640 2066 822 2117 Codex
848 2068 1018 2117 vnio.
1042 2072 1191 2118 3461.
1213 2076 1270 2120 et
1291 2069 1385 2119 Ss-

305 2140 673 2205 lisburgensis,
699 2143 823 2191 item
848 2150 902 2192 et
942 2142 1263 2206 Guelpbcrb.
1289 2159 1384 2207 pro

307 2218 521 2267 bessem
568 2218 765 2268 hubent
820 2225 942 2269 erat.
1031 2219 1212 2269 Codex
1260 2234 1383 2270 vero

306 2292 627 2343 Purisiensis
662 2295 797 2343 male
832 2294 1052 2344 intrudit
1078 2297 1381 2357 particulam

303 2381 431 2417 nou.-
480 2370 689 2419 somnis
721 2371 877 2420 nostri
910 2386 1003 2420 uon
1036 2372 1228 2422 inesset.
1295 2372 1382 2422 Its

304 2451 361 2495 et
382 2444 552 2496 codex
579 2447 836 2508 Venetus,
858 2448 912 2497 in
938 2448 1084 2498 initio
1116 2448 1265 2513 hujus
1291 2463 1380 2513 pe-

304 2521 461 2583 riodi,
499 2537 598 2586 pro
655 2529 813 2573 tumen
876 2538 1150 2589 perperam
1206 2527 1381 2591 prodit

301 2598 635 2651 werletem.

364 2679 709 2744 Affinitaetun]
747 2680 871 2729 Duo
904 2679 1113 2729 codices
1138 2681 1377 2731 Vaticani

302 2762 359 2804 et
376 2755 710 2818 Guelpberb.
746 2756 944 2807 liabent
984 2772 1251 2808 numerum
1276 2760 1377 2807 sin-

301 2832 561 2895 galai-em.
608 2834 877 2899 affinitatis.
943 2835 959 2864 ‘
993 2835 1194 2886 Affincs
1214 2835 1231 2860 ’
1273 2839 1379 2887 κατ’

305 2908 485 2971 ἐξοχὴν
508 2911 753 2960 dicuntur
775 2913 871 2962 viri
897 2920 953 2962 et
990 2914 1163 2963 uxoris
1187 2928 1378 2977 cogns-

298 2986 359 3046 ti,
379 2986 669 3036 secuudum
704 2987 1079 3050 Modestinum,
1114 2989 1201 3041 lib.
1225 3003 1302 3039 ιν.
1324 3009 1376 3040 π.

296 3062 368 3112 de
388 3063 682 3125 Gradibus,
704 3064 829 3113 dicti
856 3063 921 3113 ab
952 3077 1034 3125 eo,
1056 3065 1071 3093 ⁴
1098 3065 1236 3128 quod
1259 3066 1374 3117 duae

297 3142 666 3205 cognationes,
707 3156 822 3206 ηοω
866 3142 1086 3192 diversae
1138 3143 1277 3193 iuter
1320 3160 1375 3195 se

297 3223 442 3279 sunt,
461 3231 559 3280 per
582 3220 795 3281 nuptias
814 3220 1145 3282 copulantur,
1168 3228 1220 3270 et
1245 3223 1372 3271 slte—

296 3306 356 3342 η
377 3294 445 3342 sd
471 3293 692 3344 alterius
716 3294 868 3344 finem
893 3294 1137 3346 secedit.'
1174 3295 1372 3348 Horum

293 3368 460 3432 igitur
482 3370 729 3431 coguatio
767 3371 949 3420 stricte
981 3380 1036 3420 et
1060 3373 1273 3434 proprie
1297 3375 1372 3422 di-

293 3444 433 3494 citnr
452 3451 471 3477 ⁶
490 3442 757 3507 affinitas‚·
777 3446 885 3495 sive
901 3446 989 3509 jus
1009 3446 1271 3511 quoddam
1296 3450 1371 3498 in-

293 3528 377 3570 ter
411 3534 575 3570 unum
611 3522 881 3586 conjugem
924 3532 979 3572 et
1013 3525 1226 3573 alterius
1250 3541 1371 3590 cog·

291 3604 447 3646 nntos
461 3596 828 3646 constitutum.
868 3598 1083 3660 Verum,
1096 3613 1213 3649 cum
1233 3601 1371 3664 eJus-

290 3671 435 3721 modi
458 3678 476 3700 ‘
499 3669 774 3722 affinitatis
789 3674 914 3736 jure
944 3676 1087 3723 nulls
1111 3678 1369 3726 successio

286 3749 726 3812 permitteretur-,⁹
761 3749 891 3799 Cod.
927 3752 958 3800 l.
994 3756 1044 3802 7.
1098 3753 1372 3803 Commun.

286 3825 356 3875 de
388 3826 644 3876 Success-
686 3834 701 3857 ⁸
720 3825 943 3877 affinitas
961 3829 973 3849 '
1009 3829 1062 3877 iu
1085 3829 1183 3879 hoc
1208 3830 1368 3881 Plinii

285 3902 401 3951 loco
424 3902 714 3967 improprie
746 3910 802 3952 et
835 3903 1082 3954 latissime
1107 3906 1368 3969 accipien-

285 3976 355 4027 ὰ
384 3985 489 4036 est,
525 3978 605 4029 ita
642 3985 702 4029 ut
737 3980 896 4029 etism
947 3984 1367 4046 consanguinita-

286 4061 471 4112 utem,
518 4055 634 4105 sive
677 4057 1095 4122 conjunctionem
1148 4072 1364 4109 conson-

285 4131 592 4196 guineorum
636 4140 694 4183 et
737 4134 1163 4199 propinquorum,
1226 4150 1363 4186 com-

285 4208 574 4272 plectatur.
643 4211 713 4260 Et
737 4209 938 4271 nescio,
968 4223 1136 4261 annon
1160 4218 1214 4261 et
1242 4213 1361 4261 Fes-

283 4285 458 4339 tusdc
482 4285 709 4339 verbor.
744 4284 936 4350 Siguif.
975 4287 1109 4339 bunc
1147 4290 1361 4354 amplio-

2003 393 2113 462 37.
2415 400 2547 469 659

1478 563 1587 599 rem
1610 552 1872 603 notionem
1894 554 1945 603 iu
1962 560 2138 605 mente
2150 554 2410 614 habuerit,
2427 573 2545 612 cum

1477 626 1590 676 baec
1628 627 1904 691 scriberet,
1937 632 1953 659 ‘
1982 629 2175 682 Affiues
2207 633 2259 682 in
2296 636 2432 697 agris
2469 637 2546 686 vi-

1476 705 1602 765 ciui,
1623 705 1735 755 sive
1758 710 2208 771 consanguinitate
2245 713 2544 777 conjuncti.’

1475 780 1652 844 Atque
1692 789 1747 831 ut
1787 786 2026 847 exempla
2060 786 2299 850 quadam
2343 790 2542 840 latioris

1471 857 1627 920 hujus
1651 858 2059 920 significationis,
2097 877 2211 925 quae
2241 878 2305 912 ex
2326 865 2444 928 jure
2468 869 2543 917 ci·

1475 934 1562 982 vili
1584 941 1639 983 et
1663 936 1911 986 canonico
1935 935 2240 1001 afferuntur,
2259 954 2393 989 nuuc
2409 958 2543 1006 prae-

1473 1021 1702 1073 teresm3
1755 1012 1866 1075 ipse
1903 1013 2104 1064 Plinius
2139 1024 2331 1073 noster,
2371 1020 2541 1083 Epist.

1472 1101 1593 1136 vm.
1631 1092 1710 1137 18.
1744 1093 1792 1138 8.
1825 1092 1841 1120 ‘
1869 1089 2180 1141 affinitates'
2215 1101 2385 1156 vocnt,
2413 1111 2541 1159 quas

1472 1164 1708 1214 usitatius
1754 1167 2094 1230 cognationes
2135 1175 2190 1218 et
2230 1172 2541 1223 arctissimas

1471 1241 1874 1292 necessitudines
1899 1259 2081 1295 vocare
2100 1248 2374 1308 potuisset.
2410 1249 2540 1298 Lau-

1471 1315 1564 1364 dat
1608 1318 1743 1367 cuim
1787 1318 1856 1368 ibi
1898 1327 2267 1372 testamentum
2320 1324 2540 1374 Domitii

1470 1393 1633 1457 Tulli,
1659 1396 1710 1442 in
1735 1410 1835 1459 quo
1860 1398 1967 1457 ille,
1992 1400 2272 1460 praeteritis
2302 1408 2538 1465 captato-

1471 1469 1631 1531 ribus,
1666 1485 1768 1521 non
1805 1474 1967 1522 solum
2001 1474 2351 1540 filiam,qusn1
2393 1481 2537 1541 geni·

1468 1554 1574 1596 tam
1592 1544 1755 1596 fratre
1772 1548 2135 1613 adoptaverat,
2153 1552 2432 1617 reliquerat
2449 1555 2537 1604 he·

1467 1623 1642 1672 rcdem
1665 1639 1680 1686 ς
1715 1623 1805 1673 sed
1832 1627 1986 1675 etism
2011 1635 2249 1691 nepotes,
2271 1636 2327 1677 et
2351 1643 2538 1691 prone*-

1468 1705 1663 1759 potem,
1720 1701 1953 1762 piurimis
1999 1702 2186 1764 legatis
2233 1712 2539 1765 prosecutus

1465 1781 1614 1823 erat:
1652 1775 1983 1827 nihilominus
2010 1779 2214 1841 scribit,
2237 1780 2408 1830 iuliae
2432 1788 2537 1831 tes·

1466 1856 1700 1900 tamento
1721 1853 1737 1881 ⁸
1764 1851 2115 1918 affinitatibus,
2151 1869 2246 1919 pro
2284 1857 2534 1921 cujusque

1462 1923 1657 1988 officio,
1681 1930 1899 1991 gratiam
1924 1932 2136 1981 relatam
2161 1946 2292 1990 esse,
2316 1934 2532 1985 relatam

1462 2009 1519 2050 et
1543 2002 1726 2052 uxori!
1763 2005 1915 2056 Idem.

1515 2079 1709 2128 Damno
1720 2081 1830 2132 bene
1842 2085 2157 2150 compensari]
2175 2085 2382 2148 Fateor,
2398 2087 2533 2138 bunc

1461 2153 1632 2204 locum
1669 2156 1736 2205 ab
1775 2157 1924 2207 initio
1965 2173 2066 2208 uon
2107 2162 2232 2209 nihil
2258 2175 2339 2210 me
2364 2163 2532 2213 solici-

1460 2237 1570 2280 tum
1611 2232 1870 2289 babuisse.
1898 2234 2029 2284 sdeo
2071 2243 2129 2284 ut
2164 2236 2379 2286 miratus
2416 2239 2532 2301 sim,

1456 2319 1597 2370 eum,
1615 2315 1857 2371 tanquam
1878 2308 2202 2372 facillimum,
2218 2326 2247 2359 a
2267 2312 2387 2361 viris
2409 2313 2530 2363 doc·

1460 2381 1527 2429 tis
1556 2384 1961 2444 praetermissum
1980 2399 2112 2441 esse,
2132 2388 2219 2450 qui
2243 2393 2416 2439 tamen
2439 2391 2533 2440 nli-

1457 2459 1667 2523 qunndo
1693 2460 1741 2509 in
1767 2462 1895 2510 locis
1917 2460 2238 2513 facilioribus
2271 2465 2530 2518 illustran—

1455 2534 1539 2583 dis
1554 2535 1776 2585 uobilem
1794 2537 2094 2588 industriam
2113 2541 2383 2591 collocant.
2419 2544 2530 2595 No·

1457 2625 1654 2674 veram,
1684 2614 1875 2665 usitato
1911 2616 2156 2680 loquendi
2192 2632 2352 2674 more,
2404 2620 2530 2684 dici,

1451 2689 1466 2716 ‘
1489 2689 1720 2740 Labores
1745 2694 1907 2755 gloria
1931 2702 1984 2743 et
2023 2696 2280 2757 praemiis3
2313 2697 2364 2746 id
2389 2701 2525 2762 quod

1452 2765 1701 2816 violatum
1740 2777 1840 2833 est,
1874 2769 2087 2833 officiis3
2140 2773 2323 2822 damna
2360 2782 2415 2824 et
2451 2779 2525 2825 in·

1451 2845 1742 2908 commoda,
1780 2848 1956 2911 lucro;
1990 2858 2207 2899 mortem
2245 2861 2523 2913 praemntu·

1454 2932 1584 2978 ram,
1607 2922 1884 2973 immortali
1901 2927 2150 2975 memoria
2171 2942 2187 2987 ς
2221 2928 2521 2992 obsequium

1454 2992 1757 3049 beneficiis,’
1796 3007 1850 3046 et
1889 2999 1989 3047 slis
2025 3000 2139 3049 aliis
2176 3002 2331 3048 rebus
2356 3008 2370 3029 ‘
2397 3017 2522 3064 peu-

1451 3071 1592 3126 sari,'
1627 3074 1708 3121 vel
1734 3075 1750 3103 ⁸
1778 3074 2138 3137 compensari!
2207 3075 2523 3129 Arbitrabsr

1450 3146 1630 3208 igitur,
1670 3148 1915 3213 Plinium,
1962 3151 2118 3200 etiam
2157 3152 2251 3201 boc
2288 3153 2339 3201 in
2387 3155 2520 3213 loco.

1450 3222 1533 3269 vel
1557 3237 1741 3273 revera
1765 3225 2057 3289 scripsisse,
2076 3227 2159 3275 vel
2178 3228 2410 3279 scribere
2429 3230 2519 3280 de·

1451 3295 1643 3359 buisse,
1668 3330 1682 3345 .
1701 3332 1713 3347 .
1733 3306 1788 3348 ut
1809 3301 2023 3350 Romana
2045 3303 2260 3364 civitate,
2282 3320 2376 3354 nou
2395 3307 2519 3357 vice·

1444 3377 1582 3425 siuroe
1626 3379 1779 3437 modo,
1822 3394 1984 3428 verum
2023 3382 2169 3430 etiam
2210 3384 2516 3448 affinitatum,

1444 3456 1620 3505 damna
1662 3456 1776 3506 bene
1812 3458 2104 3521 compensari
2142 3463 2379 3520 putarent.
2445 3461 2517 3511 Et

1445 3538 1646 3580 certum
1672 3546 1795 3581 saue
1819 3541 1919 3595 est,
1941 3532 2165 3582 Plinium
2182 3534 2315 3583 bunc
2335 3536 2387 3584 in
2409 3551 2515 3585 mo·

1444 3605 1567 3655 dum
1607 3607 1837 3657 scribere
1878 3609 2128 3672 potuisse.
2197 3609 2301 3658 Sed
2343 3612 2512 3663 nullus

1442 3679 1576 3730 liber
1592 3697 1742 3732 msnu
1762 3684 2008 3748 scriptus,
2023 3686 2192 3735 nullus
2210 3686 2514 3751 impressus,

1442 3758 1682 3821 quaedam
1704 3760 1854 3823 bujus
1881 3763 2176 3811 variationis
2204 3763 2418 3827 vestigia
2436 3764 2511 3813 in·

1440 3833 1655 3885 dicavit.
1723 3836 1909 3900 Immo,
1928 3840 2064 3901 quod
2086 3837 2331 3899 deinceps
2351 3840 2510 3889 anim·

1438 3910 1667 3974 adverti,
1691 3927 1790 3963 nec
1813 3923 2047 3976 opusest
2083 3923 2136 3962 ut
2163 3915 2228 3964 de
2261 3914 2358 3964 boc
2393 3915 2510 3966 loco

1436 3986 1685 4037 mutando
1726 3995 1815 4037 aut
1861 3988 2168 4049 corrigendo
2202 3991 2508 4054 cogitemus.

1432 4062 1589 4111 Bolus
1617 4063 1839 4126 Lipsius,
1871 4064 2017 4127 qussi
2050 4065 2248 4113 eminus
2278 4064 2507 4129 quidem,

1432 4138 1665 4186 ostendit
1703 4137 1953 4187 rationem
1993 4139 2314 4202 exponendae
2353 4141 2505 4203 hujus

1436 4214 1705 4269 orationis,
1741 4213 1862 4261 dum
1898 4215 2009 4262 baec
2042 4228 2206 4276 putica
2230 4215 2388 4264 verba
2417 4231 2504 4265 nn-

1435 4294 1666 4341 notsvit:
1703 4298 1717 4322 ’
1739 4291 1924 4342 Cicero
1947 4292 2022 4341 sic
2045 4293 2271 4356 loquitur
2303 4294 2415 4345 Fiu.
2440 4310 2500 4346 11.
