3060 4902
772 364 836 412 c.
883 363 1121 413 ηικιι
1168 364 1496 414 saeuum
1549 365 1824 415 Psi-mm
1895 368 1948 417 1.
1990 352 2100 417 64.

337 510 584 569 gumento
610 505 842 562 solenne,
877 506 1171 559 adsciverit.
1236 508 1391 559 Cete-

336 597 466 642 rum,
511 581 565 630 in
612 582 792 631 codice
838 582 1212 648 salisburgensi
1254 585 1391 634 iuter

335 657 491 707 verba
516 657 725 721 juravit,
754 659 1008 722 expressit,
1028 660 1266 709 librarius
1300 674 1389 722 po·

334 734 437 783 suit
454 734 754 798 particulam
772 736 1043 799 copulandi
1058 741 1140 793 εἰς
1173 738 1259 786 alii
1280 737 1389 801 qui·

331 811 449 860 dam
474 811 683 861 codices
699 825 762 860 ea
782 812 895 875 ipsa
915 813 1071 862 verba
1089 814 1387 877 interpunc-

331 888 471 937 tione
495 886 731 951 perfecta
754 887 1023 937 divellunt.
1044 889 1194 938 Idem.

394 963 576 1014 Sedeas
591 966 742 1014 danti
759 965 973 1029 preivit]
989 965 1170 1015 Sedeas
1179 966 1385 1029 prebuit

331 1040 502 1090 Lirin.
539 1041 593 1089 in
618 1050 801 1102 textu3
836 1042 927 1091 sed
953 1043 1001 1091 in
1028 1045 1274 1107 margine,
1297 1043 1383 1094 Se·

329 1119 446 1168 dens
464 1119 619 1167 danti
636 1119 838 1183 prebuit
861 1119 928 1170 G.
952 1120 1118 1169 Livin-

396 1196 604 1245 Praeivt't
619 1196 976 1260 juriumndum]
1000 1197 1380 1259 Proebm'tjury’u·

327 1273 548 1321 randum.
616 1274 699 1323 Ita
722 1275 876 1324 estin
907 1275 1140 1324 omnibus
1174 1276 1381 1332 nostris,

325 1354 382 1399 et
402 1351 587 1413 probe,
621 1365 756 1413 reor,
781 1358 839 1400 ut
861 1351 1090 1401 oblatum
1109 1366 1171 1402 ac
1195 1351 1382 1415 praebi-

325 1433 456 1488 tum,
477 1441 577 1476 non
601 1426 667 1477 de
688 1427 882 1491 scripto
912 1429 1153 1492 praeiturn
1190 1429 1377 1478 intelli·

325 1518 429 1566 gas.
496 1504 657 1554 Patet
694 1519 759 1553 ex
798 1504 877 1553 bis
921 1506 1174 1570 proxime,
1208 1512 1224 1535 ‘
1242 1506 1378 1570 quod

326 1587 600 1644 praeunte
613 1583 755 1631 nullo
757 1581 947 1645 jurasti
965 1582 999 1643 ς’
1033 1597 1149 1632 nam
1166 1581 1218 1631 id
1239 1583 1379 1648 equi·

324 1657 443 1705 dem
487 1657 555 1707 ad
609 1659 817 1707 tertium
870 1658 1006 1709 hunc
1060 1660 1376 1709 consulatum

324 1734 590 1790 traxerim,
625 1742 702 1797 ut,
753 1735 888 1799 qnod
932 1735 1184 1800 sequitur,
1241 1737 1257 1764 ‘
1274 1736 1376 1785 alio

324 1810 634 1874 praeeunte,'
653 1811 718 1860 ad
737 1812 1033 1874 secundnm,
1048 1828 1197 1877 quem
1219 1813 1375 1877 impe·

321 1895 483 1949 rator,
494 1888 590 1938 sub
603 1889 914 1952 imperatore
928 1897 1115 1946 tamen,
1126 1889 1376 1953 Trajanus

319 1971 566 2028 gesserat.
587 1965 777 2030 Itaque
792 1965 994 2027 damno,
1010 1966 1145 2031 quod
1163 1967 1212 2015 iu
1229 1967 1377 2017 editi-

321 2056 420 2092 one
444 2041 665 2105 quadam
682 2040 1047 2105 Antverpiensi
1070 2057 1118 2090 a.
1132 2047 1273 2093 1642.
1294 2058 1376 2094 ce·

321 2118 564 2181 teroquin
587 2132 687 2167 non
706 2119 857 2179 mala,
877 2118 1046 2168 inveni
1073 2121 1251 2182 praeiit.
1275 2120 1355 2172 ld.

383 2193 620 2257 Proes‘cit]
643 2194 879 2244 Proebait.
914 2195 1085 2245 Multo
1100 2195 1276 2245 melius
1290 2196 1376 2245 alii

315 2272 499 2336 γεῆι,
522 2272 657 2335 quod
683 2271 950 2337 sequentia
967 2271 1157 2322 dicent.
1211 2272 1375 2322 Moris

321 2348 481 2411 enim,
504 2356 563 2398 ut
577 2349 859 2398 solenniter
874 2350 1131 2412 jurarent,
1144 2348 1246 2398 alio
1264 2364 1375 2399 ver·

327 2425 395 2477 ba
418 2433 707 2491 preeunte.
729 2424 864 2489 Lips.

382 2503 594 2553 Proicit
604 2500 959 2565 jusjurandum]
986 2502 1204 2552 Proebuit
1214 2500 1369 2564 juriu-

314 2582 533 2630 rodum.
566 2576 709 2643 Legb
726 2579 941 2644 praeim't.
967 2581 1097 2629 Ritt.

382 2658 452 2706 Et
476 2657 556 2705 ille
566 2655 778 2720 juravit]
803 2656 916 2706 Hoc
938 2658 1143 2721 Trajani
1176 2657 1369 2710 factum

315 2734 647 2784 Athalaricus
673 2749 764 2785 rex
788 2735 1006 2785 senserit
1019 2736 1221 2787 variar.
1247 2738 1371 2787 Cas-

313 2813 505 2862 siodori
543 2813 710 2876 Epist.
743 2826 865 2864 vlu.
885 2818 936 2863 3.
971 2815 987 2842 ‘
1006 2816 1143 2864 Ecce
1163 2815 1369 2879 Trajani

315 2889 475 2938 vestri
499 2889 694 2939 clarum
724 2889 926 2938 saeculis
951 2903 1248 2952 reparamus
1280 2905 1368 2941 ex·

311 2965 576 3029 emplum.'
609 2964 710 3014 Adi
732 2965 920 3014 locum.
938 2965 1100 3017 Licin.

375 3042 439 3092 Si
453 3041 681 3105 scienter]
700 3042 959 3098 Fortasse,
976 3042 1199 3092 sisciens.
1232 3045 1365 3094 Nam

309 3119 419 3169 hac
430 3119 717 3183 juramenti
740 3119 968 3168 clausula
996 3128 1048 3168 et
1070 3120 1268 3169 sanctio
1291 3121 1365 3171 fe·

311 3210 368 3245 re
389 3203 507 3245 erat
524 3212 540 3245 z
582 3197 597 3224 ⁸
615 3196 667 3244 Si
689 3196 857 3244 sciens
877 3194 1018 3258 fallo,
1037 3204 1141 3246 tum
1156 3198 1367 3261 Jupiter

309 3273 500 3338 Diiqne
538 3288 715 3322 omnes
752 3274 889 3329 mihi,
923 3290 1154 3339 meaeque
1177 3275 1367 3340 domui,

307 3350 428 3400 irati
450 3349 640 3398 snut0.’
662 3350 799 3412 Lips.

370 3427 430 3477 Sa·
450 3427 681 3491 scienter]
704 3427 870 3477 Livin.
887 3428 1056 3479 sciens.
1090 3437 1103 3458 '
1122 3429 1177 3479 Si
1198 3431 1363 3481 sciens

307 3504 470 3560 fallo.'
491 3506 591 3554 &m
614 3503 830 3555 formula
858 3507 1211 3571 jurisjurandi.
1250 3509 1363 3560 Rit-

307 3583 455 3632 tersit.

383 3658 448 3708 Si
465 3658 690 3723 scienter]
711 3659 798 3708 Sic
825 3660 962 3723 apud
989 3661 1263 3724 Polybium
1299 3677 1360 3713 ac

309 3736 523 3783 Festum
545 3751 557 3780 ε
593 3740 608 3763 ⁴
627 3735 682 3783 Si
703 3735 871 3784 sciens
906 3733 1046 3792 fallo,
1070 3737 1141 3785 ita
1165 3753 1245 3786 me
1271 3740 1362 3788 Di-

307 3812 508 3874 espiter
529 3809 725 3874 ejiciat‚
747 3819 806 3861 nt
827 3826 925 3875 ego
944 3812 1076 3863 bunc
1101 3813 1364 3878 lapidem.’

304 3889 393 3938 De
418 3886 597 3937 formis
623 3887 959 3951 jurisjurandi
984 3888 1099 3952 lege
1137 3890 1359 3953 pruden-

311 3965 561 4017 tissimum
586 3966 895 4029 scriptorem
909 3965 973 4016 de
990 3966 1025 4017 J
1031 3981 1119 4016 ure
1137 3967 1270 4017 Belli
1296 3984 1358 4017 ac

303 4042 478 4100 Pacis,
518 4042 659 4105 Hug.
703 4043 855 4093 Grot.
896 4057 959 4094 ιι.
994 4048 1073 4092 13.
1120 4045 1146 4107 §
1190 4049 1239 4093 7.
1276 4049 1356 4096 10.

304 4120 455 4170 Bm.

363 4198 425 4248 Si
444 4197 671 4261 scienter]
691 4196 1008 4250 Adverbium
1029 4198 1229 4251 scienter
1240 4200 1353 4263 jam

426 4278 603 4345 Delplt.
627 4285 675 4331 et
703 4280 819 4332 Var-
836 4281 964 4330 Clas.

1236 4282 1422 4344 Paneg.
1452 4282 1561 4331 Vet.

2386 355 2519 421 865

1465 507 1749 559 solicitavit
1785 510 2078 561 Brissonius
2118 511 2185 561 de
2219 511 2445 564 Formul.
2479 514 2517 564 1.

1467 597 1593 634 vui.
1620 603 1671 649 p.
1697 591 1811 648 eju.
1876 589 2011 638 Loco
2035 589 2170 639 euim
2194 604 2257 639 ex
2281 591 2515 656 Panegy-

1462 661 1575 711 rico
1619 662 1775 712 l’linii
1819 664 2008 714 citato:
2059 666 2513 732 ‘Explanavitqne

1462 737 1639 795 verba,
1686 739 1870 803 quibus
1905 750 2064 804 caput
2102 756 2267 804 suum,
2305 741 2511 794 domum

1460 828 1622 871 suam,
1644 815 1687 864 si
1712 817 1880 865 sciens
1900 817 2002 882 (ita
2023 818 2213 882 quippe
2236 819 2514 883 legendum

1459 905 1662 956 censeo,
1704 892 1918 957 inquit,)
1960 892 2244 960 fefellisset,
2282 897 2513 947 Deorum

1456 967 1549 1017 irae
1593 968 1963 1019 consecraret!
2028 970 2290 1021 Livineius
2334 973 2513 1029 etiam.

1458 1051 1515 1093 et
1552 1044 1774 1109 Lipsius,
1814 1059 1879 1095 ex
1914 1047 2232 1109 conjectura,
2256 1056 2311 1097 et
2345 1048 2512 1099 animo

1456 1121 1827 1185 quodammodo
1866 1121 2157 1184 dubitante,
2182 1132 2510 1190 annotarunt,

1457 1211 1553 1259 pro
1593 1198 1808 1261 scienter,
1846 1196 2067 1249 fortasse
2099 1201 2251 1250 sciens
2283 1216 2397 1252 esse
2436 1204 2509 1252 le·

1455 1272 1676 1335 gendum
1704 1289 1717 1322 ε
1756 1282 2058 1338 propterea,
2082 1278 2219 1340 quod
2254 1279 2307 1328 in
2338 1281 2506 1329 solen-

1455 1349 1605 1399 nibus
1616 1351 1957 1415 jurisjurandi
1982 1351 2218 1404 formulis
2243 1356 2503 1407 Romano-

1455 1441 1586 1488 rum,
1608 1442 1700 1490 pro
1736 1429 1980 1479 adverbio
2014 1431 2230 1486 scienter,
2273 1430 2510 1497 frequen·

1454 1504 1647 1554 tissime
1681 1508 1906 1556 occurrit
1956 1508 2284 1572 participium
2335 1511 2503 1560 sciens.

1454 1583 1542 1632 Sic
1564 1583 1670 1633 Cic.
1692 1583 1858 1634 Acad.
1883 1586 2080 1637 Quoest.
2101 1600 2182 1635 tv·
2197 1590 2279 1637 47.
2301 1587 2316 1614 ‘
2336 1588 2507 1652 Majo-

1454 1674 1532 1709 res
1552 1660 1750 1723 nostri,'
1773 1662 1957 1727 inquit,
1974 1664 1990 1691 ‘
2011 1663 2228 1727 primum
2245 1663 2423 1726 jurare
2441 1681 2507 1716 ex

1450 1736 1532 1786 sui
1556 1737 1707 1786 animi
1741 1740 2002 1789 sententia
2035 1754 2289 1805 quemque
2328 1742 2503 1791 volue-

1449 1820 1601 1875 runt;
1637 1813 1823 1864 deinde
1846 1816 1920 1864 ita
1944 1818 2135 1877 teneri,
2158 1818 2200 1866 si
2225 1819 2393 1868 sciens
2411 1819 2507 1869 fat-

1449 1890 1618 1940 leret:
1653 1891 1793 1955 quod
1833 1892 2107 1943 inscientia
2142 1895 2304 1944 multa
2333 1910 2507 1947 versa-

1450 1974 1597 2016 retur
1617 1967 1669 2016 in
1694 1967 1838 2018 vita-⁹
1882 1968 2029 2018 Idem
2054 1970 2198 2020 Fam.
2224 1984 2324 2020 vn.
2348 1976 2394 2021 1.
2414 1979 2429 2001 ·
2450 1973 2505 2022 Is

1441 2042 1622 2105 jurare
1647 2059 1761 2094 cum
1785 2046 2047 2108 coepisset,
2081 2061 2181 2096 vox
2214 2061 2331 2097 eum
2360 2047 2503 2098 defe-

1451 2122 1523 2170 cit
1548 2123 1596 2170 in
1630 2122 1718 2171 illo
1740 2123 1872 2177 loco,
1907 2123 1962 2172 Si
1994 2124 2162 2172 sciens
2194 2122 2353 2174 fanm’
2417 2126 2505 2176 Sic

1450 2199 1715 2247 Cornelius
1740 2199 1917 2261 Scipio
1939 2199 2076 2262 apud
2105 2200 2215 2248 Liv-
2247 2215 2394 2251 xxn.
2417 2206 2499 2252 53.

1449 2274 1695 2337 praejurat
1718 2275 1911 2324 ceteris
1936 2275 2209 2326 militibus:
2263 2279 2278 2305 ‘
2302 2278 2380 2326 Ex
2401 2280 2501 2326 mei

1449 2350 1604 2398 animi
1642 2350 1902 2399 sententia
1926 2350 2067 2412 juro,
2111 2361 2170 2400 ut
2217 2366 2313 2414 ego
2367 2367 2499 2403 rem.-

1449 2425 1706 2490 publicam
1752 2441 1852 2475 non
1896 2426 2165 2485 deseram„
2202 2442 2370 2494 neque
2408 2430 2502 2479 ali-

1450 2517 1534 2552 um
1571 2503 1733 2552 civem
1770 2503 2055 2553 Romanum
2089 2504 2329 2556 deserere
2368 2507 2503 2571 pati·

1447 2596 1521 2631 ar.
1589 2582 1643 2630 Si
1675 2582 1838 2632 sciens
1875 2582 2019 2646 fallo,
2051 2583 2262 2648 Jupiter
2304 2584 2379 2634 Ο.
2422 2586 2500 2636 Μ.

1446 2657 1671 2715 domum,
1729 2658 1992 2722 familiam,
2051 2676 2258 2726 remque
2314 2677 2501 2726 meam,

1447 2736 1668 2798 pessimo
1689 2736 1797 2786 leto
1811 2735 2019 2787 afficias.
2044 2738 2106 2787 In
2124 2739 2232 2789 brec
2250 2739 2503 2805 verbaLL.

1446 2812 1644 2874 Caecili,
1672 2814 1835 2877 jures,
1879 2815 2173 2878 expostulo,
2211 2816 2499 2881 ceterique,

1445 2890 1529 2952 qui
1573 2889 1827 2939 adestis.’·
1879 2892 1949 2940 Et
1989 2891 2267 2954 Pompeius
2309 2893 2497 2942 Festus

1444 2966 1508 3014 de
1534 2967 1752 3015 Verbor.
1775 2965 1958 3030 Signis.
1981 2966 2075 3016 sub
2103 2967 2254 3016 litera
2278 2967 2341 3028 L,
2367 2971 2383 2996 ⁴
2405 2969 2497 3017 La·

1443 3042 1614 3106 pidem
1637 3042 1871 3104 silicem,'
1908 3043 2091 3107 inquit.
2114 3043 2128 3070 ‘
2149 3044 2394 3092 tenebant
2411 3045 2498 3106 ju·

1443 3120 1604 3169 ratur-i
1642 3135 1735 3184 per
1767 3119 1972 3182 Jovem,
2004 3119 2116 3168 haec
2146 3119 2298 3169 verba
2325 3120 2498 3169 dicen-

1444 3204 1550 3245 tes:
1588 3197 1642 3245 Si
1667 3197 1835 3246 sciens
1866 3194 2007 3257 fallo,
2031 3204 2138 3246 tum
2173 3212 2252 3246 me
2294 3198 2499 3261 Diespi-

1444 3280 1540 3328 ter,
1563 3274 1701 3321 salva
1734 3275 1878 3334 urbe,
1898 3287 2143 3338 arceque,
2181 3274 2330 3324 bonis
2353 3275 2493 3338 ejici·

1444 3358 1519 3411 at,
1543 3350 1617 3398 uti
1645 3365 1741 3413 ego
1765 3349 1899 3399 hunc
1922 3349 2179 3414 lapidem!
2242 3351 2495 3402 Tacemus

1442 3426 1602 3475 multo
1628 3427 1777 3489 plura
1817 3426 2102 3491 hujusmodi
2134 3425 2385 3478 formula.
2406 3443 2495 3478 ex-

1439 3506 1639 3570 empla;
1666 3518 1830 3570 neque
1843 3505 1989 3555 nobis
2006 3521 2070 3555 ex
2087 3507 2308 3571 antiquis
2332 3506 2494 3571 scrip-

1440 3583 1635 3634 toribus
1656 3584 1790 3633 ullus
1814 3583 1944 3633 alius
1969 3598 2102 3634 nunc
2127 3585 2383 3634 succurrit
2419 3586 2493 3635 lo·

1438 3676 1547 3720 cus,
1571 3659 1655 3709 ubi
1678 3660 1920 3725 jurantes
1950 3660 2188 3712 dicantur
2229 3663 2243 3691 ‘
2268 3663 2494 3713 scienter

1436 3737 1618 3787 fallere
1636 3736 1671 3800 ;'
1718 3738 1944 3804 quamvis
1988 3740 2228 3803 exempla
2282 3754 2494 3789 succur-

1436 3822 1552 3864 rant
1581 3816 1657 3881 (v.
1680 3832 1728 3880 g.
1752 3832 1817 3866 ex
1841 3818 2032 3867 Plauto
2056 3816 2315 3880 Amphitr.
2339 3830 2426 3866 ιιι.
2442 3821 2488 3866 2.

1435 3897 1513 3941 52.
1546 3907 1613 3940 ex
1637 3893 1752 3941 Liv.
1776 3906 1838 3943 ιι.
1859 3896 1940 3943 45.
1962 3900 2017 3943 et
2043 3906 2166 3943 xxi.
2195 3893 2303 3955 45.)
2326 3892 2411 3942 ubi
2435 3893 2490 3943 in

1433 3970 1722 4034 hujusmodi
1762 3969 2015 4030 formulis,
2050 3985 2216 4035 neque
2256 3970 2493 4026 ‘scienta‘

1433 4063 1598 4113 neque
1629 4048 1921 4111 ‘scienter‚'
1948 4050 2170 4112 legatur.
2237 4049 2374 4100 Quin
2398 4050 2491 4097 im-

1432 4139 1536 4185 mo,
1560 4125 1656 4173 etsi
1679 4125 1774 4174 hoc
1799 4126 1960 4188 ipsum
1983 4125 2277 4177 adverbium
2300 4126 2351 4173 iu
2376 4126 2489 4175 aliis

1431 4202 1746 4264 argumentis
1768 4200 1950 4266 optimi
1976 4201 2277 4251 Latinitatis
2314 4211 2488 4253 aucto-

2261 4281 2356 4332 81
