3060 4902
538 358 673 426 752

537 521 692 584 cujus
736 517 915 568 statim
958 512 1194 564 meminit
1233 512 1453 572 Plinius,
1494 522 1597 560 non

541 597 646 647 dici
676 601 851 660 potest
874 593 1098 657 proprius
1124 589 1368 655 spectandi
1394 590 1604 638 Coesaris

541 677 794 736 suggestas
818 686 837 728 ,·
885 668 976 718 sed
1023 668 1127 718 dici
1171 666 1331 717 debet
1381 666 1604 729 proprius

538 748 796 814 spectantis
804 745 1137 806 Coesaris,vel,
1148 743 1382 808 spectanti
1398 742 1604 805 Coesuri,

536 829 817 886 suggestus.-
853 829 1150 885 propterea,
1172 820 1310 885 quod
1346 819 1525 868 Caesar
1549 819 1600 867 in

536 901 786 952 cubiculo
813 899 1016 953 sedens,
1056 897 1402 951 accubansve,
1435 895 1600 958 magis

537 983 803 1041 spectare,
818 988 968 1037 quam
988 974 1237 1037 spectari,
1250 979 1340 1022 aut
1359 979 1600 1035 spectan-

538 1054 639 1102 dus
663 1051 778 1101 aliis
801 1051 1040 1114 proponi,
1063 1049 1263 1113 potuit;
1299 1049 1538 1107 maxime,
1555 1048 1599 1096 si

537 1130 603 1185 is,
640 1129 884 1192 exemplo
926 1127 1169 1181 Neronis,
1202 1138 1358 1189 quem
1397 1125 1597 1174 Plinius

536 1205 805 1268 sigillatim
844 1210 1059 1264 tangere
1105 1201 1331 1262 videtur,
1368 1214 1467 1248 non
1502 1199 1598 1248 nisi

533 1297 632 1347 per
669 1295 828 1344 parva
860 1279 1085 1328 cubiculi
1121 1276 1371 1328 foramina
1394 1284 1600 1341 specta·

536 1359 649 1417 vit3
689 1359 754 1406 de
791 1371 895 1421 quo
936 1355 1152 1404 Sueton.
1179 1370 1230 1404 c.
1268 1357 1346 1403 12.
1379 1355 1598 1402 ‘Icarus

537 1435 705 1498 primo
728 1433 906 1482 statim
921 1440 1112 1481 conatu
1129 1431 1286 1494 juxta
1302 1431 1598 1480 cubiculum

535 1511 652 1573 ejus
696 1510 914 1571 decidit,
957 1509 1229 1573 ipsumque
1286 1521 1471 1556 cruore
1517 1522 1598 1556 re-

537 1587 751 1651 spersit.
788 1587 921 1634 Nam
949 1600 1163 1648 perraro
1187 1584 1488 1648 praesidere,
1512 1599 1599 1633 ce-

537 1670 705 1712 terum
740 1663 998 1712 accubans
1027 1664 1243 1724 primum
1270 1662 1441 1722 parvis
1465 1659 1599 1709 fora-

534 1741 758 1789 minibus
778 1746 1033 1802 spectare‚
1053 1735 1430 1786 consueverat!
1458 1738 1598 1787 Hinc

533 1818 737 1866 Plinius
762 1818 872 1880 ipse
898 1817 1080 1870 innuit,
1102 1815 1142 1863 si
1164 1823 1339 1865 utatur
1356 1815 1597 1877 princeps

531 1893 771 1941 cubiculo
794 1893 844 1941 in
870 1892 1202 1955 spectaculis,
1227 1901 1349 1940 tunc
1380 1905 1479 1939 non
1518 1892 1595 1953 ip·

534 1982 644 2017 sum
670 1969 975 2031 principem,
1013 1969 1104 2015 sed
1130 1966 1419 2016 cubiculum
1459 1969 1596 2030 prin-

532 2045 685 2107 cipis,
701 2047 842 2093 cerni
860 2059 1005 2107 posse
1021 2062 1036 2105 ;
1062 2046 1279 2107 ideoque
1293 2044 1596 2107 Trajanum,

533 2120 648 2168 sine
694 2121 833 2169 omni
870 2128 1117 2184 suggestu
1154 2129 1207 2169 et
1246 2120 1505 2176 cubiculo,
1542 2120 1595 2168 in

537 2198 729 2265 populo
747 2197 962 2258 sedisse,
988 2205 1038 2245 et
1064 2198 1231 2246 locum
1256 2196 1397 2260 plebi
1423 2211 1595 2260 oequa·

537 2281 646 2321 tum
683 2287 962 2337 paremque
1002 2274 1251 2335 tenuisse,
1283 2278 1339 2320 ut
1373 2273 1594 2320 invicem

531 2351 680 2399 cerni
707 2352 935 2415 potuerit
956 2366 988 2399 a
1012 2350 1222 2414 populo.
1288 2349 1390 2397 Ubi
1423 2357 1594 2397 tamen

534 2426 690 2477 facile
732 2426 908 2482 credo,
947 2427 1224 2490 Trajanum
1276 2427 1439 2490 primo
1484 2425 1596 2490 qui-

535 2505 675 2567 dem,
720 2504 809 2553 sed
859 2513 1030 2552 tamen
1069 2520 1169 2552 non
1211 2503 1452 2558 editiore,
1497 2518 1595 2552 nec

534 2582 713 2628 clauso
739 2587 982 2643 tectoque
1002 2580 1133 2634 loco,
1154 2579 1364 2626 sedisse.
1434 2578 1596 2626 Vides

535 2671 680 2718 ergo,
704 2656 748 2704 si
772 2657 1063 2704 accuratius
1090 2670 1195 2704 rem
1222 2654 1595 2718 expendamus,

531 2731 598 2779 ad
621 2746 795 2780 veram
823 2739 877 2780 et
898 2740 1265 2793 congruentem
1281 2731 1594 2779 senteutiam

531 2808 707 2858 Plinio
736 2809 1083 2863 asserendam,
1116 2822 1331 2856 necesse
1359 2822 1493 2867 esse,
1516 2817 1597 2871 ut,

533 2886 689 2934 etiam
712 2886 822 2934 sine
848 2883 1093 2947 suffragio
1118 2885 1380 2948 librorum,
1405 2886 1453 2934 iu
1479 2887 1594 2948 ipsa

534 2962 793 3025 scriptura
836 2968 1083 3023 corrupta
1138 2962 1367 3011 remedia
1417 2961 1592 3010 mendi

531 3052 845 3103 quaeramus‚
890 3038 1366 3101 amplectamurque
1414 3038 1593 3085 lectio-

532 3130 650 3165 nem
685 3115 1021 3180 propositam.
1089 3116 1277 3177 Neque
1305 3128 1504 3176 vereor,
1527 3129 1592 3163 ne

532 3192 764 3241 audaciae
799 3200 973 3239 notam
1011 3191 1285 3244 incurram,
1314 3189 1357 3237 si
1387 3190 1588 3238 unicam

530 3268 741 3315 literam
764 3275 927 3327 muto,
954 3274 1008 3314 et
1033 3280 1128 3328 pro
1160 3267 1192 3313 d
1225 3279 1418 3328 repono
1448 3274 1502 3324 t,·
1539 3267 1590 3316 in

527 3341 716 3404 quibus
732 3342 896 3390 literis
916 3343 1287 3391 commutandis
1304 3358 1455 3407 quam
1471 3357 1590 3406 pro·

530 3418 666 3467 clive
690 3416 788 3468 fuit
825 3420 1035 3468 rudibus
1069 3421 1289 3469 librariis
1313 3422 1589 3470 hallucina-

530 3495 604 3543 ri!
657 3496 903 3546 Ceterum
930 3512 1039 3546 mos
1066 3498 1150 3545 ille
1184 3497 1346 3560 coepit
1375 3512 1489 3546 cum
1512 3499 1592 3562 ip·

529 3585 588 3619 so
634 3572 953 3635 principatu,
986 3580 1045 3621 ut
1081 3574 1290 3636 plurimi
1330 3575 1590 3638 principes

530 3646 770 3709 Romani,
803 3648 952 3697 ludos
989 3651 1299 3710 spectaturi,
1329 3650 1425 3699 sibi
1451 3652 1590 3714 ejus-

529 3721 666 3770 modi
692 3731 1007 3786 suggestum,
1035 3724 1119 3772 vel
1156 3725 1464 3783 cubiculum,
1498 3742 1589 3775 ex·

527 3805 792 3847 struerent
826 3799 876 3847 in
904 3800 1191 3849 orchestra.
1256 3801 1373 3852 Jam
1400 3802 1466 3851 de
1493 3803 1590 3852 Ju-

528 3875 602 3924 lio
627 3877 853 3937 Caesare,
882 3892 929 3926 c.
956 3881 1039 3926 76.
1073 3879 1170 3928 hoc
1203 3876 1366 3927 refert
1402 3879 1588 3929 Sueto-

527 3953 672 4002 nius:
710 3956 725 3982 ‘
741 3952 963 4016 Recepit
983 3964 1283 4018 suggestum
1308 3956 1357 4004 in
1382 3958 1589 4007 orches·

530 4027 646 4077 tra.'
712 4029 818 4079 Ubi
848 4029 1178 4080 casaubonus
1205 4040 1401 4094 monet,
1437 4040 1589 4097 ‘sug-

529 4114 729 4168 gestum
754 4104 767 4125 '
803 4106 993 4162 vocari,
1032 4109 1153 4170 quia
1184 4108 1277 4159 hoc
1307 4123 1489 4172 pegma
1513 4113 1589 4158 in·

528 4189 640 4230 star
663 4181 935 4232 tribunalis
958 4183 1175 4233 sublime
1195 4182 1391 4246 fuerit3
1414 4187 1430 4213 ‘
1446 4186 1590 4235 cubi·

529 4261 703 4312 culum
723 4260 737 4283 '
773 4276 897 4312 vero
923 4276 954 4311 a
984 4262 1182 4326 sorma3
1220 4264 1340 4330 quia
1378 4264 1591 4316 solitum

1234 368 1453 418 NOTAE
1504 365 1909 415 VAmoRuM

1963 363 2044 412 m

1677 508 1851 558 extrui
1869 508 1919 557 in
1937 505 2145 556 modum
2165 503 2314 569 parvi
2333 503 2581 555 cubiculi.
2615 505 2744 556 For·

1677 600 1810 634 mam
1848 593 2019 634 tamen
2051 581 2345 645 hujusmodi
2374 581 2516 630 sedis
2551 583 2741 645 priuci-

1678 663 1828 726 palis,
1863 675 1956 725 pro
1990 659 2300 709 diversitate
2336 664 2650 722 temporum,
2687 666 2745 709 et

1678 754 1771 802 pro
1809 737 1977 786 lubitu
2015 736 2298 797 Caesarum,
2337 735 2615 798 aliquando
2655 750 2742 787 va·

1678 817 1859 870 riasse,
1905 812 2084 863 credo.
2163 811 2456 860 Bandurius
2500 812 2552 861 in
2589 812 2742 861 Com-

1676 901 1900 943 mentar.
1937 891 2002 941 ad
2042 890 2304 954 Antiquit.
2338 890 2743 955 Constantinop-

1677 969 1766 1018 lib.
1793 982 1832 1017 r.
1861 985 1912 1032 p.
1935 972 2048 1018 489.
2071 966 2359 1022 annotavit,
2384 966 2523 1015 illam
2547 967 2744 1029 sedem,

1675 1045 1728 1094 in
1762 1059 1862 1108 qua
1897 1045 2182 1107 imperator
2216 1043 2430 1105 sederit,
2462 1058 2579 1093 cum
2615 1031 2743 1094 ede·

1676 1129 1856 1169 rentur
1879 1120 1986 1169 ludi
2012 1120 2300 1176 Circenses,
2316 1120 2634 1183 appellatam
2659 1136 2743 1171 es·

1673 1210 1729 1245 se
1756 1194 1934 1259 στόμα,
1947 1196 2074 1245 item
2092 1194 2151 1244 τὸ
2161 1193 2366 1255 κάθισμα
2380 1196 2469 1245 τοῦ
2482 1197 2743 1257 βασιλέως,

1675 1271 1884 1335 cedemus
1904 1273 2179 1336 βασιλικὸν,
2194 1273 2404 1335 κάθωμαι
2419 1273 2627 1339 θεωρίαν,
2641 1275 2744 1338 θρό-

1677 1369 1758 1401 νον
1778 1351 2035 1409 βασιλέως.
2090 1352 2426 1402 casaubonus
2455 1353 2556 1401 huc
2578 1355 2739 1404 etiam

1673 1430 1834 1479 trahit
1850 1444 2038 1478 nomen
2056 1426 2348 1494 οὐρανίσκον,
2364 1429 2484 1493 quia
2506 1430 2742 1494 aliquan·

1674 1508 1741 1557 do
1772 1514 2114 1562 cameratum,
2149 1516 2207 1556 et
2248 1505 2528 1556 testudinis
2556 1508 2745 1571 specie

1673 1581 1987 1633 fornicatum
2026 1583 2193 1646 ipsum
2234 1583 2422 1631 solium
2454 1583 2744 1640 obtexerit,

1673 1662 1748 1710 uti
1772 1663 1956 1710 coelnm
1982 1668 2172 1710 terram
2198 1661 2352 1722 tegit.
2408 1660 2564 1709 Anno
2590 1665 2740 1710 1666.

1672 1740 1867 1802 prodiit
1908 1738 2123 1787 Arelate
2164 1738 2298 1787 liber
2343 1738 2600 1801 Gallicus,
2641 1738 2740 1788 sub

1672 1816 1768 1865 hoc
1792 1817 1975 1866 titulo:
2014 1814 2322 1879 Description
2352 1817 2435 1864 des
2463 1819 2649 1873 crines,
2682 1831 2743 1865 οι

1670 1894 1730 1941 de
1752 1892 2156 1956 rAmphitheaere
2185 1892 2415 1950 &Au-len
2449 1892 2537 1940 ubi
2575 1892 2629 1940 in
2664 1899 2737 1941 ta·

1674 1969 1795 2017 bula
1814 1968 2084 2031 adjuncta,
2106 1975 2161 2017 et
2187 1982 2291 2016 aere
2315 1968 2604 2029 exscripta,
2625 1970 2743 2030 pul·

1672 2043 1793 2092 chre
1818 2044 2130 2106 exprimitur
2150 2041 2361 2103 κάθισμα
2382 2043 2467 2091 τοῦ
2485 2043 2745 2105 βασιλέα,

1672 2122 1784 2169 sive
1810 2121 2025 2180 thronus,
2041 2134 2071 2168 e
2096 2134 2196 2184 quo
2219 2120 2496 2184 spectabat
2513 2120 2739 2184 impera·

1673 2204 1754 2246 tor
1777 2213 1792 2257 ς
1818 2196 1986 2261 qualis
2005 2198 2161 2246 etiam
2184 2198 2235 2245 in
2253 2199 2411 2247 circo.
2437 2198 2687 2247 Schmun.

1737 2273 2034 2338 Suggestus]
2084 2275 2287 2324 Editior
2327 2275 2491 2331 locus,
2535 2276 2588 2323 in
2636 2289 2741 2339 quo

1670 2351 1784 2412 ipse
1832 2359 2058 2412 spectet.
2143 2350 2240 2400 Cui
2284 2352 2464 2400 honori
2513 2352 2662 2414 origo
2707 2367 2738 2401 a

1668 2426 1702 2477 J
1709 2426 1810 2475 ulio
1835 2428 2064 2488 Caesare,
2086 2441 2241 2491 quem
2262 2427 2543 2477 Suetonius
2566 2435 2740 2486 notat.

1674 2502 1812 2551 inter
1837 2504 2016 2552 nimios
2040 2505 2279 2568 honores,
2303 2505 2563 2567 recepisse
2589 2513 2602 2532 ‘
2620 2520 2740 2566 sug·

1675 2589 1875 2640 gestum
1911 2581 1960 2627 iu
1998 2578 2306 2629 orchestra.'
2373 2580 2514 2628 Vide
2546 2596 2632 2631 me
2670 2581 2737 2630 de

1672 2655 2070 2716 Amphitheatro
2097 2671 2213 2719 cap.
2238 2662 2288 2705 2.
2321 2657 2457 2719 Lips.

1737 2732 1920 2780 Licebit
1948 2748 2064 2793 ergo
2091 2734 2292 2798 civibus]
2325 2733 2511 2784 Licebit
2545 2749 2663 2795 ergo
2693 2741 2743 2784 te

1669 2807 1849 2856 civibus
1869 2810 1935 2856 V.
1959 2810 2019 2858 C.
2047 2809 2116 2858 G.
2149 2809 2318 2858 Licin.

1745 2886 1877 2946 Ergo
1921 2886 2128 2950 civibus]
2181 2886 2243 2935 In
2291 2885 2563 2936 codicibus
2610 2888 2744 2937 Mas.

1670 2963 1963 3023 Vaticanis,
2002 2963 2304 3019 Parisiensi,
2342 2964 2549 3012 Veneto
2595 2973 2740 3013 utro·

1671 3053 1793 3102 que,
1810 3038 2209 3102 Salisburgensi.
2228 3053 2361 3095 meo,
2377 3047 2431 3088 et
2451 3039 2582 3088 libro
2604 3041 2739 3089 Vos·

1671 3114 1834 3170 siano,
1858 3115 2105 3176 scriptum
2131 3123 2210 3162 est
2236 3113 2424 3162 Licebit
2443 3129 2561 3176 ergo
2595 3120 2644 3164 te
2669 3118 2738 3165 ci-

1667 3191 1803 3240 vibus
1826 3193 1939 3240 tuis.
1966 3192 2026 3241 In
2047 3192 2527 3255 Guelpherbytano,
2551 3208 2649 3255 pro
2672 3200 2739 3256 te,

1670 3277 1816 3317 extat
1840 3278 1904 3316 et.
1944 3270 2140 3317 Vocula
2164 3274 2211 3318 te
2233 3282 2331 3316 non
2357 3275 2437 3317 est
2457 3268 2524 3317 de
2547 3270 2735 3334 nihilo,

1670 3359 1822 3407 quam
1869 3345 2027 3393 etiam
2086 3344 2430 3407 Cuspinianus
2483 3352 2541 3393 et
2593 3347 2736 3395 Livi-

1669 3422 1813 3470 neius
1852 3421 2099 3481 edidere3
2147 3421 2245 3468 nisi
2284 3420 2422 3483 quod
2461 3435 2563 3469 nou
2605 3424 2736 3472 satis

1668 3511 1791 3561 apto
1812 3500 1925 3548 loco
1947 3500 2201 3549 collocata
2227 3498 2479 3548 videatur.
2507 3500 2739 3549 Schwar-

1665 3591 1779 3624 atus.

1736 3654 1848 3701 Non
1883 3652 2146 3701 cubiculum
2175 3652 2427 3717 principis]
2463 3653 2734 3706 Neronem

1667 3728 1888 3792 indicat,
1932 3745 2084 3793 quem
2128 3744 2158 3778 e
2206 3730 2444 3779 cubiculo
2487 3741 2736 3794 spectare

1666 3806 1875 3855 solitum
1912 3805 2049 3855 idem
2078 3813 2257 3856 auctor
2278 3813 2381 3870 est,
2413 3808 2545 3857 Ner.
2576 3823 2627 3861 c.
2650 3812 2734 3860 la.

1671 3882 1834 3931 Licin.

1732 3959 1847 4007 Non
1876 3956 2140 4007 cubiculum
2166 3956 2423 4022 principis]
2458 3957 2566 4008 Ubi
2592 3957 2737 4009 velut

1665 4035 1887 4097 claiisus,
1943 4041 2190 4099 tutusque
2245 4033 2314 4083 ab
2357 4035 2551 4097 injuria
2590 4036 2734 4100 coeli,

1666 4110 1906 4160 sedebat.
1973 4111 2308 4175 Populariter
2341 4110 2597 4174 Trajanus
2634 4113 2734 4163 hoc

1665 4190 1887 4252 sprevit,
1913 4197 1964 4237 et
1987 4189 2248 4252 spectavit
2282 4189 2415 4254 ipse,
2439 4197 2736 4254 spectatus-

1664 4279 1769 4331 que
1791 4274 1890 4316 est.
1924 4267 2055 4330 Lipu.
