3060 4902
534 375 667 440 '746

606 535 801 599 Copiam
815 533 1019 599 pra-bes]
1048 534 1221 584 Caesar
1233 533 1472 596 Caligula
1489 549 1597 596 poe·

531 611 806 661 nitentiam
862 610 1159 672 simulabat,
1189 610 1359 674 ‘quod
1405 611 1592 673 princi-

534 686 764 750 palium‚’
797 687 832 736 i.
858 699 904 733 e.
929 686 1363 745 Caesarianarum,
1390 688 1404 714 ‘
1422 701 1593 734 rerum

533 765 750 828 privatis
799 765 1002 828 copiam
1062 763 1315 813 faceret.'
1379 766 1594 814 Sueton.

534 842 701 904 Calig.
726 844 876 891 c.39.
945 841 1006 890 In
1044 841 1241 905 aliquot
1276 841 1593 890 editionibus

530 917 756 981 antiquis
791 917 873 966 hic
905 917 1051 965 locus
1089 933 1117 965 a
1160 916 1412 978 principio
1451 930 1594 964 men·

532 992 658 1041 dose
681 1007 902 1042 excusus
927 993 1133 1052 legitur,
1153 994 1291 1041 Nunc
1311 1008 1417 1041 vero
1439 1007 1593 1040 emen·

530 1068 584 1116 di
617 1073 819 1132 tantum,
841 1071 923 1130 85⁶·-
947 1069 1035 1117 sed
1073 1068 1152 1116 hae
1189 1070 1456 1131 particulae
1492 1082 1595 1129 nec,

529 1160 675 1206 nunc,
698 1148 856 1196 etiam
881 1146 997 1195 alibi
1021 1160 1162 1208 saepe
1188 1143 1591 1195 confunduntur.

533 1221 777 1272 Schts-urz.

598 1300 697 1355 Ita,
731 1300 941 1361 inquam,
973 1296 1141 1361 donas]
1193 1297 1431 1362 Conjecit
1469 1297 1591 1360 Lip-

528 1374 656 1437 sius,
677 1377 872 1438 proila,
892 1374 1161 1436 legendum
1181 1390 1291 1423 esse
1311 1376 1420 1423 ista.
1466 1373 1592 1423 Am-

531 1453 796 1515 plecterer
813 1452 908 1500 hoc
934 1466 1233 1513 pronomen,
1258 1452 1299 1500 si
1325 1452 1374 1500 id
1402 1466 1591 1514 reprae·

530 1539 823 1580 tentassent
860 1532 1068 1581 codices
1092 1534 1223 1581 Mss-
1246 1542 1334 1580 aut
1359 1532 1474 1579 libri
1501 1546 1592 1579 ex·

526 1608 641 1654 cusi
680 1615 927 1669 spectatae
967 1607 1327 1663 alletoritatis5
1362 1608 1470 1655 sine
1511 1607 1589 1653 bis

529 1697 634 1731 non
673 1683 906 1746 requiro:
946 1698 1058 1731 cum
1093 1683 1247 1731 etiam
1283 1697 1346 1730 ex
1388 1684 1587 1746 vulgari

529 1774 625 1809 usu
649 1759 911 1808 subaudiri
939 1761 1097 1821 possit
1122 1775 1193 1807 ea.
1225 1759 1392 1808 Idem.

594 1837 693 1898 Ita,
725 1836 940 1900 inquam]
1000 1837 1170 1898 Forte,
1216 1835 1333 1893 Ista,
1376 1837 1589 1900 inquam.

529 1911 699 1961 Livin.

594 1991 694 2054 Itu,
730 1991 949 2054 inquam]
1000 1993 1263 2053 Fortasse,
1309 1994 1445 2050 Ista:
1497 2000 1588 2043 tua

525 2082 710 2131 nempe
748 2069 977 2132 propria,
1008 2076 1061 2118 et
1098 2071 1146 2117 in
1173 2084 1308 2134 quae,
1334 2076 1393 2119 ut
1417 2070 1588 2135 lieres,

529 2145 721 2195 Nervae
746 2148 1057 2196 successisti.
1092 2148 1227 2210 Lips.

588 2223 782 2272 Judicio
815 2224 1059 2288 accepisti]
1093 2225 1310 2279 Judicio,
1335 2225 1368 2273 i.
1394 2239 1439 2274 e.
1462 2224 1585 2286 jure

524 2304 634 2355 tuo,
665 2314 725 2349 ac
761 2301 964 2364 merito,
1000 2317 1185 2366 nempe
1222 2318 1316 2366 per
1351 2301 1585 2364 adoptio-

525 2389 663 2439 nem,
748 2379 1147 2437 successionem,
1228 2380 1585 2434 hereditatem,

523 2451 757 2516 aliosque
784 2454 1034 2514 legitimos
1058 2456 1265 2514 modos;
1299 2456 1583 2503 secundum

515 2526 702 2588 judicii
726 2543 985 2589 normam3
1024 2544 1123 2578 non
1149 2531 1355 2593 injuria,
1379 2546 1479 2580 non
1516 2532 1584 2587 vi.

521 2617 620 2651 nec
658 2605 872 2653 scelere.
944 2606 1026 2653 Ita
1069 2606 1179 2654 lnaec
1223 2606 1320 2654 sibi
1360 2607 1582 2655 invicem

523 2681 743 2741 opponit
789 2681 924 2729 Plin.
973 2680 1133 2742 Epist.
1179 2695 1262 2729 111.
1307 2685 1383 2729 14.
1419 2682 1434 2707 ‘
1462 2683 1583 2731 Non

522 2755 658 2802 enim
698 2755 896 2818 judicio
946 2756 1161 2819 domini,
1218 2755 1306 2804 sed
1365 2759 1581 2812 scelere,

521 2831 891 2892 perimuntur.'
957 2833 1069 2882 Cic.
1114 2847 1207 2893 pro
1254 2833 1318 2880 A.
1357 2834 1581 2890 Caecina,

520 2923 568 2958 c.
606 2912 653 2958 1.
687 2908 842 2959 ‘Hoc
881 2909 1165 2959 constantis
1208 2911 1423 2958 hominis
1467 2926 1581 2959 esse

519 2984 751 3046 putavit,
772 2985 859 3049 qui
884 2999 1001 3033 cum
1028 2984 1074 3032 vi
1107 2991 1162 3033 et
1195 2985 1349 3033 armis
1376 2994 1581 3034 certare

517 3061 790 3121 noluisset,
813 3075 927 3109 eum
955 3060 1076 3123 jure
1097 3061 1402 3124 judicioque
1429 3077 1581 3124 supe·

518 3135 669 3184 rare.’
733 3136 880 3185 Idem
907 3137 1087 3184 Famil.
1112 3151 1161 3185 v,
1185 3141 1235 3183 2.
1255 3139 1270 3164 ‘
1297 3139 1479 3200 Neque
1505 3139 1579 3187 illi

518 3212 798 3275 quidquam
817 3211 1155 3261 deliberatius
1175 3211 1291 3272 fuit,
1309 3229 1457 3275 quarn
1478 3229 1579 3271 me,

517 3301 816 3352 quacunque
850 3288 1051 3337 ratione
1091 3298 1282 3350 posset,
1308 3306 1409 3340 non
1438 3291 1580 3353 judi·

514 3363 621 3417 cio,
659 3370 715 3412 et
757 3362 1156 3427 disceptatione,
1196 3366 1284 3414 sed
1326 3367 1374 3414 vi
1420 3376 1577 3427 atque

513 3438 871 3502 impressione,
890 3441 1165 3489 evertere·
1233 3442 1315 3489 An
1339 3456 1456 3490 vero
1485 3458 1577 3506 pu·

514 3522 703 3576 temus,
745 3516 970 3565 Plinium
1013 3517 1088 3564 his
1122 3516 1293 3564 verbis
1328 3517 1376 3564 id
1418 3520 1577 3579 respi-

509 3604 652 3651 cere,
680 3590 813 3653 quod
839 3606 996 3653 supra
1019 3606 1147 3640 vm.
1171 3597 1213 3639 1.
1238 3593 1390 3652 dixit,
1425 3596 1440 3621 ⁴
1463 3596 1577 3644 Nec

510 3666 714 3731 (Nerva
751 3668 800 3715 in
836 3667 1139 3730 adoptando
1168 3670 1575 3733 '1'rajano)judi-

511 3742 645 3790 cium
689 3742 966 3802 hominum,
994 3742 1085 3791 sed
1130 3745 1357 3793 Deorum
1397 3748 1576 3810 etiam,

511 3817 564 3866 in
590 3818 855 3866 consilium
883 3818 1123 3867 assumsit
1143 3819 1179 3867 ?’
1212 3820 1454 3872 Seianam-z.

575 3895 796 3959 Amicos]
867 3895 1021 3956 Regis
1076 3896 1212 3945 illius
1277 3905 1401 3947 nota
1459 3914 1576 3963 vox,

511 3971 647 4022 ‘Ubi
681 3971 959 4022 thesauri?
998 3974 1190 4024 amicos
1225 3978 1572 4029 ostendentis.

508 4049 645 4112 Lips.

573 4125 711 4175 CAP.
737 4137 807 4173 ιι.
844 4125 1031 4174 Parcus
1051 4127 1102 4174 in
1123 4127 1429 4193 edificando]
1460 4128 1571 4180 Ad·

1227 391 1447 439 No‘rAE
1496 359 1903 439 vamonulu
1960 389 2041 438 m

1670 540 1759 581 aut
1818 532 2040 594 inopiam
2098 529 2411 595 significant,
2462 531 2739 596 conjungit

1669 625 1780 658 curn
1822 625 1943 657 casu
1985 607 2260 670 gignendi;
2296 623 2342 655 v.
2378 623 2429 670 g.
2467 608 2638 669 Epist.
2676 621 2736 656 x.

1668 690 1749 734 25.
1789 687 2149 749 ‘Quamquam
2191 684 2446 749 ejusmodi
2483 685 2734 734 bonorum

1672 762 2033 826 parcissimus!
2104 763 2281 825 Nunc,
2315 762 2495 810 addita
2532 776 2735 823 praepo-

1670 842 1876 900 sitione,
1915 839 2176 890 connectit
2221 853 2334 886 cum
2380 852 2502 887 casu
2545 847 2736 897 ὅρκιος

1671 917 1745 964 uti
1781 931 1953 980 supra,
1980 931 2027 967 c.
2052 919 2102 963 3.
2123 916 2137 941 ‘
2158 915 2276 963 Non
2314 922 2417 963 tam
2442 928 2644 974 vereor,
2666 928 2735 962 ne

1668 1007 1750 1040 me
1787 994 1835 1041 in
1875 993 2111 1042 laudibus
2148 993 2251 1040 anis
2295 1004 2528 1054 parcum,
2562 1005 2735 1054 quam.

1667 1082 1732 1117 ne
1774 1071 2004 1131 nimium,
2041 1067 2228 1132 putet!
2292 1069 2380 1117 Sic
2409 1076 2465 1117 et
2498 1068 2668 1130 Epist.
2693 1082 2734 1117 ι.

1667 1149 1749 1193 22.
1794 1144 2001 1196 ‘Quam
2049 1159 2237 1208 parcns
2280 1144 2332 1193 in
2376 1145 2535 1206 victu,
2579 1158 2731 1208 quam

1667 1223 1896 1270 modicus
1954 1223 2004 1270 in
2061 1222 2233 1270 cultu!
2256 1220 2267 1241 '
2336 1220 2507 1283 Epist.
2554 1233 2609 1269 x.
2651 1223 2731 1270 11.

1668 1299 2005 1349 ‘Parciorem
2048 1314 2131 1346 me
2179 1299 2228 1346 in
2277 1296 2536 1346 laudando
2580 1295 2734 1360 facit,

1667 1376 1804 1438 quod
1845 1375 2053 1437 spero‚’
2088 1379 2187 1424 διο.
2257 1374 2512 1436 Intelligit
2555 1382 2728 1424 sutem

1667 1452 1922 1502 duntaxat
1958 1452 2213 1515 privatam
2236 1451 2446 1513 Trajani
2481 1451 2731 1512 parsimo-

1666 1533 1801 1581 niam
1827 1535 1876 1583 in
1908 1533 2141 1582 aedificiis
2178 1531 2240 1581 ad
2278 1546 2422 1580 usum
2457 1547 2602 1580 sunm
2640 1545 2731 1594 pa·

1667 1610 1873 1669 raudis;
1907 1610 1972 1658 de
2016 1609 2234 1672 publicis
2271 1610 2408 1658 enim
2449 1609 2625 1671 paullo
2656 1610 2732 1658 in·

1665 1683 1827 1734 serius
1857 1686 2010 1745 dicit,
2040 1689 2053 1713 ⁸
2077 1685 2149 1734 At
2176 1700 2328 1749 quam
2353 1685 2731 1752 magnificus-ia

1664 1763 1927 1825 publicum
1954 1761 2055 1810 esl'
2088 1762 2331 1811 Schts-arz-

1730 1837 2057 1902 AEdificando]
2115 1838 2369 1886 Privatim
2414 1838 2640 1896 scilicet,
2673 1844 2730 1889 et

1662 1916 1712 1964 in
1743 1925 1856 1964 tuos
1882 1929 2033 1974 usus3
2069 1928 2184 1963 nam
2210 1913 2417 1977 publice
2440 1923 2646 1977 contra,
2667 1923 2730 1966 nt

1662 1991 1871 2039 subdet.
1908 1991 2045 2051 Lips.

1729 2069 1787 2116 In
1806 2066 2000 2129 tuendo]
2028 2067 2071 2116 1.
2088 2066 2200 2115 e.in
2218 2066 2592 2117 conservando.
2636 2066 2729 2118 Sic

1662 2152 1715 2193 et
1740 2145 1909 2192 Varro
1934 2146 2042 2193 baec
2078 2143 2360 2206 conjungit,
2383 2144 2448 2192 de
2473 2144 2549 2193 Re
2575 2145 2729 2194 Rust.

1662 2234 1699 2269 1.
1737 2225 1815 2269 11.
1849 2229 1864 2250 ‘
1888 2222 2088 2285 Majora
2124 2227 2282 2280 tecta,
2318 2226 2373 2269 et
2414 2210 2728 2272 edificemus

1662 2299 1839 2362 pluris,
1853 2306 1906 2346 et
1928 2296 2271 2358 tuemur,'i.e.
2284 2304 2428 2346 sarta
2444 2304 2587 2345 tecta
2601 2313 2726 2348 cou-

1660 2388 1941 2433 servamus,
1965 2374 1980 2399 ‘
2002 2381 2174 2421 sumtu
2196 2372 2428 2435 majore!
2452 2372 2697 2424 &haar-z.

1731 2451 1797 2499 Ue
1835 2450 1970 2514 unte]
2031 2450 2172 2499 Puta
2216 2448 2312 2498 sub
2361 2450 2591 2512 Nerone,
2634 2460 2728 2503 aut

1659 2527 1893 2583 Claudio,
1918 2541 2133 2590 quot-nm
2168 2534 2391 2589 uterque
2423 2542 2586 2588 opera
2616 2543 2728 2578 ma-

1656 2604 1791 2651 xima
1816 2604 2088 2658 excitavit,
2112 2602 2202 2651 sed
2230 2615 2329 2651 non
2353 2617 2480 2651 sano
2507 2604 2726 2668 jndicio.

1659 2679 1854 2728 Alludit
1913 2680 1976 2728 ad
2024 2681 2183 2728 moles
2232 2679 2555 2738 immodicas,
2600 2695 2724 2744 quoe

1655 2755 2076 2805 subvehebantur
2099 2755 2162 2804 ad
2190 2754 2427 2804 aedificia.
2480 2756 2729 2809 Juvenal.

1657 2832 1767 2880 Sat.
1794 2845 1880 2880 111.
1902 2833 1917 2858 ‘
1941 2832 2114 2893 Longa
2142 2837 2381 2879 coruscat
2404 2831 2611 2881 Sarraeo
2636 2846 2728 2881 ve·

1657 2908 1833 2955 niente
1888 2906 2049 2969 abies,
2104 2914 2263 2971 atque
2320 2908 2486 2957 altera
2539 2909 2723 2971 pinum

1658 2986 1901 3033 Plaustra
1926 2985 2147 3044 velnnnt3
2183 2991 2369 3033 nutant
2402 2985 2525 3045 alte,
2558 3000 2726 3051 popu·

1656 3060 1809 3122 loque
1835 3060 2130 3116 minantur,'
2153 3063 2253 3109 &c.
2291 3061 2512 3110 Patarol.

1723 3137 1850 3194 Non,
1882 3143 1937 3185 ιιι
1974 3136 2107 3199 ante]
2149 3135 2388 3184 Insanum
2428 3136 2724 3189 Domitiani

1653 3212 1876 3260 studium
1901 3212 2237 3262 aedificiorum
2262 3220 2425 3274 notat,
2446 3214 2584 3276 quod
2610 3216 2724 3266 irri-

1655 3304 1764 3337 sum
1789 3291 1925 3339 serio
1949 3297 2003 3340 et
2027 3290 2310 3339 Plutarcho
2336 3290 2384 3338 in
2410 3290 2721 3354 Poplicola:

1650 3365 1712 3413 ‘O
1733 3364 1822 3425 μέν
1843 3385 1917 3416 τοι
1938 3366 2180 3428 θαυμάσας
2210 3367 2297 3415 τοῦ
2319 3367 2612 3419 καπιτυλίου
2630 3371 2724 3429 τὴν

1652 3444 1985 3500 πολυτέλειαν,
2009 3444 2051 3493 εἰ
2077 3442 2188 3505 μίαν
2210 3442 2332 3493 εἶδεν
2355 3447 2406 3494 ἐν
2427 3444 2553 3509 οἰκία
2573 3455 2722 3508 Δομι-

1650 3521 1817 3569 navo&
1845 3520 2011 3578 στοὰν,
2032 3521 2064 3578 ἦ
2094 3524 2369 3580 βασιλικὴν.
2390 3523 2422 3580 ἦ
2444 3526 2722 3588 Βαλανεΐον,

1650 3596 1682 3655 ἢ
1702 3598 2010 3646 παλλακίδων
2030 3597 2226 3656 δίαιταν,
2244 3596 2342 3648 οἷόν
2362 3601 2468 3649 ἐστι
2486 3600 2547 3648 τὸ
2570 3600 2719 3661 aad·

1649 3691 1791 3733 μενον
1823 3673 2113 3737 Ἐπιχάρμου
2141 3673 2259 3735 πρὸς
2293 3675 2380 3724 τὸν
2408 3675 2615 3725 ἄσωτον·
2662 3678 2720 3727 οὗ

1649 3748 1975 3811 φιλάνθρωπος
1996 3749 2103 3812 τόγ’
2125 3750 2250 3815 ἐστὶ,
2270 3750 2412 3801 νόσον
2434 3751 2583 3815 ἔχεις,
2605 3753 2719 3816 χαί·

1647 3842 1742 3887 pets
1762 3825 1930 3886 διδοὺς,
1949 3828 2136 3876 τοιοῦτο
2169 3827 2276 3876 ἄντι
2295 3827 2411 3890 πρὸς
2432 3831 2721 3890 Δομετιανὸν

1648 3901 1794 3950 εἰπεῖν
1819 3902 2050 3965 προήχθη·
2085 3904 2188 3952 Οὔκ
2208 3904 2425 3963 εὐσεβὴς.
2444 3905 2553 3956 οὐδὲ
2574 3906 2720 3969 φιλό-

1647 3998 1780 4039 τιμος
1823 3982 1930 4040 rsry’
1978 3980 2102 4039 ἐστὶ,
2152 3979 2297 4031 νόσον
2340 3980 2490 4047 ἔχεις,
2536 3983 2719 4048 χαίρεις

1645 4059 2009 4117 κατοικοδομῶν,
2054 4058 2212 4122 ὥσπερ
2256 4059 2282 4107 ὁ
2326 4059 2478 4110 Μίδας
2518 4062 2718 4124 ἐκεῖνος,

1644 4133 1833 4183 ἅπαντά
1861 4152 1940 4185 σοι
1970 4137 2130 4197 χρυσᾶ
2149 4134 2229 4185 καὶ
2249 4135 2406 4186 λίθινα
2424 4138 2718 4199 βουλόμενος

500 4201 752 4264 jectivum
795 4216 967 4265 par-cus
1003 4202 1207 4254 Plinius
1251 4207 1391 4269 alibi,
1430 4208 1566 4257 haud
1641 4210 1880 4272 γενέσθαι.
1943 4213 2202 4261 Enimvero
2224 4214 2715 4279 quie-pitaciisptea—

507 4291 676 4341 secus,
712 4291 772 4328 ac
808 4278 913 4328 alia
947 4280 1173 4347 nomina,
1216 4296 1333 4348 quas
1365 4286 1569 4350 copiam

1642 4290 1804 4340 dorem
1824 4288 2108 4353 admiretur,
2126 4303 2203 4338 πα
2222 4289 2299 4339 iun·
2330 4290 2434 4340 eiua
2462 4293 2515 4341 ἐκ
2538 4291 2714 4344 1)οαί-
