3060 4902
779 407 842 453 c.
894 404 1136 454 nimi
1187 404 1515 453 sacuam
1570 407 1840 455 pauno.
1919 409 1970 456 1.
2014 393 2122 455 50.

336 547 497 601 επεὶ.
564 549 651 599 Sic
675 549 862 598 Florus
889 562 927 597 ι.
950 552 1031 598 11.
1054 548 1241 612 Tibur,
1264 549 1405 614 qnod

333 628 404 677 ad
441 626 745 676 vicesimum
783 625 849 673 ab
885 623 1013 674 urbe
1050 625 1278 687 lapidem
1319 624 1406 674 ab·

331 710 498 765 esset,
524 710 675 752 vocat
704 701 721 729 ‘
743 700 1128 752 suburbanum.'
1191 702 1405 750 Trimal-

334 783 421 831 cio
442 780 585 844 apud
613 779 893 829 petron-c.
913 783 999 828 48.
1021 785 1035 809 ⁸
1059 779 1234 835 Nunc,
1257 777 1404 842 quid·

333 863 465 926 qnid
490 861 557 911 ad
588 860 800 909 salivam
835 857 981 920 facit,
1017 859 1071 909 in
1110 859 1404 910 suburbano

331 939 571 989 nascitur
586 951 719 994 meo,
738 936 874 1000 qnod
895 951 994 1000 ego
1013 937 1181 986 adhuc
1197 951 1297 985 non
1314 951 1405 985 no-

332 1017 406 1064 vi.
477 1015 689 1064 Dicitur
715 1011 918 1063 confine
957 1026 1074 1061 esse
1096 1013 1404 1063 Taracinen·

330 1090 477 1140 sibus
500 1097 554 1138 et
572 1087 871 1139 Tarentinis
889 1103 905 1136 z
939 1101 1077 1137 nnnc
1122 1089 1405 1152 conjunge·

333 1181 394 1216 re
430 1166 610 1230 agellis
636 1165 867 1214 Siciliam
907 1164 1062 1213 volo!
1127 1164 1252 1228 Ipse
1289 1166 1403 1217 Cic.

336 1245 495 1294 Verr.
533 1257 600 1292 ιι.
632 1247 682 1292 3.
705 1244 770 1291 de
790 1242 987 1298 Sicilia,
1023 1243 1262 1308 ‘Populo
1299 1244 1404 1293 Ro·

332 1336 488 1371 mano
516 1319 753 1384 jucunda
794 1320 1160 1369 suburbanitas
1196 1327 1275 1371 est
1312 1322 1401 1370 bn·

326 1400 484 1462 jusce
509 1396 829 1462 provinciae!
887 1398 972 1446 Ita
996 1411 1183 1461 nempe
1212 1405 1266 1446 et
1292 1397 1403 1460 ipsa

334 1475 519 1524 Sicilia
539 1473 813 1524 dicebatur
839 1472 1088 1522 Romanis
1110 1475 1126 1500 ‘
1149 1474 1399 1523 suburba-

333 1550 443 1612 na‚’
468 1550 591 1614 qnia
616 1549 853 1612 proxima
881 1549 1107 1598 omnium
1143 1551 1400 1614 provinci-

334 1640 502 1686 arum,
541 1632 597 1674 et
636 1640 803 1688 prope
841 1625 893 1673 in
935 1631 1220 1688 conspectu
1259 1626 1401 1676 urbis

332 1711 469 1752 erat.
516 1703 634 1752 Hoc
656 1704 772 1753 loco
795 1703 998 1752 Plinius
1023 1701 1289 1752 indefinite
1314 1718 1399 1752 vo·

331 1789 420 1831 cat
434 1783 451 1810 ‘
469 1780 694 1830 Caesaris
712 1779 1102 1834 suburbanum,'
1122 1794 1225 1828 non
1242 1794 1399 1829 unum

329 1863 387 1906 et
421 1864 626 1906 certum
655 1856 982 1920 intelligens;
1015 1870 1130 1906 eum
1158 1855 1402 1917 Caesaris,

332 1933 659 1996 aliorumque
723 1933 1088 1996 opulentorum
1147 1933 1396 1982 Romano·

330 2025 465 2072 rum,
481 2010 645 2059 multo
667 2010 818 2073 plura
839 2015 1012 2058 essent
1031 2009 1248 2072 predia.
1290 2011 1399 2060 Per

327 2087 606 2149 enallagen
637 2100 764 2134 vero
800 2085 1031 2134 adverbii
1061 2100 1154 2148 pro
1175 2086 1398 2149 adjecti·

329 2175 394 2210 vo
438 2160 592 2222 dicit,
625 2162 746 2210 tund
779 2176 1017 2224 nunquam
1053 2162 1153 2211 nisi
1186 2162 1397 2212 Caesars's

326 2236 668 2300 monnau,
691 2252 789 2301 pro
807 2237 926 2286 illud
947 2239 1143 2293 nullius,
1165 2239 1262 2287 nisi
1288 2240 1395 2288 Coe·

327 2315 472 2371 κι-ἱι,
525 2314 862 2370 suburbanum,
909 2323 1019 2378 aut,
1058 2315 1178 2364 illud
1215 2331 1398 2379 semper

331 2392 548 2441 Cauris
581 2391 918 2455 suburbanum,
956 2391 992 2440 i.
1017 2406 1067 2441 o.
1108 2392 1234 2442 illud
1279 2393 1397 2442 sub·

325 2468 602 2527 urbanum,
629 2484 660 2518 a
683 2469 825 2518 nullo
868 2468 1057 2530 adhuc,
1097 2471 1197 2519 nisi
1221 2486 1250 2519 a
1282 2472 1397 2521 Cae·

325 2547 552 2602 sas-ibus,
576 2560 886 2610 possessum·
952 2547 1119 2596 Simili
1142 2547 1251 2597 fere
1273 2549 1397 2598 rati-

326 2636 430 2672 one
452 2622 588 2672 dixit
610 2623 821 2672 Terent.
845 2621 1012 2671 Andr.
1035 2637 1074 2674 ι.
1091 2628 1205 2673 2.4.
1230 2626 1245 2653 ‘
1263 2625 1394 2674 Heri

321 2712 535 2762 sempor
548 2699 754 2758 lenitas,
771 2698 1257 2763 verebar,qnorsum
1277 2715 1393 2750 eva-

323 2773 516 2824 deret-³
583 2775 653 2824 Et
677 2774 863 2838 Virgil.
899 2773 1017 2823 AEn.
1037 2789 1075 2826 1.
1104 2780 1218 2826 198.
1249 2776 1264 2803 ‘
1284 2777 1397 2827 Ne·

324 2866 430 2917 qne
452 2852 590 2901 enirn
606 2852 769 2915 ignari
781 2866 955 2902 snmus
972 2860 1094 2902 ante
1110 2853 1396 2903 malorum.'

324 2930 570 2978 Senon-z.

383 3005 617 3061 Emissa,
628 3005 896 3068 implemus]
916 3005 1121 3069 Lipsius
1138 3003 1285 3053 addit
1299 3020 1392 3054 ex·

324 3083 557 3149 plicandi
594 3098 797 3141 caussa,
833 3085 848 3111 ⁸
876 3084 1156 3147 Implemus
1200 3085 1391 3135 nostris

324 3163 502 3217 rebus,
520 3161 705 3222 servis,
720 3160 861 3209 nobis
881 3160 1040 3224 ipsis.’
1079 3161 1226 3209 Bene
1242 3176 1258 3221 ;
1275 3176 1390 3210 nam

323 3238 465 3302 qnod
501 3239 688 3287 Cicero
722 3236 788 3285 de
824 3234 979 3286 Offic.
1006 3250 1044 3286 ι.
1064 3241 1149 3287 39.
1172 3239 1265 3292 ait,
1296 3244 1311 3266 ‘
1338 3237 1390 3286 in

321 3315 479 3364 domo
514 3316 639 3363 clari
673 3313 912 3376 bominis,
935 3314 984 3363 iu
1008 3328 1157 3377 qnam
1193 3321 1247 3363 et
1273 3315 1388 3363 hos·

322 3393 462 3457 pites
482 3392 634 3440 multi
659 3390 966 3454 recipiendi,
989 3397 1043 3439 et
1065 3390 1391 3440 admittenda

319 3470 586 3519 bominum
627 3467 880 3530 cujusque
917 3466 1053 3515 modi
1093 3466 1391 3528 multitudo,

241 3552 250 3558 ’
321 3546 620 3598 adhibenda
653 3552 736 3594 est
771 3558 892 3593 cura
929 3544 1191 3595 laxitatis=
1234 3546 1391 3593 aliter

321 3625 495 3689 ampla
516 3623 697 3672 domus
721 3620 969 3671 dedecori
1004 3621 1212 3670 domino
1245 3635 1388 3683 saepe

317 3702 399 3766 fit,
425 3701 467 3750 si
493 3707 579 3749 est
602 3700 652 3748 in
677 3712 741 3748 ea
763 3698 1020 3758 solitudo;
1055 3705 1109 3746 et
1145 3698 1385 3754 maxime,

316 3779 360 3828 si
405 3774 689 3841 aliqnando
732 3774 834 3823 alio
874 3772 1080 3821 domino
1117 3773 1272 3821 solita
1310 3779 1390 3821 est

314 3849 695 3919 frequentari.'
759 3850 936 3913 Atque
972 3850 1071 3898 hoc
1109 3863 1261 3898 sensu
1299 3864 1387 3899 ex-

316 3934 570 3998 plicamus
593 3928 810 3979 verbnm
829 3936 844 3958 ⁴
861 3929 1102 3991 implere'
1129 3928 1266 3993 apud
1289 3931 1386 3978 Ta·

317 4012 410 4062 cit.
432 4010 500 4060 de
523 4010 702 4059 Germ.
721 4022 768 4057 c.
791 4011 875 4056 86.
900 4007 915 4033 ‘
934 4006 1058 4054 Tam
1082 4006 1386 4055 immensum

319 4096 576 4137 terrarum
600 4085 827 4147 spatium
852 4095 954 4131 non
980 4087 1159 4130 tenent
1184 4090 1385 4130 tantum

321 4163 533 4220 Chauci,
556 4159 650 4210 sed
669 4168 723 4209 et
748 4156 1005 4222 implent!
1073 4157 1190 4206 Hoc
1212 4165 1386 4206 tamen

320 4240 434 4289 loro
476 4238 686 4287 verbum
730 4235 871 4285 istud
922 4233 1111 4298 aliquid
1168 4236 1385 4297 amplius

322 4316 611 4381 significare
632 4312 863 4376 videtur,
883 4325 1036 4376 quam
1065 4312 1385 4362 solummodo

2415 395 2548 459 745

1480 549 1598 600 loca
1614 548 1979 616 frequentibus
2003 550 2185 600 incolis
2210 557 2264 600 et
2291 553 2544 614 supellec-

1483 626 1576 676 tile
1609 628 1900 691 complere:
1934 636 2084 677 notat
2109 628 2242 677 enim
2268 631 2547 694 praeterea,

1481 701 1739 765 dignitate
1773 717 1979 768 aeqnare
2011 703 2384 770 suburbanum,
2422 705 2547 755 slia-

1480 794 1581 842 que
1605 780 1718 843 ejus
1748 780 1953 841 generis
1986 781 2121 836 loca.
2145 781 2310 844 iisqne
2331 780 2544 844 dignum

1478 854 1675 904 baberi.
1742 855 1805 903 In
1837 855 1969 904 hanc
1993 855 2302 904 sententiam
2337 856 2562 905 Plinius·

1480 930 1576 981 hoc
1620 931 1780 981 verbo
1820 946 1939 981 usus
1987 939 2066 980 est
2110 932 2279 994 Epist.
2321 945 2424 981 vn.
2459 938 2544 984 24.

1476 1018 1492 1039 ⁶
1514 1011 1712 1072 Laetor,
1733 1010 1871 1076 qnod
1908 1010 2088 1059 domus
2122 1009 2395 1074 aliqnando
2420 1011 2542 1061 Cas-

1476 1085 1558 1146 sii,
1581 1086 1753 1150 hujus,
1776 1087 1863 1151 qni
1890 1086 2150 1135 Cassiauae
2179 1086 2369 1135 scholae
2401 1088 2545 1149 prin-

1478 1176 1603 1225 ceps
1637 1171 1693 1212 et
1729 1176 1914 1225 parens
1949 1161 2071 1218 fuit,
2103 1163 2298 1212 serviet
2332 1162 2543 1213 domino

1475 1253 1579 1287 non
1637 1240 1832 1289 minori.
1908 1239 2157 1303 Implebit
2213 1240 2348 1289 enim
2398 1240 2540 1290 illam

1476 1316 1778 1368 Quadratus
1810 1331 1976 1380 meus,
2003 1325 2061 1367 et
2088 1317 2317 1378 decebit,
2342 1331 2542 1366 rursus·

1476 1409 1577 1457 qne
1618 1394 1665 1443 ei
1713 1395 1978 1459 pristinam
2035 1394 2365 1458 dignitatem.
2402 1396 2542 1444 cele·

1475 1469 1742 1526 britatem‚
1778 1471 2096 1535 gloriamque
2151 1470 2385 1522 reddet.'
2455 1471 2539 1521 Ad

1475 1561 1628 1611 quem
1660 1547 1826 1597 locum
1853 1547 2061 1597 Cortins
2093 1548 2208 1597 lnaec
2241 1548 2538 1599 annotavitz

1472 1623 1741 1687 ‘Implere
1786 1623 2040 1686 domum‚'
2083 1633 2182 1681 est,
2227 1639 2405 1688 parem
2463 1624 2539 1674 illi

1472 1714 1608 1757 esse,
1631 1715 1799 1766 neque
1833 1702 1997 1765 majus
2021 1702 2181 1752 decus
2217 1717 2248 1750 a
2269 1702 2421 1751 domo
2456 1716 2541 1751 ac·

1473 1778 1672 1840 cipere,
1716 1795 1866 1843 qnam
1914 1781 2012 1843 ipsi
2056 1777 2266 1829 afferre.
2341 1780 2429 1830 Ita
2483 1787 2540 1831 et

1472 1854 1671 1904 Plinius
1710 1871 1865 1919 supra
1885 1861 1963 1906 15.
1987 1857 2054 1906 de
2076 1857 2335 1920 Trojano:
2367 1859 2384 1886 ‘
2406 1859 2538 1907 Pos-

1473 1931 1572 1979 teri
1632 1932 1797 1986 visere
1854 1935 2099 1997 gestient,
2142 1934 2278 1998 quod
2338 1940 2536 1984 tectum

1471 2022 1688 2072 magnus
1719 2009 1903 2072 hospes
1943 2010 2278 2075 impleveris.’
2348 2011 2537 2076 Neque

1469 2086 1633 2135 solnm
1670 2085 1736 2134 de
1771 2089 2019 2151 aequanda
2051 2088 2407 2151 habitationis,
2442 2087 2536 2137 sed

1471 2172 1526 2213 et
1552 2164 1764 2213 aliarum
1787 2179 1954 2214 rerum
1977 2165 2252 2229 dignitate,
2271 2166 2405 2215 idem
2430 2181 2541 2215 ver·

1472 2241 1591 2290 bum
1619 2249 1928 2305 usurpatum
1964 2257 2013 2290 v.
2040 2257 2092 2305 g.
2113 2242 2253 2294 Plin.
2277 2245 2446 2305 Epist.
2470 2257 2537 2292 11.

1474 2320 1520 2364 1.
1588 2317 1864 2379 Verginius
1888 2316 2059 2366 Rufus
2084 2324 2097 2345 ⁸
2115 2332 2366 2367 summum
2390 2316 2537 2368 fasti·

1473 2395 1608 2458 gium
1651 2396 1842 2459 privati
1879 2395 2095 2445 bominis
2133 2398 2383 2463 implevit,
2418 2415 2535 2450 cum

1475 2473 1727 2536 principis
1760 2473 1960 2524 nollet.’
2026 2474 2188 2524 Ovid.
2222 2491 2288 2524 ex
2318 2478 2475 2526 Pont.
2501 2492 2542 2527 ι.

1471 2554 1520 2599 2.
1548 2556 1562 2577 ·
1581 2550 1829 2613 Maxime,
1851 2550 1940 2617 qui
1967 2552 2099 2601 tanti
2130 2566 2423 2601 mensuram
2446 2568 2537 2602 no-

1471 2627 1623 2676 minis
1644 2626 1864 2692 imples.’
1934 2629 2072 2677 Flor.
2096 2642 2158 2678 ιι.
2184 2635 2262 2679 14.
2284 2636 2299 2657 ‘
2318 2629 2534 2692 Regiam

1468 2702 1706 2762 formam,
1742 2704 1942 2767 regium
1974 2719 2177 2760 nomen,
2211 2705 2380 2755 animo
2412 2720 2537 2770 quo·

1471 2795 1572 2844 qne
1598 2782 1739 2841 regio
1764 2781 2037 2845 implevit.'
2072 2784 2225 2832 Idem.

1541 2858 1814 2922 Implemus]
1870 2858 2077 2907 Nostris
2134 2859 2308 2920 rebus,
2353 2858 2538 2921 servis,

1469 2934 1615 2983 nobis
1642 2936 1782 2998 ipsis.
1816 2935 1953 2998 Lips-

1537 3011 1894 3073 Principalibus
1924 3008 2087 3070 rebus]
2124 3007 2377 3066 Intelligit
2408 3023 2532 3058 enn-

1468 3085 1583 3134 dem
1610 3086 1954 3134 conviviorum
1980 3087 2176 3134 cultum
2214 3084 2337 3145 ipsis
2365 3085 2531 3146 priva-

1468 3164 1536 3210 tis
1581 3177 1640 3211 ac
1686 3161 2086 3225 imperatoribus
2125 3160 2433 3222 exhibitum,
2475 3167 2532 3210 ut

1466 3249 1586 3287 siunt
1628 3240 1953 3295 vestimenta,
1997 3251 2119 3287 vasa
2165 3244 2432 3297 argentea,
2476 3244 2533 3287 et

1467 3329 1643 3374 aurea,
1667 3316 1764 3362 alia
1791 3314 2044 3377 supellex.
2113 3315 2346 3378 Caligula
2370 3316 2533 3378 poeni·

1466 3390 1683 3440 tentiam
1730 3389 2024 3444 sinmlabat.
2059 3389 2195 3451 quod
2236 3397 2249 3419 ⁴
2274 3391 2532 3455 principa-

1464 3468 1590 3516 lium
1615 3480 1786 3516 rerum
1823 3466 2038 3529 privatis
2071 3465 2270 3528 copiam
2295 3464 2533 3520 faceret.’

1462 3547 1610 3598 Suet.
1657 3546 1672 3575 ⁸
1698 3543 2034 3607 Principale'
2075 3544 2126 3593 id
2179 3559 2352 3609 omne,
2394 3549 2529 3611 qnod

1462 3631 1477 3654 ⁴
1504 3619 1922 3687 amplissimunt.'
2005 3622 2094 3671 Sic
2138 3621 2365 3685 Apuleio
2406 3638 2534 3676 vm.

1462 3701 1476 3728 ‘
1501 3699 1595 3749 Vir
1633 3699 1934 3763 principalis
1963 3705 2044 3748 est
2074 3700 2301 3763 optimus
2334 3708 2390 3749 et
2426 3716 2531 3749 am·

1464 3774 1755 3841 plissimus'
1799 3776 1850 3824 iu
1890 3775 2137 3837 civitate3
2186 3776 2200 3804 ‘
2225 3777 2529 3841 principalis

1466 3852 1657 3917 porta‚’
1675 3867 1775 3916 qua
1797 3853 2057 3916 principes
2076 3853 2268 3901 ordinis
2291 3853 2529 3904 tendunt.

1465 3931 1659 3980 Eadem
1701 3930 1912 3978 notione
1950 3931 2233 3992 saepissime
2272 3929 2407 3991 apud
2438 3930 2527 3991 ju·

1462 4008 1817 4056 risconsultos.
1856 4006 2011 4053 Ber-n.

1527 4083 1632 4131 Nec
1654 4096 1761 4130 vero
1783 4081 1995 4144 emendi]
2037 4081 2175 4128 Nunc
2207 4094 2313 4127 cero
2347 4081 2528 4149 emendi

1468 4159 1631 4208 Livin.
1655 4160 1706 4207 in
1734 4166 1916 4218 (οπως
1951 4157 2042 4205 sed
2080 4156 2133 4205 in
2169 4154 2393 4215 margine
2421 4156 2526 4206 Nec

1458 4251 1569 4284 uero
1596 4237 1779 4285 emendi
1805 4235 1871 4281 V.
1893 4234 1953 4283 C.
1978 4233 2047 4283 G.
2077 4233 2137 4281 R.
2192 4230 2373 4279 Recte.
2414 4231 2525 4281 Rit-

1458 4312 1608 4362 ursis.
