3060 4902
526 357 658 421 886

524 529 537 557 ⁴
570 528 706 579 Nihil
744 545 824 579 uie
865 539 1057 584 mutum
1095 546 1270 600 potest
1300 540 1589 606 delectare,

525 609 646 656 niliil
673 610 906 670 tacitum,
931 614 1055 662 nihil
1080 615 1306 681 denique
1327 622 1587 686 hujusmo-

525 685 596 748 di,
643 686 775 748 quod
814 689 968 737 etiam
1013 691 1175 741 minus
1210 694 1347 756 digni
1389 702 1589 763 assequi

523 762 757 823 possint-³
822 763 905 814 cf.
949 766 1060 828 ipse
1098 769 1301 820 Plinius
1337 784 1514 823 noster
1538 777 1589 826 in

528 838 626 886 hoc
667 837 864 901 Paneg.
897 855 989 890 xv.
1011 846 1062 891 4.
1101 858 1267 897 xxiv,
1293 853 1341 898 1.
1380 863 1514 902 xxv,
1539 857 1589 903 4.

527 927 759 965 xxxvn.
798 921 847 965 2.
883 932 998 969 mx.
1030 926 1079 973 2.
1114 936 1277 974 zxnr.
1305 932 1353 974 5.
1387 936 1439 978 et
1472 944 1591 993 pas·

523 995 636 1044 sim.
673 996 822 1047 Idem.

591 1072 832 1136 Deceptus
853 1084 927 1127 est
945 1078 1186 1144 princeps]
1238 1081 1440 1134 Seneca
1464 1086 1591 1135 Tra·

525 1149 667 1212 glcus
692 1152 741 1198 in
765 1153 1015 1216 Thyeste,
1039 1172 1111 1204 vs.
1134 1162 1249 1206 286.
1288 1159 1304 1185 ‘
1331 1161 1458 1210 SA‘r.
1483 1163 1589 1212 Sed

524 1227 708 1288 quibus
730 1239 911 1292 captus
928 1231 1076 1294 dolis,
1094 1235 1285 1284 Nostro
1301 1236 1447 1287 dabit
1474 1255 1590 1302 per·

525 1301 713 1351 ductus
760 1305 808 1353 iu
848 1308 1055 1371 laqueos
1101 1310 1323 1372 pedem?
1372 1313 1590 1366 Inimica

525 1380 695 1429 credit
712 1390 921 1432 cuncta.
960 1385 1098 1436 Am·-
1137 1389 1254 1437 Non
1274 1398 1479 1451 poterat
1502 1408 1592 1442 ca·

523 1456 597 1517 pi,
635 1459 744 1508 Nisi
782 1475 971 1523 capere
1010 1464 1205 1513 vellet.'
1249 1467 1318 1515 Et
1351 1483 1427 1517 vs.
1472 1474 1586 1521 311.

519 1535 713 1596 ’δεῖρε
760 1538 809 1585 in
857 1540 1155 1600 magistrum
1210 1543 1408 1593 scelera
1453 1548 1587 1596 redi-

523 1621 676 1661 erunt
716 1629 823 1663 sua.
880 1619 953 1666 Ut
988 1632 1138 1667 nemo
1175 1618 1361 1670 doceat
1393 1621 1587 1674 fraudis

523 1694 579 1736 et
624 1692 836 1742 sceleris
883 1695 1006 1756 vias,
1049 1697 1277 1760 Regnum
1324 1699 1569 1753 docebit!

526 1766 675 1814 Idem.

587 1844 827 1907 Deceptus
845 1850 942 1911 est]
981 1849 1023 1898 Α
1065 1853 1226 1907 nobis,
1264 1867 1431 1918 neque
1456 1857 1584 1907 alios

519 1921 732 1980 reperit,
757 1921 851 1970 nisi
876 1938 990 1973 cum
1016 1927 1165 1975 alium
1192 1930 1303 1991 ipse
1323 1945 1378 1979 se
1402 1934 1585 1995 gessit.

526 1995 658 2057 Lips-

586 2074 720 2123 Ου’.
765 2089 945 2126 ικνιι.
983 2079 1212 2130 Parentis
1252 2083 1452 2147 publici]
1496 2088 1584 2137 Sic

521 2163 677 2211 supra
720 2166 797 2201 vt.
839 2158 883 2202 1.
930 2156 1120 2206 dicitur
1156 2159 1487 2222 ‘imperator
1532 2172 1583 2214 et

523 2243 709 2290 parens
728 2232 932 2294 generis
954 2233 1158 2284 humani
1182 2236 1214 2297 ς’
1234 2245 1288 2286 et
1311 2240 1326 2267 ‘
1348 2240 1584 2301 publicus

520 2307 746 2368 parens‚'
780 2321 832 2358 x.
866 2315 914 2359 6.
950 2318 1006 2360 et
1049 2325 1204 2364 xxvi.
1243 2319 1292 2364 3.
1332 2315 1394 2364 ad
1434 2333 1585 2383 quem

521 2383 689 2432 locum
722 2387 853 2436 vide.
889 2388 1133 2439 Schworz.

597 2462 675 2510 Ex
714 2466 952 2530 oratione]
993 2468 1159 2531 Vulgo
1194 2470 1383 2535 ubique
1419 2474 1587 2537 scrip·

523 2545 629 2586 tum
662 2541 963 2602 editumque
996 2545 1202 2605 legitur,
1232 2563 1336 2596 cum
1362 2550 1587 2600 exhorta·

521 2614 649 2662 tione
687 2618 806 2676 ejus.
870 2619 1074 2679 Lipsius
1123 2621 1316 2681 primus
1364 2627 1589 2687 putavit,

522 2703 617 2750 pro
638 2691 984 2754 exhortatione,
1020 2696 1292 2757 legendum
1330 2715 1392 2748 ex
1410 2703 1584 2751 oratio·

520 2779 577 2813 ne
593 2780 613 2819 ,·
636 2781 749 2830 qum
769 2770 1065 2832 conjectura
1083 2774 1235 2821 etiam
1254 2776 1424 2824 arrisit
1447 2779 1584 2828 Bau·

519 2840 624 2902 dio,
646 2855 809 2906 eaque
834 2853 957 2907 apte
983 2847 1205 2897 coliaeret
1232 2864 1344 2898 cum
1365 2866 1585 2916 sequen-

521 2917 658 2966 tibus
690 2920 878 2976 verbis,
918 2929 1019 2972 tum
1051 2928 1437 2987 pronuntiatione
1462 2932 1584 2993 ipsu.

518 2994 635 3045 Jam
662 2996 711 3044 in
736 2999 916 3048 codice
942 3014 1054 3049 nico
1079 3002 1150 3050 ita
1170 3004 1418 3066 scriptum
1444 3006 1584 3055 inve·

517 3072 586 3123 ni.
614 3073 781 3136 Igitur
806 3078 886 3125 vel
907 3079 1273 3141 amplectenda
1292 3083 1401 3132 liaec
1422 3086 1585 3149 scrip-

520 3157 652 3210 tura,
688 3152 766 3201 vel
804 3164 945 3203 certe
979 3158 1237 3217 vulgatum
1278 3161 1583 3212 vocabulum

518 3227 862 3292 exhortatione,
899 3230 1078 3281 divisis
1106 3236 1318 3284 vocibus
1351 3246 1430 3287 est
1458 3241 1582 3288 scri·

521 3301 764 3364 bendum,
787 3322 849 3355 ex
871 3307 1138 3359 hortatione
1161 3314 1204 3374 ej
1216 3328 1269 3360 us
1293 3330 1306 3374 3
1331 3330 1445 3363 cum
1475 3318 1585 3365 Pli-

521 3378 633 3424 nius
676 3383 907 3441 proximo
947 3388 1119 3448 capite
1155 3393 1584 3455 commemorarit,

518 3455 793 3516 Trajauum
843 3461 1008 3521 primo
1044 3466 1339 3514 consulatus
1383 3469 1459 3517 sui
1496 3469 1583 3519 die

518 3532 785 3581 universos
822 3535 1147 3586 adhortatum
1189 3555 1298 3588 esse
1335 3543 1398 3591 ail
1443 3559 1584 3594 resu-

518 3604 759 3653 mendam
789 3607 1103 3669 libertatem,
1139 3622 1187 3661 et
1216 3616 1278 3664 ad
1305 3630 1582 3679 capessen-

517 3682 608 3729 ‹las
654 3684 798 3744 quasi
839 3689 1122 3736 communis
1162 3692 1363 3752 imperii
1399 3710 1581 3746 cui-ast

515 3773 807 3822 quanquam
847 3762 1034 3811 ibidem
1077 3764 1290 3831 dixerit,
1331 3771 1452 3820 uiliil
1492 3788 1583 3822 ex-

516 3835 891 3888 hortationibus
919 3840 1150 3903 ejusdem
1189 3842 1434 3904 fucatum,
1461 3850 1582 3899 nibil

517 3915 788 3965 subdolum
831 3917 1015 3967 inesse.
1085 3919 1158 3970 At
1189 3922 1273 3970 vix
1302 3927 1582 3977 verisimile

514 3998 612 4050 est,
665 4002 767 4041 tam
824 4004 1159 4058 praestantem
1209 4007 1468 4051 oratorem
1514 4018 1580 4052 ex

517 4070 756 4129 proximo
794 4072 1065 4122 intervallo
1102 4077 1214 4126 sine
1241 4076 1407 4140 figura
1432 4094 1580 4144 repe·

517 4147 660 4198 tiisse
695 4153 1019 4209 vocabulum,
1063 4170 1122 4202 ac
1173 4156 1337 4217 primo
1370 4158 1578 4222 quidem

516 4223 629 4272 loco
667 4226 715 4274 in
757 4241 970 4278 numero
1001 4232 1380 4296 multitudinis3
1415 4235 1579 4286 altero

1223 383 1441 432 NOTAE
1492 387 1898 439 vammum
1949 393 2029 442 m

1666 540 1837 583 autem
1864 536 1978 586 loco
2013 540 2199 590 saltem
2234 542 2286 590 in
2319 557 2534 596 numero
2558 549 2738 612 singn-

1667 610 1776 658 lari.
1842 613 2189 665 Quamobrem
2227 632 2329 669 non
2365 631 2466 682 est,
2499 638 2594 673 cut·
2626 641 2732 676 me-

1664 687 1843 738 liorem
1868 690 2163 749 lectionem,
2186 699 2496 761 exoratione,
2515 717 2732 767 eamque

1665 769 1934 816 contextui
2001 772 2252 821 orationis
2321 780 2735 844 convenientem,

1668 844 2025 907 negligamus3
2050 863 2200 911 quiam
2225 865 2361 902 nnnc
2383 854 2541 905 etiam
2566 859 2731 908 adsci-

1671 929 1857 972 verunt
1895 926 1989 974 viri
2026 928 2195 979 celeb.
2229 929 2500 983 Gesnerus
2524 945 2577 985 et
2599 936 2734 987 Arn-

1672 1000 1888 1050 tcenius.
1927 1003 2075 1053 Ident-

1741 1078 1821 1126 Ex
1862 1081 2095 1145 oratione]
2157 1083 2521 1138 Exhonotioae.
2571 1089 2733 1140 Puta·

1671 1167 1776 1202 rem
1800 1168 1860 1202 ex
1879 1158 2108 1207 oratione.
2147 1160 2290 1223 Lips-

1740 1230 2135 1284 Pronuntiatione
2164 1236 2291 1300 ipsa]
2332 1238 2732 1293 pronuntiatione

1672 1307 1836 1357 Livin.
1861 1310 1911 1357 in
1940 1317 2089 1360 textu
2110 1327 2125 1371 ;
2162 1314 2253 1363 sed
2278 1315 2330 1363 in
2354 1318 2606 1381 margine,
2624 1336 2734 1383 pro·

1667 1385 1965 1436 nuntiatione
1981 1388 2083 1451 ipso
2100 1390 2164 1438 V.
2191 1390 2249 1440 C.
2273 1392 2342 1441 G.

1735 1462 2136 1515 Pronuntiotione
2151 1468 2255 1529 ipso
2269 1472 2587 1535 perspexisse]
2622 1474 2734 1522 Me-

1668 1537 1769 1586 rito
1811 1539 2013 1589 Plinius
2044 1544 2323 1595 candorem
2360 1556 2415 1597 et
2455 1550 2730 1603 veritatem

1666 1616 2034 1666 exhortationis
2066 1619 2278 1683 Trajani
2315 1623 2471 1673 etiam
2496 1640 2731 1691 compro·

1667 1690 1758 1740 bat
1787 1707 1850 1741 ex
1880 1694 1982 1756 ipsa
2013 1698 2436 1760 pronuneiatione5
2472 1717 2588 1752 cum
2624 1707 2730 1754 ani-

1665 1783 1774 1816 mus
1800 1772 2022 1820 oratoris
2061 1774 2380 1835 potissimum
2413 1791 2477 1828 ex
2503 1781 2601 1830 liae
2624 1783 2732 1845 pel·

1664 1846 1840 1893 lucere
1866 1847 2130 1897 credatur.
2183 1851 2197 1879 ‘
2222 1851 2591 1905 Pronuntiatio
2610 1855 2625 1877 '
2647 1872 2731 1906 ve·

1666 1935 1741 1983 ro,
1782 1923 1962 1972 latiore
1999 1925 2208 1975 notione
2243 1926 2404 1986 dicta,
2443 1933 2729 1984 secuudum

1663 2006 1929 2048 auctorem
1954 2000 2016 2048 ad
2040 2001 2448 2057 Herenmmuet.
2470 2023 2511 2058 ι.
2535 2015 2585 2059 2.
2613 2019 2627 2040 ⁰
2646 2021 2730 2063 est

1662 2074 1823 2135 vocis,
1848 2078 2035 2134 vultus,
2060 2086 2258 2142 gestus,
2278 2083 2585 2147 moderatio,
2611 2103 2731 2140 cum

1663 2154 1969 2203 venustate!
2017 2158 2031 2186 ⁸
2054 2156 2263 2207 Habet’
2315 2161 2455 2219 liaec,
2506 2164 2730 2215 docente

1661 2230 1909 2281 Quinctil.
1938 2245 2018 2282 xi.
2054 2238 2105 2282 3.
2134 2236 2342 2287 ‘miram
2379 2242 2639 2302 quandam
2672 2245 2731 2294 iu

1658 2308 1979 2357 orationibus
2001 2311 2102 2359 vim
2118 2326 2178 2360 ac
2196 2321 2524 2375 potestatem.
2550 2320 2731 2371 Quare

1661 2397 1828 2445 neque
1869 2385 2108 2447 probatio
2153 2389 2278 2450 nlla,
2312 2406 2431 2458 qun
2479 2397 2626 2447 venit
2661 2398 2729 2447 ab

1662 2466 1887 2516 oratore.
1911 2469 2014 2511 tam
2039 2463 2188 2515 firma
2205 2476 2305 2529 est,
2328 2477 2387 2520 ut
2409 2485 2510 2522 non
2539 2475 2729 2537 perdat

1661 2539 1796 2586 vires
1841 2553 1978 2602 sinas,
2017 2540 2115 2590 nisi
2147 2543 2430 2607 adjuvetur
2464 2562 2728 2602 assevera-

1663 2615 1800 2664 tione
1824 2614 2069 2666 dicentis.
2138 2618 2376 2672 Affectus
2407 2639 2591 2676 omues
2618 2629 2728 2679 lan-

1662 2699 1928 2754 guescant,
1958 2707 2170 2743 necesse
2190 2704 2291 2755 cst,
2319 2698 2417 2748 nisi
2444 2714 2593 2761 voce,
2614 2707 2730 2754 vul-⁴

1663 2777 1737 2832 tu,
1778 2769 1934 2818 totius
1969 2786 2134 2835 prope
2167 2773 2344 2824 habitu
2373 2782 2628 2845 corporis,
2654 2784 2727 2833 in-

1662 2846 1954 2895 ardescant.
1979 2881 1993 2896 .
2020 2883 2033 2897 .
2060 2883 2074 2898 .
2096 2849 2229 2899 Illud
2272 2866 2396 2903 vero
2426 2859 2727 2920 maximnm,

1662 2922 1795 2985 quod
1839 2924 2121 2974 secundum
2155 2928 2406 2979 rationem
2434 2946 2628 2997 rerum,
2659 2937 2725 2987 de

1660 2999 1845 3063 quibus
1885 2999 2126 3064 dicimus,
2154 3003 2544 3074 animorumque
2583 3012 2727 3062 habi·

1660 3082 1761 3136 tus,
1805 3074 2174 3128 conformanda
2219 3095 2319 3130 vox
2359 3091 2439 3134 cst
2466 3101 2480 3134 ε
2528 3089 2727 3153 quippo

1660 3166 1759 3200 non
1803 3166 1983 3200 manus
2019 3155 2202 3211 solum,
2233 3157 2328 3206 sed
2363 3168 2520 3210 nutus
2550 3166 2728 3221 etiam.

1659 3228 1923 3278 declarant
1949 3239 2177 3282 nostram
2201 3234 2562 3289 voluntatem-³
2592 3243 2731 3294 Proo

1658 3320 1843 3354 nomen
1866 3308 1971 3369 ipso
1993 3322 2092 3357 non
2113 3323 2417 3372 expressum
2441 3318 2596 3366 estin
2615 3320 2725 3370 edi·

1661 3385 1795 3432 tione
1833 3385 2129 3448 Puteolani,
2168 3389 2429 3451 Beroaldi,
2465 3393 2728 3460 Catanes,

1658 3459 1801 3522 Aioi,
1852 3462 2049 3522 Juutae,
2108 3466 2357 3523 Rhe-uani.
2413 3469 2728 3537 Philomusi,

1659 3537 1955 3599 Cratandri‚
1982 3541 2232 3599 Ascenaii‚
2256 3559 2337 3595 an.
2362 3551 2507 3597 158⁸.
2546 3551 2722 3611 Navii,

1658 3620 1710 3662 et
1740 3616 1986 3674 Livineii;
2024 3618 2147 3666 illud
2175 3627 2346 3669 tamen
2371 3624 2569 3686 primns
2595 3632 2723 3693 μηδὲ

1658 3691 1834 3739 licavit
1867 3692 2234 3757 Cuspinianus,
2262 3711 2412 3760 quem
2443 3700 2579 3753 Rob.
2608 3706 2722 3756 Ste-

1658 3767 1878 3831 phanus,
1916 3771 2102 3834 aliique
2126 3780 2246 3823 sunt
2269 3778 2456 3835 set-itti,
2481 3781 2723 3851 idemque

1654 3842 1958 3894 confirmant
2000 3847 2192 3897 residui
2246 3851 2475 3904 codices.
2546 3860 2620 3910 At
2660 3863 2721 3912 ab

1655 3921 1836 3970 iisdem
1862 3922 2127 3973 codicibus
2151 3939 2246 3988 pro
2271 3930 2428 3980 verbo
2450 3941 2721 4001 μυμῦ)-

1653 4013 1719 4060 se,
1745 3999 2091 4061 pertinaciter
2122 4002 2400 4056 exhibetur
2421 4017 2723 4076 respexisse,-

1656 4076 1790 4141 qnod
1820 4087 2072 4140 praeterea
2095 4082 2249 4129 etiam
2275 4083 2325 4132 in
2349 4099 2716 4144 commemora-

1658 4158 1725 4205 tis
1738 4156 2053 4207 editionibus
2070 4158 2274 4222 legitur,
2291 4161 2524 4230 itemque
2546 4187 2573 4220 a
2595 4174 2715 4223 Cns-

1656 4233 1868 4297 piuiauo
1904 4242 1957 4284 et
1995 4233 2126 4285 Rob.
2161 4235 2428 4303 Stephano
2456 4249 2713 4309 proditum
