3060 4902
762 400 824 447 c,
880 394 1122 446 emim
1172 390 1502 441 saeuum
1558 391 1832 442 nnnc.
1908 379 2097 444 1.’71.

324 555 450 591 vero
472 556 654 606 supro,
678 544 741 592 ad
772 558 861 608 pp.
885 547 997 593 676.
1020 544 1136 592 801.
1158 541 1273 589 828.
1307 552 1390 586 os·

324 619 488 680 tendi,
501 620 868 682 imperatorem
885 619 1080 669 sedisse
1092 631 1250 680 super
1262 617 1391 663 sens

324 697 513 759 curuli,
553 698 604 747 in
645 697 886 746 tribunali
923 696 1123 758 positu
1161 693 1389 742 tribunal

325 778 503 821 nutem
548 771 709 820 fnisse
731 781 1054 835 suggestum.
1079 779 1185 818 tum
1205 769 1389 830 altum,

326 863 446 898 cum
466 847 728 911 gradibus,
748 849 931 913 quibus
946 846 1388 906 adscenderetur3

328 934 440 974 tum
463 926 621 973 etism
650 927 893 988 amplum.
913 932 971 973 nt
997 925 1048 972 in
1087 937 1149 972 eo
1184 937 1283 971 non
1308 936 1387 970 so·

328 1003 434 1051 lum
458 1004 585 1051 sella
609 1003 802 1052 eurulis
838 1005 1005 1051 locum
1044 1000 1259 1061 hebere,
1294 999 1386 1048 sed

325 1087 383 1129 et
405 1081 492 1129 alii
517 1081 744 1129 homines
781 1087 939 1138 staro,
976 1078 1260 1143 potuerint.
1327 1075 1388 1124 Id

330 1155 469 1220 qnod
496 1157 577 1205 vel
602 1172 666 1205 ex
691 1157 800 1204 solo
822 1157 1051 1205 Martini.
1077 1168 1178 1203 ιιι.
1200 1157 1282 1202 98.
1313 1153 1390 1201 in-

329 1231 620 1294 telligitur:
655 1230 888 1280 ‘Sedeas
933 1232 985 1279 in
1027 1232 1136 1280 alto
1176 1240 1232 1279 tu
1268 1231 1390 1279 licet

331 1308 596 1363 tribunali,
633 1309 703 1356 Et
741 1322 770 1357 e
801 1308 964 1357 curuli
992 1307 1114 1369 jura
1150 1306 1390 1371 gentibus

331 1382 547 1444 reddss;
582 1382 870 1432 Adscendit
892 1383 979 1432 illa
1003 1382 1268 1444 basiator‚'
1291 1385 1391 1433 &m

328 1460 469 1509 Puto
492 1460 688 1524 itaque,
703 1460 977 1523 Trnjanum
1001 1461 1184 1508 saltem
1211 1474 1239 1505 e
1265 1460 1394 1508 sella

328 1537 498 1587 curuli
522 1538 824 1598 surrexisse,
841 1544 893 1585 et
911 1551 939 1585 e
956 1535 1081 1585 sede
1103 1537 1201 1583 ista
1216 1535 1265 1583 in
1284 1536 1392 1598 pla·

329 1627 452 1662 num
478 1612 752 1661 tribunalis
784 1612 929 1677 qussi
955 1611 1237 1660 occurrisse
1270 1624 1390 1659 can·

328 1689 660 1754 didatis,qni,
673 1696 824 1752 prout
842 1687 1090 1737 nominati
1109 1694 1258 1736 erant
1271 1701 1391 1735 con-

329 1766 488 1821 sules,
524 1780 618 1827 per
653 1765 841 1828 gradus
879 1762 1264 1813 adscenderunt
1300 1763 1390 1811 tri-

330 1840 507 1903 bunal,
529 1842 600 1890 ibi
619 1851 821 1903 gratnm
846 1842 1068 1889 animum
1091 1841 1390 1904 cultumque

328 1934 476 1968 snum
496 1920 809 1969 declaraturi
830 1918 1148 1982 imperatori.
1171 1915 1390 1966 Schwar-

328 2011 453 2046 2sus.
859 2025 872 2036 .

397 2074 596 2122 Manum
618 2078 820 2135 mnium,
848 2079 897 2123 et
931 2072 1072 2137 hanc]
1096 2072 1225 2121 Tres
1250 2071 1389 2120 codi-

329 2164 418 2199 ces
458 2150 700 2200 vaticani
751 2151 934 2200 vitiose
979 2149 1094 2197 haec
1139 2148 1391 2204 referunt,

326 2243 553 2290 mgnum
592 2234 796 2288 tantun,
829 2235 878 2279 et
916 2229 1056 2278 hunc.
1125 2227 1292 2277 Immo
1335 2236 1390 2278 et

326 2313 543 2368 quartus
567 2306 866 2367 Vaticanus,
891 2319 1076 2369 nempe
1091 2318 1142 2354 n·
1162 2307 1308 2354 3461.
1330 2320 1391 2355 ac

327 2381 843 2446 Guelpherbytenus,
914 2381 1083 2431 adhuc
1138 2379 1390 2439 vitiosius,

324 2460 682 2521 magistratum,
701 2465 748 2509 et
769 2461 910 2509 hunc.
934 2459 1100 2508 Idem.

391 2538 618 2602 Μαιιυη]
650 2537 942 2601 Superbiae‚
978 2546 1033 2586 nt
1057 2545 1175 2585 snte
1200 2533 1391 2598 monui,

328 2614 395 2664 sd
437 2627 611 2665 xxm.
650 2620 698 2665 1.
766 2616 902 2665 Vide
933 2615 1162 2665 Elector.
1195 2613 1287 2662 lib.
1325 2627 1388 2662 n.

326 2706 447 2755 mp-
467 2693 674 2755 proprio
693 2694 709 2720 ‘
727 2692 790 2740 de
813 2688 1036 2740 osculis?
1059 2690 1195 2753 Lips.

393 2769 768 2833 [arpennibus]
790 2768 949 2818 Quasi
972 2765 1275 2816 beneficium
1299 2765 1387 2814 de·

326 2856 446 2895 rent
468 2860 532 2895 eo
556 2847 688 2911 ipso,
710 2847 843 2911 quod
862 2845 1046 2894 liceret
1064 2845 1386 2906 contingere.

396 3000 598 3049 Imma
631 3004 743 3049 onte
770 2998 954 3061 facies]
998 2998 1198 3047 Insolito
1232 2998 1387 3059 socies

326 3076 494 3127 Lirin.
518 3078 571 3126 in
593 3086 773 3136 textu3
807 3077 897 3125 sed
921 3076 972 3125 in
997 3077 1243 3140 margine,
1262 3077 1388 3125 inso-

325 3155 418 3203 lita
439 3164 550 3203 onte
560 3155 721 3215 facies
745 3153 814 3203 V.
838 3153 908 3203 G.

395 3230 767 3294 lapidantibus]
787 3230 1057 3282 Quasilioc
1078 3227 1385 3278 beneficium

327 3314 486 3355 esset.
509 3306 732 3355 Putas-01.

394 3382 702 3445 Promerent]
725 3381 770 3430 1.
809 3396 858 3430 e.
883 3380 1228 3444 porrigerent,
1254 3394 1387 3444 prae·

326 3459 534 3509 berent.
568 3460 738 3509 Etiam
760 3458 857 3507 hoc
881 3457 1092 3505 verbum
1119 3458 1260 3506 varie
1277 3471 1387 3506 cor·

328 3544 538 3599 ruptum
563 3545 644 3585 est
666 3550 695 3584 s
718 3534 957 3585 librariis.
991 3533 1051 3582 In
1077 3533 1259 3583 codice
1283 3536 1384 3584 Ve-

325 3621 450 3662 neto
493 3615 543 3661 2.
585 3611 980 3673 Salisburgensi,
1016 3617 1069 3659 et
1106 3626 1239 3671 meo,
1273 3612 1389 3674 lego

319 3695 661 3754 promererent.
728 3689 790 3738 Iu
815 3689 1101 3750 Vaticanis,
1136 3696 1192 3738 et
1229 3688 1388 3737 Guel-

328 3766 651 3831 pherbytsno
678 3771 1018 3829 promerentur.
1100 3765 1387 3815 Beroaldus

325 3842 513 3905 edidit,
553 3859 694 3892 manu
717 3847 913 3904 lantum
942 3875 956 3891 .
982 3873 998 3888 .
1020 3873 1034 3889 .
1055 3848 1388 3903 promererent.

330 3921 559 3969 Omnino
603 3920 796 3971 tuenda
843 3927 923 3969 est
967 3919 1126 3969 lectio
1162 3921 1388 3983 vulgata.

328 3995 574 4045 Schmun.

392 4074 598 4124 Insolito
618 4079 730 4122 onte
754 4073 937 4136 facies]
965 4073 1162 4123 Omnes
1195 4073 1388 4123 residui

327 4151 538 4201 codices
563 4152 695 4200 Mss.
719 4163 846 4214 quos
885 4150 1136 4206 consului,
1162 4150 1388 4215 itemque

327 4229 627 4288 Vossianus,
649 4234 706 4276 et
729 4224 958 4276 Gndisni
983 4226 1117 4290 libri,
1145 4234 1304 4291 atque
1337 4229 1388 4276 in

330 4305 594 4371 impressis
665 4305 1007 4361 Puteolanus,
1084 4305 1389 4371 Berosldus,

2398 378 2532 445 923

1468 536 1839 600 Cuspinienus,
1868 538 2056 588 omisso
2092 536 2371 602 adjectivo,
2402 539 2533 590 inso-

1463 615 1572 674 lito,
1597 614 1793 664 habent
1815 616 2036 678 Contigit
2057 629 2169 677 ergo
2189 616 2336 665 oeulis
2355 619 2532 667 nostris

1463 693 1762 752 calefacies.
1831 694 2028 744 Contra
2049 695 2166 743 libri
2180 694 2418 757 impressi
2440 709 2531 744 ex·

1464 768 1648 819 hibent
1686 770 1879 819 insolita
1901 769 2075 831 facies,
2117 771 2232 820 sine
2274 772 2532 834 particula

1461 854 1574 894 oute
1585 863 1605 904 ;
1640 847 1735 895 uisi
1756 845 1892 911 quod
1909 846 2250 907 Philomusus‚
2272 853 2327 893 et
2345 846 2378 896 J
2385 852 2529 909 unte,

1463 924 1564 972 ista
1588 924 1925 987 conjungant,
1950 931 2105 986 prout
2129 937 2263 971 nnnc
2286 924 2529 986 conjunc·

1464 1004 1517 1047 ts
1541 999 1755 1048 edimus.
1823 998 2128 1048 Existimasti
2151 999 2309 1061 enim,
2331 1000 2421 1048 hss
2445 1015 2533 1050 vo·

1464 1092 1572 1134 ces,
1594 1093 1709 1142 quae
1740 1092 1968 1127 seorsum
1992 1078 2043 1127 in
2070 1084 2146 1127 tot
2172 1077 2315 1127 libris
2338 1078 2527 1141 depre-

1463 1156 1779 1221 henduntur,
1810 1163 1953 1204 recte
1989 1156 2233 1219 conjungi
2264 1170 2437 1217 posse,
2471 1165 2527 1208 et

1467 1232 1682 1295 debere,
1704 1232 1897 1281 insolita
1926 1238 2036 1280 onte
2053 1231 2232 1292 facies,
2254 1230 2290 1279 i.
2310 1247 2358 1283 e.
2382 1245 2527 1296 spec-

1468 1310 1697 1357 taculum
1721 1308 1939 1357 antehac
1961 1308 2259 1356 inusitatum
2276 1318 2437 1373 atque
2454 1311 2530 1359 in·

1466 1384 1716 1434 nuditum.
1783 1387 1868 1434 De
1912 1385 2162 1435 vocabulo
2188 1386 2367 1450 socies,
2406 1386 2529 1437 vide

1467 1476 1650 1525 supra,
1668 1461 1732 1511 sd
1756 1477 1809 1526 p.
1832 1466 1951 1512 632.
1985 1463 2137 1512 Idem.

1534 1538 1763 1601 Princeps
1782 1544 1999 1601 «equetus
2019 1538 2309 1602 candidatis]
2335 1539 2531 1603 Vulga-

1468 1613 1571 1663 tior
1594 1615 1749 1664 lectio
1772 1616 1917 1678 hujus
1933 1615 2033 1664 ioci
2054 1623 2154 1676 est,
2173 1615 2394 1677 Contigit
2414 1630 2530 1679 ergo

1465 1691 1615 1739 oculis
1627 1692 1807 1739 nostris
1826 1691 2017 1739 insolita
2026 1690 2214 1750 socies:
2244 1692 2460 1754 princeps
2481 1697 2532 1741 et

1464 1768 1748 1816 candidatus
1786 1769 1986 1831 aquales
2028 1773 2078 1816 et
2129 1768 2274 1816 simul
2328 1772 2530 1817 slantes.

1465 1844 1589 1893 Sive
1614 1844 1772 1894 verba
1809 1845 1939 1905 baec,
1973 1844 2082 1893 sive
2106 1859 2283 1893 eorum
2320 1851 2529 1894 senten-

1466 1922 1610 1979 tiam,
1633 1931 1870 1985 spectes;
1904 1920 2030 1970 nibil
2047 1920 2204 1970 facile
2230 1921 2529 1971 indecorum

1465 1997 1837 2062 indignumque
1879 1999 2002 2047 stilo
2060 1998 2303 2047 Plinisno
2343 1998 2530 2063 depre-

1463 2073 1680 2123 hendes.
1749 2073 1923 2124 Nihilo
1946 2074 2113 2122 minus
2138 2082 2310 2122 tamen
2336 2089 2394 2122 ee
2416 2089 2531 2124 ver-

1467 2150 1534 2199 bs
1545 2151 1851 2214 jamdudum
1876 2158 2121 2213 suspecta
2154 2150 2331 2199 haberi
2357 2165 2530 2213 cmpe-

1465 2236 1608 2283 runt‚
1631 2228 1779 2291 qussi
1803 2227 1973 2290 potius
1997 2242 2059 2276 ex
2088 2227 2293 2289 ingenio
2312 2227 2527 2290 alicujus

1466 2307 1801 2367 correctoris,
1823 2320 1885 2353 ac
1923 2305 2114 2366 critici,
2135 2319 2285 2368 quem
2317 2318 2347 2353 e
2373 2304 2530 2354 Plinii

1465 2383 1683 2438 calamo,
1704 2380 1899 2431 fuerint
1923 2380 2157 2443 profecte
2179 2397 2192 2430 ε
2231 2388 2531 2445 proptereat,

1465 2459 1602 2523 qnod
1621 2473 1737 2507 cum
1756 2459 1985 2522 vestigiis
2001 2466 2258 2520 corrupte
2272 2457 2529 2516 lectionis,

1465 2551 1580 2600 quae
1605 2536 1657 2584 in
1683 2534 2058 2600 antiquioribus
2082 2533 2225 2583 libris
2242 2534 2527 2598 impressis,

1464 2615 1596 2664 etin
1630 2613 1851 2663 residuis
1890 2613 2151 2662 codicibus
2180 2612 2313 2661 Mss.
2354 2611 2528 2661 obser-

1466 2698 1638 2751 ntur,
1661 2690 1827 2739 minus
1850 2689 2183 2740 conveniunt.
2231 2688 2530 2739 Tentsrunt
2599 2682 2614 2698 '

1462 2767 1625 2830 igitur
1646 2767 1735 2816 slii
1757 2767 1910 2817 aliter
1933 2767 2066 2817 hunc
2089 2767 2255 2816 locum
2279 2766 2530 2816 emenda·

1464 2860 1539 2903 re.
1563 2853 1621 2894 nt
1659 2846 1702 2894 is
1725 2861 1839 2894 cnm
1880 2847 2105 2911 antiquis
2147 2847 2376 2911 vestigiis
2409 2861 2529 2911 pro·

1463 2922 1577 2984 pius
1621 2936 1912 2983 congruere
1959 2924 2251 2984 videretur;
2302 2939 2526 2988 quornm

1462 2998 1854 3048 emendationes
1878 3001 1929 3048 in
1954 3000 2178 3049 Excurs.
2202 3014 2321 3049 uu.
2350 3015 2527 3050 recen-

1464 3090 1571 3125 seo.
1636 3074 1709 3123 Ut
1736 3089 1860 3123 vero
1887 3088 2013 3122 meae
2037 3076 2416 3124 emendationis
2444 3090 2527 3125 rs-

1463 3153 1632 3202 tiones
1670 3150 1901 3207 reddam,
1937 3166 2126 3215 easque
2142 3152 2342 3215 judicio
2364 3152 2526 3202 lecto-

1464 3245 1576 3279 rum
1622 3229 1961 3288 submittam;
2012 3228 2176 3277 visum
2213 3237 2313 3284 cst.
2354 3230 2527 3279 varies

1463 3307 1615 3370 hujus
1640 3306 1739 3355 loci
1762 3306 2011 3353 lectiones
2033 3320 2097 3354 ex
2113 3305 2381 3356 codicibus
2396 3306 2526 3356 Mss-

1463 3384 1597 3434 bona
1615 3382 1717 3432 fide
1742 3389 2012 3430 annotare.
2079 3383 2284 3446 Nempe
2307 3383 2358 3432 in
2383 3384 2526 3434 codi-

1463 3476 1525 3510 ce
1565 3459 1873 3514 parisiensi,
1894 3468 1948 3509 et
1971 3459 2177 3509 Veneto
2204 3464 2251 3509 1.
2270 3461 2523 3526 scriptum

1464 3546 1562 3599 est,
1613 3536 1835 3598 Contigit
1876 3550 1989 3598 ergo
2022 3538 2171 3585 oculis
2199 3540 2378 3588 nostris
2412 3543 2526 3589 onte

1447 3618 1639 3678 jacies:
1667 3615 1883 3680 princeps
1917 3615 2198 3665 candidatus
2233 3618 2442 3680 equitus,
2475 3622 2524 3667 et

1459 3696 1601 3744 simul
1617 3692 1808 3742 stantis.
1845 3692 1908 3741 In
1925 3691 2191 3742 codicibus
2209 3693 2360 3745 Vatt.
2376 3699 2523 3745 1475.

1464 3775 1609 3820 1776.
1626 3777 1682 3819 et
1698 3773 1840 3818 1776.
1858 3778 1910 3818 et
1937 3770 1988 3817 in
2006 3769 2209 3819 Veneto
2228 3772 2274 3818 2.
2306 3772 2524 3834 princeps

1460 3847 1648 3911 equitus
1671 3845 1966 3901 candidolus,
1996 3850 2042 3894 et
2064 3847 2207 3894 simul
2219 3848 2413 3895 stantis.
2458 3846 2524 3895 In

1463 3925 1645 3974 codice
1693 3923 1951 3971 Patavina
1987 3924 2204 3987 princeps
2245 3925 2528 3973 candidatus

1461 4002 1650 4063 equitis,
1672 4005 1721 4047 et
1743 3999 1915 4046 similis
1933 4000 2125 4049 stantis.
2161 3999 2222 4048 ln
2247 4000 2375 4049 libro
2392 3999 2525 4049 Vos·

1463 4078 1630 4137 siano,
1643 4076 1862 4139 princeps
1896 4081 1945 4123 et
1973 4076 2254 4125 candidatus
2279 4075 2453 4139 equitis
2478 4081 2527 4127 et

1462 4154 1607 4203 simul
1627 4152 1815 4202 stantis.
1884 4151 1946 4200 In
1971 4152 2152 4202 codice
2175 4168 2314 4214 meo,
2343 4154 2524 4215 princi·

1459 4229 1537 4291 pis
1557 4227 1812 4292 equitatus
1834 4227 2114 4276 candidatus
2150 4233 2199 4277 et
2228 4230 2373 4278 simul
2392 4235 2528 4280 stan·

1465 4306 1546 4358 tis.
1612 4304 1863 4357 Similiter
1885 4304 2134 4369 scriptum
2157 4316 2238 4359 est
2272 4308 2324 4360 in
2345 4308 2525 4363 codice
