3060 4902
791 402 857 447 c.
907 400 1150 449 pul-111
1200 398 1865 453 sacuNanANnc.
1948 406 1999 452 1.
2029 389 2140 456 31.

345 539 687 604 gotiatorlbus
739 542 1007 593 Iulianum
1058 543 1418 596 Liberatorem

345 618 594 669 Obtulit!
664 620 799 671 Qun
846 628 1022 671 autem
1075 622 1320 679 insolens,
1363 629 1419 672 et

343 695 615 745 Harduino
635 698 869 760 propria,
888 699 1263 762 interpretandi
1282 700 1418 748 ratio

339 773 539 823 dudum
584 774 654 823 ab
706 776 929 825 cruditis
977 783 1060 826 est
1101 777 1416 840 improbata.

343 849 503 897 Iden.

409 928 647 976 Potentia
669 928 779 992 tna]
814 929 1037 981 Quidam
1057 928 1268 980 codices
1286 920 1416 980 Mas.

340 1004 614 1056 iuvertunt
637 1007 727 1055 bas
752 1020 927 1069 voces,
951 1013 1034 1057 tuo
1051 1009 1281 1070 potentio.
1325 1008 1416 1057 So·

339 1080 425 1130 lus
459 1080 760 1137 Catanaeus,
798 1096 896 1144 pro
932 1084 1163 1145 potentia.
1202 1083 1415 1133 exhibet

336 1161 570 1221 potestas.
604 1158 916 1220 Beroaldus,
931 1174 1027 1223 pro
1044 1165 1259 1223 tamque,
1276 1160 1414 1224 quod

345 1236 588 1297 proxime
642 1234 902 1298 sequitur,
956 1234 1118 1286 babet
1174 1243 1416 1300 tanquam.

340 1309 447 1360 Sed
473 1311 527 1360 in
550 1311 631 1360 his
654 1311 891 1361 omnibus
912 1311 1040 1360 nihil
1066 1319 1145 1360 est
1167 1313 1413 1361 innovan-

341 1385 486 1435 dum.
543 1386 813 1437 Librarius
838 1387 1035 1437 codicis
1059 1387 1414 1451 salisburgen-

341 1462 433 1518 sis.
452 1478 549 1527 pro
571 1466 807 1517 «edacem
825 1465 1102 1528 scripserat
1125 1470 1270 1514 aucta
1281 1480 1301 1523 ;
1323 1465 1413 1514 sed

341 1540 399 1588 in
420 1540 656 1602 margine
681 1542 916 1604 reposuit
937 1542 1168 1592 accincta.
1216 1542 1301 1590 De
1327 1557 1413 1590 vo-

342 1615 536 1667 cabulo
555 1620 571 1644 ⁸
592 1618 899 1681 accinctus,’
912 1618 1022 1680 jam
1040 1633 1214 1681 supra,
1232 1633 1283 1682 p.
1299 1621 1413 1667 516.

343 1706 450 1740 non
473 1693 597 1741 nibil
622 1695 884 1743 annotavi.
934 1694 1087 1743 Idem.

412 1768 646 1819 Potentia
669 1769 776 1833 tuo]
810 1770 1037 1819 Potestas
1060 1775 1141 1819 ιια
1166 1770 1228 1821 C.
1252 1770 1415 1820 Licin.

408 1844 669 1908 Accium]
703 1844 896 1894 Gabini
920 1853 1058 1909 togoe
1078 1847 1128 1894 in
1148 1847 1412 1896 humerum

341 1919 557 1982 rejectae
594 1921 783 1970 lacinia
816 1936 874 1971 se
909 1924 1211 1987 cingebant,
1242 1932 1301 1973 ut
1335 1938 1410 1973 es·

342 2003 465 2045 sent
487 1996 728 2061 expediti
754 1996 818 2045 ad
844 2000 1035 2048 munia.
1103 1999 1222 2050 Quo
1255 2000 1414 2048 vesti-

342 2072 507 2121 menti
564 2086 761 2136 genere
804 2081 1010 2123 veteres
1057 2075 1249 2138 Latini,
1295 2091 1412 2126 cum

339 2148 564 2198 necdum
608 2163 753 2199 arma
795 2149 1066 2206 haberent,
1106 2152 1241 2214 togis
1281 2166 1414 2214 prae-

336 2226 535 2276 cinctis
556 2226 876 2276 militabant.
930 2227 1085 2278 Unde
1105 2235 1120 2259 ·
1143 2229 1337 2278 milites
1360 2229 1413 2279 in

343 2296 622 2366 procinctu
667 2302 818 2353 esae'
870 2303 1133 2367 dicuutur,
1174 2312 1232 2354 ει
1288 2306 1411 2355 ‘ac-

341 2379 544 2441 cincti,'
586 2381 757 2445 quivis
808 2380 1073 2445 industrii,
1125 2383 1316 2446 parati,
1359 2391 1415 2433 et

340 2455 600 2520 expediti.
665 2458 808 2508 Hinc
853 2459 1132 2518 ‘accincta
1176 2460 1415 2516 bonitas)

339 2533 597 2595 expedita
613 2539 669 2582 ει
686 2533 751 2583 ad
766 2534 1054 2599 juvandum
1078 2538 1236 2594 celer,
1255 2553 1414 2602 supra

339 2621 443 2659 xx.
464 2611 518 2658 8.
551 2617 609 2659 et
641 2611 765 2660 Luc.
803 2624 910 2661 ιιι.
932 2616 1013 2661 86.
1048 2612 1224 2676 &over
1257 2633 1413 2679 περιε-

340 2681 596 2745 ζοσμληι,
608 2686 756 2735 lambi
773 2688 936 2750 parati
951 2689 1015 2737 ad
1034 2691 1410 2742 occurrendum

340 2759 575 2819 Christo,
591 2768 647 2810 et
661 2761 899 2811 Christus
909 2762 1239 2828 περιζόσεται,
1253 2783 1412 2830 prom·

338 2840 422 2885 tu
443 2836 511 2885 ad
534 2837 931 2901 excipiendum;
955 2851 1006 2888 ct
1031 2843 1222 2892 milites
1239 2844 1410 2893 Chris·

340 2911 471 2961 tiani
504 2910 889 2978 περιζωσάμενοι,
923 2915 1152 2966 industrii
1183 2918 1247 2968 ad
1282 2935 1410 2983 pug-

339 2990 592 3055 nandum,
615 2992 750 3055 pr.
773 3005 849 3041 v1.
871 2998 950 3044 1⁴.
973 3001 1030 3044 et
1061 2998 1229 3058 augeli
1259 3015 1411 3063 περιι·

338 3063 590 3126 ζυσμθοι,
611 3069 826 3132 expediti
853 3069 919 3118 ad
942 3068 1312 3123 effundendum
1339 3075 1413 3123 di·

338 3145 481 3193 vine
538 3146 736 3209 phialas
790 3147 901 3211 irae,
953 3149 1175 3213 Apocal.
1221 3165 1316 3202 xv.
1359 3157 1410 3202 6.

403 3297 667 3363 Accii-eea]
703 3298 749 3350 1.
774 3314 824 3352 e.
861 3310 1121 3368 prompta,
1145 3305 1410 3365 expedita.

339 3374 675 3424 Vocabulum
710 3383 937 3427 sumtum
973 3395 1005 3428 a
1034 3380 1298 3446 militibus,
1322 3383 1410 3445 qui

337 3465 398 3499 sc
434 3450 501 3499 ad
543 3451 648 3501 iter
687 3460 742 3501 et
782 3455 1021 3516 praelium
1059 3459 1411 3521 ‘accingere'

338 3525 673 3579 dicebantur.
723 3530 946 3579 Palm-01.

412 3603 624 3653 Tristius
670 3606 878 3669 aliquid]
929 3608 1140 3658 Triuiai
1186 3613 1378 3677 aliquod
1391 3630 1412 3673 ,·

338 3678 432 3728 sed
471 3681 670 3730 tristius
702 3682 886 3745 aliquid
920 3683 982 3734 V.
1017 3684 1179 3735 Licin.
1231 3690 1413 3739 Recte.

340 3757 588 3807 nitens.

413 3833 482 3882 Ut
501 3833 652 3896 acies]
691 3833 809 3884 Nou
833 3834 1085 3886 absimilia
1104 3838 1260 3903 Apul.
1275 3842 1411 3896 Met.

337 3921 446 3960 vn.
503 3917 519 3939 ⁸
541 3910 770 3959 Tantum
817 3918 995 3975 potest
1047 3922 1200 3964 nutus
1254 3919 1408 3970 etiam

336 3989 514 4052 magni
539 3987 830 4052 principis-⁹
865 3988 1124 4039 Ammian.
1151 3994 1201 4042 in
1219 3993 1412 4046 Julian.

335 4064 428 4115 lib·
464 4076 558 4114 xv.
602 4066 618 4093 ⁴
645 4064 1118 4129 Communiumque
1158 4083 1411 4122 aerumna-

337 4155 451 4191 rum
475 4140 762 4190 remedium
780 4140 835 4190 in
858 4140 968 4204 ejus
987 4141 1197 4193 locabat
1217 4145 1411 4197 adven-

336 4224 413 4274 tu,
428 4217 710 4267 salutarem
729 4216 992 4282 quendam
1017 4220 1220 4281 genium
1245 4223 1411 4274 adful-

337 4294 467 4346 sisse
481 4295 836 4359 conclamans,
847 4306 917 4346 ne
932 4295 1106 4348 secius
1121 4297 1411 4353 arbitrata?

2432 389 2562 456 601

1496 546 1647 599 Adeo
1671 548 1958 614 acquiescit
1982 549 2210 615 principi
2239 564 2336 601 suo
2359 550 2562 613 vulgus,

1496 632 1572 680 ut,
1614 640 1677 675 eo
1724 634 2005 690 praesente,
2050 630 2132 677 rel
2178 627 2397 691 sciente,
2436 628 2561 677 nihil

1495 700 1608 750 fere
1643 703 1739 752 sibi
1776 704 1972 767 uspiam
2013 712 2209 754 metuat
2243 705 2383 762 mali,
2407 720 2474 753 ue
2506 706 2560 754 in

1494 793 1693 828 summa
1729 786 1745 810 ⁴
1764 781 1973 843 quidem
1999 781 2337 831 calamitate!
2407 781 2562 832 Adde

1491 861 1708 911 Sueton.
1748 861 1864 910 Tib.
1896 876 1943 911 c.
1966 865 2049 910 40.
2080 861 2248 911 Tacit.
2286 860 2422 910 Anu.
2462 875 2560 912 xv-

1492 939 1576 985 36.
1597 944 1652 986 ει
1669 938 1878 988 omnino
1896 940 2111 989 Gruter.
2130 939 2366 988 Discurs.
2381 953 2426 988 c.
2441 950 2561 988 xxt-

1493 1013 1650 1063 Rern.

1559 1090 1694 1138 CAP-
1731 1104 1900 1140 xxxx.
1950 1090 2159 1140 Fertiles
2180 1089 2351 1152 annos]
2385 1090 2446 1139 In
2472 1105 2561 1140 co-

1491 1165 1608 1215 dice
1646 1167 2046 1231 salisburgensi,
2091 1181 2187 1230 pro
2228 1181 2355 1216 voce
2393 1182 2559 1229 annos,

1491 1244 1748 1307 scriptum
1775 1250 1853 1292 est
1875 1258 2072 1302 amnem
2108 1258 2417 1308 quamquam
2444 1243 2558 1306 jam

1492 1321 1558 1369 ab
1582 1321 1796 1383 antiquo
1824 1328 2124 1371 correctore
2150 1320 2199 1368 in
2224 1319 2453 1383 margine
2475 1334 2560 1369 co·

1491 1398 1623 1446 dicis
1646 1398 1931 1460 repositum
1953 1399 2024 1447 sit
2048 1412 2209 1446 annos.
2253 1397 2378 1445 Tam
2405 1396 2560 1446 facile

1492 1488 1618 1524 vcro
1642 1476 1755 1524 istas
1781 1489 1934 1524 voces
1964 1489 1996 1523 a
2023 1473 2246 1523 librariis
2282 1479 2404 1523 sunt
2439 1486 2559 1536 per-

1490 1552 1738 1600 mutatae!
1779 1551 1865 1601 Ita
1891 1551 1941 1600 in
1979 1566 2092 1599 meo
2117 1566 2321 1615 quoque
2353 1551 2558 1614 codice,

1490 1626 1627 1691 quod
1645 1626 1756 1676 fere
1772 1628 2157 1691 praeteriisse-m,
2174 1629 2223 1675 in
2245 1628 2559 1677 anteceden-

1489 1704 1629 1752 tibus
1666 1705 1852 1762 verbis,
1893 1720 1986 1769 pro
2022 1705 2264 1769 gentibus,
2304 1704 2557 1769 scriptum

1491 1788 1570 1828 est
1592 1781 1852 1842 egentibus.
1901 1781 2154 1831 Schwarz.

1545 1857 1784 1921 Tuamque
1797 1859 2099 1919 vigilantiam
2116 1860 2410 1924 exspectare]
2434 1859 2556 1911 Non

1489 1934 1622 1982 male
1643 1933 1733 1991 illi,
1752 1935 1838 1998 qui
1858 1934 2144 1997 repositum
2163 1943 2287 1985 eunt
2312 1942 2558 1999 spectare,-

1487 2010 1581 2059 sed
1627 2017 1798 2060 tamen
1846 2012 2003 2061 toties
2049 2013 2100 2061 in
2145 2013 2554 2064 membranaceis

1487 2085 1754 2136 codicibus
1793 2089 1961 2152 reperi
2002 2096 2290 2152 exspectare,
2328 2105 2422 2152 pro
2461 2104 2555 2140 suo

1487 2163 1731 2227 simplici,
1767 2172 1826 2215 ut
1858 2166 1906 2215 ei
1943 2168 2346 2216 controversiam
2382 2174 2552 2218 status

1485 2238 1621 2288 baud
1649 2248 1846 2290 temere
1870 2255 2078 2291 movere
2103 2243 2283 2291 ausim.
2335 2244 2484 2294 Grut.

1562 2316 1875 2379 Vigilantiam
1890 2317 2185 2381 exspectare]
2206 2318 2220 2345 ‘
2236 2319 2522 2380 vigilantia
2535 2318 2555 2343 ⁹

1488 2397 1572 2440 est
1614 2406 1737 2441 cura
1777 2399 1832 2442 ct
1874 2392 2223 2458 providentia,
2262 2395 2450 2458 partim
2495 2402 2556 2447 ut

1488 2469 1702 2530 negotia
1739 2475 1919 2518 nostra
1961 2470 2150 2533 promti
2186 2469 2556 2534 expediamus3

1488 2545 1700 2608 partim,
1746 2549 1806 2594 ut
1848 2545 2181 2606 adversariis,
2220 2545 2552 2612 adversisque

1486 2621 1712 2682 casibus,
1748 2623 2057 2685 tempestive
2096 2637 2442 2679 occurramus,
2483 2638 2549 2674 ue

1486 2710 1596 2753 nos,
1635 2700 1921 2763 nostrique,
1968 2699 2033 2748 ab
2077 2699 2139 2749 iis
2181 2700 2553 2764 opprimamur.

1490 2772 1647 2837 Nam,
1686 2774 1820 2837 quod
1848 2773 2044 2832 Attius,
2077 2785 2224 2826 vetus
2261 2777 2435 2839 poeta,
2466 2793 2551 2842 ap.

1488 2849 1602 2900 Cic.
1639 2864 1733 2913 pro
1759 2851 1942 2900 Plane.
1967 2866 2014 2901 c.
2038 2856 2120 2901 24.
2155 2854 2248 2913 ait,
2283 2855 2298 2881 ⁴
2319 2854 2551 2915 Vigilan-

1487 2926 1608 2976 dum
1631 2936 1709 2976 est
1734 2942 1971 2990 semper;
1998 2929 2174 2976 multae
2200 2929 2404 2978 insidiae
2431 2935 2555 2980 suut

1486 3003 1669 3053 bonis.’
1737 3004 2017 3066 Praecipua
2039 3006 2150 3054 haec
2180 3007 2344 3055 virtus
2369 3020 2550 3057 eorum

1487 3086 1586 3141 est,
1622 3080 1708 3143 qui
1743 3080 2041 3142 reipublicae
2078 3090 2327 3143 praesunt.
2396 3080 2552 3132 Unde

1486 3157 1600 3218 ipse
1625 3157 1734 3206 Cic.
1760 3171 1852 3219 pro
1874 3156 2024 3205 Sext.
2049 3171 2095 3205 c.
2120 3161 2201 3207 47.
2238 3159 2253 3184 ⁸
2273 3157 2335 3207 In
2360 3158 2552 3222 repub-

1486 3232 1587 3281 lica
1626 3230 1813 3280 fluctus
1867 3233 2182 3297 excitantur,
2232 3241 2291 3284 ut
2328 3235 2549 3298 vigilan-

1486 3306 1607 3356 dum
1633 3308 1702 3356 sit
1726 3308 1804 3368 iis,
1830 3310 1919 3371 qui
1951 3309 2047 3358 sibi
2081 3311 2434 3372 gubernacula
2460 3329 2553 3377 pa-

1485 3385 1602 3435 trioe
1648 3383 2106 3446 depoposcerunt:
2171 3388 2319 3436 Idem
2364 3390 2552 3444 Famil.

1486 3475 1591 3510 vn.
1619 3464 1699 3510 30.
1733 3474 2039 3525 quamquam
2079 3477 2172 3526 per
2196 3464 2392 3526 jocum,
2428 3481 2547 3517 cum

1486 3536 1772 3600 physicam,
1813 3544 1919 3585 tum
1971 3538 2215 3586 moralem
2266 3541 2551 3601 notionem,

1485 3613 1537 3663 in
1564 3613 1658 3663 boc
1682 3613 1841 3662 verbo
1865 3614 2157 3677 conjunxit,
2179 3630 2294 3666 cum
2327 3617 2392 3667 de
2425 3634 2550 3670 con·

1484 3690 1613 3752 sule,
1647 3690 1811 3753 primo
1851 3692 2149 3741 consulatus
2196 3694 2279 3744 die
2326 3705 2550 3755 mortuo,

1485 3765 1706 3822 diceret,
1739 3772 1754 3796 ⁶
1776 3766 2017 3816 Caninius
2050 3767 2267 3818 mirifica
2297 3769 2396 3821 fuit
2422 3773 2550 3842 vigi-

1485 3842 1666 3902 lantia,
1696 3842 1784 3906 qui
1824 3858 1917 3892 suo
1954 3851 2070 3893 toto
2108 3846 2378 3895 consulatu
2415 3862 2550 3898 som-

1487 3932 1606 3967 num
1632 3933 1732 3967 non
1753 3918 1977 3969 viderit-⁹
2009 3922 2325 3984 Metaphora
2345 3926 2550 3987 potissi-

1486 4009 1624 4044 mum
1649 3997 1804 4044 ducta
1827 4004 1909 4046 est
1941 4011 1971 4045 a
2002 3997 2187 4060 vigiliis
2218 3999 2550 4051 militaribus.

1486 4073 1628 4123 Hinc
1651 4073 1785 4122 idem
1813 4074 2044 4138 Philipp.
2064 4088 2172 4125 κη.
2191 4079 2271 4124 18.
2296 4076 2312 4103 ‘
2330 4076 2391 4126 In
2417 4078 2549 4129 urbe

1485 4163 1689 4210 maneo,
1729 4149 1771 4198 si
1812 4150 2006 4200 licebit.
2071 4152 2205 4201 I-Iaec
2241 4167 2359 4202 mea
2398 4155 2549 4207 sedes

1485 4232 1600 4285 est3
1648 4225 1759 4275 haec
1799 4225 2065 4288 custodia3
2112 4229 2208 4277 hoc
2248 4230 2547 4291 praesidium

1483 4302 1730 4352 stativum
1750 4334 1766 4351 .
1781 4332 1795 4350 .
1814 4333 1830 4350 .
1852 4302 1957 4356 Qui
1981 4303 2255 4356 multorum
2280 4309 2546 4360 custodem
