<?xml version="1.0" encoding="UTF-8"?>
<!DOCTYPE html PUBLIC "-//W3C//DTD XHTML 1.0 Transitional//EN"
    "http://www.w3.org/TR/xhtml1/DTD/xhtml1-transitional.dtd">
<html xmlns="http://www.w3.org/1999/xhtml" xml:lang="en" lang="en">
 <head>
  <title>
</title>
<meta http-equiv="Content-Type" content="text/html;charset=utf-8" />
  <meta name='ocr-system' content='tesseract 3.04.00' />
  <meta name='ocr-capabilities' content='ocr_page ocr_carea ocr_par ocr_line ocrx_word'/>
</head>
<body>
  <div class='ocr_page' id='page_1' title='image "./panegyriciveter02unkngoog_0438.png"; bbox 0 0 3060 4902; ppageno 0'>
   <div class='ocr_carea' id='block_1_1' title="bbox 549 333 679 399">
    <p class='ocr_par' dir='ltr' id='par_1_1' title="bbox 549 333 679 399">
     <span class='ocr_line' id='line_1_1' title="bbox 549 333 679 399; baseline -0.008 0"><span class='ocrx_word' id='word_1_1' title='bbox 549 333 679 399; x_wconf 77' lang='lat'>892</span> 
     </span>
    </p>
   </div>
   <div class='ocr_carea' id='block_1_2' title="bbox 532 492 1616 4228">
    <p class='ocr_par' dir='ltr' id='par_1_2' title="bbox 547 492 1616 782">
     <span class='ocr_line' id='line_1_2' title="bbox 552 492 1616 557; baseline 0.003 -15"><span class='ocrx_word' id='word_1_2' title='bbox 552 496 693 555; x_wconf 86' lang='lat' dir='ltr'>tique</span> <span class='ocrx_word' id='word_1_3' title='bbox 737 492 1092 554; x_wconf 79' lang='lat' dir='ltr'>persolvimus,</span> <span class='ocrx_word' id='word_1_4' title='bbox 1111 526 1123 539; x_wconf 92' lang='lat'><strong><em>.</em></strong></span> <span class='ocrx_word' id='word_1_5' title='bbox 1146 528 1158 540; x_wconf 92' lang='lat'><strong>.</strong></span> <span class='ocrx_word' id='word_1_6' title='bbox 1180 524 1194 540; x_wconf 87' lang='lat'><strong>.</strong></span> <span class='ocrx_word' id='word_1_7' title='bbox 1214 494 1414 556; x_wconf 88' lang='lat' dir='ltr'>precati</span> <span class='ocrx_word' id='word_1_8' title='bbox 1450 496 1616 557; x_wconf 89' lang='lat' dir='ltr'>Deos,</span> 
     </span>
     <span class='ocr_line' id='line_1_3' title="bbox 549 566 1616 631; baseline -0.003 -13"><span class='ocrx_word' id='word_1_9' title='bbox 549 580 604 618; x_wconf 83' lang='lat' dir='ltr'>ut</span> <span class='ocrx_word' id='word_1_10' title='bbox 632 579 682 616; x_wconf 89' lang='lat' dir='ltr'>te</span> <span class='ocrx_word' id='word_1_11' title='bbox 713 583 923 631; x_wconf 77' lang='lat' dir='ltr'>remque</span> <span class='ocrx_word' id='word_1_12' title='bbox 960 567 1219 631; x_wconf 79' lang='lat' dir='ltr'>publicam</span> <span class='ocrx_word' id='word_1_13' title='bbox 1253 566 1522 617; x_wconf 84' lang='lat' dir='ltr'>florentem</span> <span class='ocrx_word' id='word_1_14' title='bbox 1560 576 1616 616; x_wconf 88' lang='lat' dir='ltr'>et</span> 
     </span>
     <span class='ocr_line' id='line_1_4' title="bbox 547 643 1615 708; baseline -0.001 -15"><span class='ocrx_word' id='word_1_15' title='bbox 547 646 852 693; x_wconf 83' lang='lat' dir='ltr'>incolumem</span> <span class='ocrx_word' id='word_1_16' title='bbox 879 643 1185 693; x_wconf 63' lang='lat' dir='ltr'>servarent!</span> <span class='ocrx_word' id='word_1_17' title='bbox 1233 643 1315 694; x_wconf 89' lang='lat' dir='ltr'>Cf.</span> <span class='ocrx_word' id='word_1_18' title='bbox 1343 646 1509 708; x_wconf 80' lang='lat' dir='ltr'><strong>Epist.</strong></span> <span class='ocrx_word' id='word_1_19' title='bbox 1530 650 1615 695; x_wconf 72' lang='lat'>44.</span> 
     </span>
     <span class='ocr_line' id='line_1_5' title="bbox 547 719 1431 782; baseline -0.003 -12"><span class='ocrx_word' id='word_1_20' title='bbox 547 730 602 770; x_wconf 91' lang='lat' dir='ltr'>et</span> <span class='ocrx_word' id='word_1_21' title='bbox 626 725 708 769; x_wconf 82' lang='lat'>60.</span> <span class='ocrx_word' id='word_1_22' title='bbox 732 719 963 782; x_wconf 79' lang='lat' dir='ltr'>ejusdem</span> <span class='ocrx_word' id='word_1_23' title='bbox 987 721 1075 769; x_wconf 88' lang='lat' dir='ltr'>lib.</span> <span class='ocrx_word' id='word_1_24' title='bbox 1102 734 1156 768; x_wconf 89' lang='lat' dir='ltr'>x.</span> <span class='ocrx_word' id='word_1_25' title='bbox 1193 720 1431 770; x_wconf 75' lang='lat' dir='ltr'>Schmun-z.</span> 
     </span>
    </p>

    <p class='ocr_par' dir='ltr' id='par_1_3' title="bbox 545 796 1614 1089">
     <span class='ocr_line' id='line_1_6' title="bbox 560 796 1614 860; baseline 0 -14"><span class='ocrx_word' id='word_1_26' title='bbox 560 824 569 832; x_wconf 95' lang='lat'>·</span> <span class='ocrx_word' id='word_1_27' title='bbox 614 798 672 846; x_wconf 85' lang='lat' dir='ltr'>Si</span> <span class='ocrx_word' id='word_1_28' title='bbox 695 796 831 859; x_wconf 79' lang='lat' dir='ltr'>bene]</span> <span class='ocrx_word' id='word_1_29' title='bbox 869 798 1108 846; x_wconf 87' lang='lat' dir='ltr'>Clausula</span> <span class='ocrx_word' id='word_1_30' title='bbox 1128 798 1614 860; x_wconf 84' lang='lat' dir='ltr'>est‚Trajanijussu</span> 
     </span>
     <span class='ocr_line' id='line_1_7' title="bbox 545 873 1614 937; baseline -0.001 -14"><span class='ocrx_word' id='word_1_31' title='bbox 545 874 747 935; x_wconf 85' lang='lat' dir='ltr'>addita,</span> <span class='ocrx_word' id='word_1_32' title='bbox 763 881 820 922; x_wconf 91' lang='lat' dir='ltr'>ut</span> <span class='ocrx_word' id='word_1_33' title='bbox 843 887 906 922; x_wconf 80' lang='lat' dir='ltr'>ex</span> <span class='ocrx_word' id='word_1_34' title='bbox 927 873 1100 922; x_wconf 80' lang='lat' dir='ltr'>Plinio</span> <span class='ocrx_word' id='word_1_35' title='bbox 1124 883 1377 937; x_wconf 85' lang='lat' dir='ltr'>apparet:</span> <span class='ocrx_word' id='word_1_36' title='bbox 1415 877 1614 924; x_wconf 88' lang='lat' dir='ltr'>clausu·</span> 
     </span>
     <span class='ocr_line' id='line_1_8' title="bbox 548 951 1613 1012; baseline 0.002 -14"><span class='ocrx_word' id='word_1_37' title='bbox 548 951 617 1010; x_wconf 84' lang='lat' dir='ltr'>la,</span> <span class='ocrx_word' id='word_1_38' title='bbox 641 965 670 997; x_wconf 95' lang='lat' dir='ltr'>o</span> <span class='ocrx_word' id='word_1_39' title='bbox 695 952 860 1009; x_wconf 85' lang='lat' dir='ltr'>Deus,</span> <span class='ocrx_word' id='word_1_40' title='bbox 892 951 1124 1012; x_wconf 85' lang='lat' dir='ltr'>egregia,</span> <span class='ocrx_word' id='word_1_41' title='bbox 1160 959 1213 998; x_wconf 87' lang='lat' dir='ltr'>et</span> <span class='ocrx_word' id='word_1_42' title='bbox 1238 965 1422 1011; x_wconf 70' lang='lat' dir='ltr'>magno</span> <span class='ocrx_word' id='word_1_43' title='bbox 1448 966 1508 1000; x_wconf 88' lang='lat' dir='ltr'>ac</span> <span class='ocrx_word' id='word_1_44' title='bbox 1533 967 1613 1000; x_wconf 85' lang='lat' dir='ltr'>sa-</span> 
     </span>
     <span class='ocr_line' id='line_1_9' title="bbox 548 1026 1415 1089; baseline 0.001 -16"><span class='ocrx_word' id='word_1_45' title='bbox 548 1026 683 1076; x_wconf 88' lang='lat' dir='ltr'>lubri</span> <span class='ocrx_word' id='word_1_46' title='bbox 711 1026 800 1074; x_wconf 90' lang='lat' dir='ltr'>illo</span> <span class='ocrx_word' id='word_1_47' title='bbox 823 1026 1060 1089; x_wconf 80' lang='lat' dir='ltr'>principe</span> <span class='ocrx_word' id='word_1_48' title='bbox 1078 1026 1246 1088; x_wconf 74' lang='lat' dir='ltr'>digna.</span> <span class='ocrx_word' id='word_1_49' title='bbox 1279 1027 1415 1088; x_wconf 79' lang='lat' dir='ltr'>Lips.</span> 
     </span>
    </p>

    <p class='ocr_par' dir='ltr' id='par_1_4' title="bbox 541 1100 1613 2907">
     <span class='ocr_line' id='line_1_10' title="bbox 561 1100 1613 1163; baseline 0 -12"><span class='ocrx_word' id='word_1_50' title='bbox 561 1139 568 1144; x_wconf 85' lang='lat'>-</span> <span class='ocrx_word' id='word_1_51' title='bbox 613 1103 749 1151; x_wconf 82' lang='lat' dir='ltr'>Bene</span> <span class='ocrx_word' id='word_1_52' title='bbox 770 1106 817 1151; x_wconf 75' lang='lat' dir='ltr'>et</span> <span class='ocrx_word' id='word_1_53' title='bbox 834 1117 896 1150; x_wconf 79' lang='lat' dir='ltr'>ex</span> <span class='ocrx_word' id='word_1_54' title='bbox 915 1100 1146 1163; x_wconf 74' lang='lat' dir='ltr'>utilitate]</span> <span class='ocrx_word' id='word_1_55' title='bbox 1166 1102 1379 1158; x_wconf 85' lang='lat' dir='ltr'>Eadem,</span> <span class='ocrx_word' id='word_1_56' title='bbox 1397 1102 1487 1150; x_wconf 88' lang='lat' dir='ltr'>sed</span> <span class='ocrx_word' id='word_1_57' title='bbox 1508 1117 1613 1151; x_wconf 85' lang='lat' dir='ltr'>ma·</span> 
     </span>
     <span class='ocr_line' id='line_1_11' title="bbox 548 1178 1613 1242; baseline 0.002 -16"><span class='ocrx_word' id='word_1_58' title='bbox 548 1180 627 1242; x_wconf 75' lang='lat' dir='ltr'>gis</span> <span class='ocrx_word' id='word_1_59' title='bbox 666 1193 810 1234; x_wconf 86' lang='lat' dir='ltr'>voce,</span> <span class='ocrx_word' id='word_1_60' title='bbox 836 1193 985 1239; x_wconf 84' lang='lat' dir='ltr'>quam</span> <span class='ocrx_word' id='word_1_61' title='bbox 1017 1193 1092 1238; x_wconf 89' lang='lat' dir='ltr'>re,</span> <span class='ocrx_word' id='word_1_62' title='bbox 1122 1178 1361 1227; x_wconf 87' lang='lat' dir='ltr'>Tiberius</span> <span class='ocrx_word' id='word_1_63' title='bbox 1385 1180 1434 1226; x_wconf 92' lang='lat' dir='ltr'>in</span> <span class='ocrx_word' id='word_1_64' title='bbox 1462 1180 1613 1242; x_wconf 87' lang='lat' dir='ltr'>pleno</span> 
     </span>
     <span class='ocr_line' id='line_1_12' title="bbox 549 1257 1612 1322; baseline -0.001 -16"><span class='ocrx_word' id='word_1_65' title='bbox 549 1265 731 1308; x_wconf 77' lang='lat' dir='ltr'>senatu</span> <span class='ocrx_word' id='word_1_66' title='bbox 754 1276 766 1307; x_wconf 90' lang='lat'><strong>:</strong></span> <span class='ocrx_word' id='word_1_67' title='bbox 803 1264 818 1286; x_wconf 85' lang='lat'><em>‘</em></span> <span class='ocrx_word' id='word_1_68' title='bbox 834 1257 960 1307; x_wconf 88' lang='lat' dir='ltr'>Dixi</span> <span class='ocrx_word' id='word_1_69' title='bbox 977 1264 1031 1306; x_wconf 90' lang='lat' dir='ltr'>et</span> <span class='ocrx_word' id='word_1_70' title='bbox 1050 1271 1206 1320; x_wconf 84' lang='lat' dir='ltr'>nunc,</span> <span class='ocrx_word' id='word_1_71' title='bbox 1226 1265 1277 1306; x_wconf 87' lang='lat' dir='ltr'>et</span> <span class='ocrx_word' id='word_1_72' title='bbox 1301 1273 1442 1320; x_wconf 76' lang='lat' dir='ltr'>saepe</span> <span class='ocrx_word' id='word_1_73' title='bbox 1467 1259 1612 1322; x_wconf 87' lang='lat' dir='ltr'>alias,</span> 
     </span>
     <span class='ocr_line' id='line_1_13' title="bbox 546 1334 1613 1396; baseline -0.002 -12"><span class='ocrx_word' id='word_1_74' title='bbox 546 1334 612 1384; x_wconf 89' lang='lat' dir='ltr'>P.</span> <span class='ocrx_word' id='word_1_75' title='bbox 640 1335 697 1384; x_wconf 92' lang='lat' dir='ltr'>C.</span> <span class='ocrx_word' id='word_1_76' title='bbox 723 1334 911 1383; x_wconf 80' lang='lat' dir='ltr'>bonum</span> <span class='ocrx_word' id='word_1_77' title='bbox 936 1342 988 1384; x_wconf 92' lang='lat' dir='ltr'>et</span> <span class='ocrx_word' id='word_1_78' title='bbox 1007 1335 1282 1383; x_wconf 84' lang='lat' dir='ltr'>salutarem</span> <span class='ocrx_word' id='word_1_79' title='bbox 1307 1334 1613 1396; x_wconf 80' lang='lat' dir='ltr'>principem,</span> 
     </span>
     <span class='ocr_line' id='line_1_14' title="bbox 547 1410 1611 1475; baseline -0.001 -17"><span class='ocrx_word' id='word_1_80' title='bbox 547 1425 698 1475; x_wconf 87' lang='lat' dir='ltr'>quem</span> <span class='ocrx_word' id='word_1_81' title='bbox 724 1424 812 1459; x_wconf 81' lang='lat' dir='ltr'>vos</span> <span class='ocrx_word' id='word_1_82' title='bbox 837 1419 984 1460; x_wconf 83' lang='lat' dir='ltr'>tanta</span> <span class='ocrx_word' id='word_1_83' title='bbox 1015 1420 1069 1459; x_wconf 89' lang='lat' dir='ltr'>et</span> <span class='ocrx_word' id='word_1_84' title='bbox 1098 1420 1198 1458; x_wconf 87' lang='lat' dir='ltr'>tam</span> <span class='ocrx_word' id='word_1_85' title='bbox 1237 1410 1402 1459; x_wconf 87' lang='lat' dir='ltr'>libera</span> <span class='ocrx_word' id='word_1_86' title='bbox 1440 1419 1611 1473; x_wconf 85' lang='lat' dir='ltr'>potes-</span> 
     </span>
     <span class='ocr_line' id='line_1_15' title="bbox 547 1487 1610 1543; baseline -0.002 -7"><span class='ocrx_word' id='word_1_87' title='bbox 547 1495 658 1536; x_wconf 84' lang='lat' dir='ltr'>tate</span> <span class='ocrx_word' id='word_1_88' title='bbox 694 1488 1031 1543; x_wconf 87' lang='lat' dir='ltr'>instruxistis,</span> <span class='ocrx_word' id='word_1_89' title='bbox 1070 1488 1271 1535; x_wconf 84' lang='lat' dir='ltr'>senatui</span> <span class='ocrx_word' id='word_1_90' title='bbox 1304 1487 1499 1535; x_wconf 87' lang='lat' dir='ltr'>servire</span> <span class='ocrx_word' id='word_1_91' title='bbox 1521 1487 1610 1535; x_wconf 90' lang='lat' dir='ltr'>de-</span> 
     </span>
     <span class='ocr_line' id='line_1_16' title="bbox 547 1562 1611 1625; baseline 0 -13"><span class='ocrx_word' id='word_1_92' title='bbox 547 1563 672 1612; x_wconf 88' lang='lat' dir='ltr'>bere</span> <span class='ocrx_word' id='word_1_93' title='bbox 716 1571 772 1612; x_wconf 90' lang='lat' dir='ltr'>et</span> <span class='ocrx_word' id='word_1_94' title='bbox 817 1563 1066 1612; x_wconf 81' lang='lat' dir='ltr'>universis</span> <span class='ocrx_word' id='word_1_95' title='bbox 1106 1562 1306 1612; x_wconf 79' lang='lat' dir='ltr'>civibus</span> <span class='ocrx_word' id='word_1_96' title='bbox 1352 1577 1513 1625; x_wconf 79' lang='lat' dir='ltr'>saepe,</span> <span class='ocrx_word' id='word_1_97' title='bbox 1555 1571 1611 1612; x_wconf 90' lang='lat' dir='ltr'>et</span> 
     </span>
     <span class='ocr_line' id='line_1_17' title="bbox 547 1638 1612 1704; baseline -0.002 -16"><span class='ocrx_word' id='word_1_98' title='bbox 547 1641 854 1704; x_wconf 85' lang='lat' dir='ltr'>plerumque</span> <span class='ocrx_word' id='word_1_99' title='bbox 910 1641 1062 1690; x_wconf 85' lang='lat' dir='ltr'>etiam</span> <span class='ocrx_word' id='word_1_100' title='bbox 1109 1638 1357 1700; x_wconf 60' lang='lat' dir='ltr'>singulis:</span> <span class='ocrx_word' id='word_1_101' title='bbox 1397 1640 1612 1689; x_wconf 88' lang='lat' dir='ltr'>Suetou.</span> 
     </span>
     <span class='ocr_line' id='line_1_18' title="bbox 545 1716 1611 1778; baseline 0 -13"><span class='ocrx_word' id='word_1_102' title='bbox 545 1717 662 1766; x_wconf 87' lang='lat' dir='ltr'>Tib.</span> <span class='ocrx_word' id='word_1_103' title='bbox 693 1717 743 1765; x_wconf 53' lang='lat' dir='ltr'>c}</span> <span class='ocrx_word' id='word_1_104' title='bbox 765 1722 845 1766; x_wconf 83' lang='lat'>29.</span> <span class='ocrx_word' id='word_1_105' title='bbox 878 1723 893 1745; x_wconf 88' lang='lat'><em>‘</em></span> <span class='ocrx_word' id='word_1_106' title='bbox 916 1718 1049 1766; x_wconf 88' lang='lat' dir='ltr'>Nam</span> <span class='ocrx_word' id='word_1_107' title='bbox 1084 1729 1272 1778; x_wconf 70' lang='lat' dir='ltr'>regere,</span> <span class='ocrx_word' id='word_1_108' title='bbox 1290 1717 1412 1763; x_wconf 77' lang='lat' dir='ltr'>&#39;sive</span> <span class='ocrx_word' id='word_1_109' title='bbox 1447 1716 1611 1778; x_wconf 89' lang='lat' dir='ltr'>impe·</span> 
     </span>
     <span class='ocr_line' id='line_1_19' title="bbox 546 1789 1611 1853; baseline -0.002 -12"><span class='ocrx_word' id='word_1_110' title='bbox 546 1808 664 1842; x_wconf 79' lang='lat' dir='ltr'>rare</span> <span class='ocrx_word' id='word_1_111' title='bbox 700 1790 923 1840; x_wconf 83' lang='lat' dir='ltr'>officium</span> <span class='ocrx_word' id='word_1_112' title='bbox 958 1799 1058 1851; x_wconf 88' lang='lat' dir='ltr'>est,</span> <span class='ocrx_word' id='word_1_113' title='bbox 1096 1806 1196 1839; x_wconf 92' lang='lat' dir='ltr'>non</span> <span class='ocrx_word' id='word_1_114' title='bbox 1233 1789 1486 1853; x_wconf 83' lang='lat' dir='ltr'>reguum.&#39;</span> <span class='ocrx_word' id='word_1_115' title='bbox 1517 1793 1611 1840; x_wconf 89' lang='lat' dir='ltr'>Se-</span> 
     </span>
     <span class='ocr_line' id='line_1_20' title="bbox 543 1867 1610 1930; baseline -0.002 -13"><span class='ocrx_word' id='word_1_116' title='bbox 543 1882 657 1917; x_wconf 83' lang='lat' dir='ltr'>nec.</span> <span class='ocrx_word' id='word_1_117' title='bbox 683 1868 848 1930; x_wconf 81' lang='lat' dir='ltr'>Epist.</span> <span class='ocrx_word' id='word_1_118' title='bbox 879 1871 959 1915; x_wconf 79' lang='lat'>91.</span> <span class='ocrx_word' id='word_1_119' title='bbox 1009 1867 1331 1928; x_wconf 81' lang='lat' dir='ltr'>‘Imperium</span> <span class='ocrx_word' id='word_1_120' title='bbox 1370 1876 1450 1915; x_wconf 90' lang='lat' dir='ltr'>est</span> <span class='ocrx_word' id='word_1_121' title='bbox 1485 1882 1610 1915; x_wconf 90' lang='lat' dir='ltr'>cura</span> 
     </span>
     <span class='ocr_line' id='line_1_21' title="bbox 548 1942 1608 2004; baseline 0.002 -16"><span class='ocrx_word' id='word_1_122' title='bbox 548 1942 726 1990; x_wconf 84' lang='lat' dir='ltr'>salutis</span> <span class='ocrx_word' id='word_1_123' title='bbox 760 1943 983 2004; x_wconf 84' lang='lat' dir='ltr'>alienae,&#39;</span> <span class='ocrx_word' id='word_1_124' title='bbox 1011 1942 1265 1991; x_wconf 84' lang='lat' dir='ltr'>Ammian.</span> <span class='ocrx_word' id='word_1_125' title='bbox 1293 1944 1535 1992; x_wconf 84' lang='lat' dir='ltr'><strong>Marcell.</strong></span> <span class='ocrx_word' id='word_1_126' title='bbox 1576 1946 1608 1991; x_wconf 91' lang='grc'><strong>1.</strong></span> 
     </span>
     <span class='ocr_line' id='line_1_22' title="bbox 547 2018 1606 2071; baseline 0.004 -6"><span class='ocrx_word' id='word_1_127' title='bbox 547 2030 717 2066; x_wconf 79' lang='lat' dir='ltr'>xxix.</span> <span class='ocrx_word' id='word_1_128' title='bbox 766 2018 1278 2069; x_wconf 83' lang='lat' dir='ltr'>ld.lib.xxx.etlib.</span> <span class='ocrx_word' id='word_1_129' title='bbox 1305 2034 1444 2071; x_wconf 82' lang='lat' dir='ltr'><strong>xxv.</strong></span> <span class='ocrx_word' id='word_1_130' title='bbox 1483 2023 1498 2047; x_wconf 88' lang='lat'>‘</span> <span class='ocrx_word' id='word_1_131' title='bbox 1529 2021 1606 2069; x_wconf 82' lang='lat' dir='ltr'>Fi·</span> 
     </span>
     <span class='ocr_line' id='line_1_23' title="bbox 545 2089 1607 2157; baseline 0.006 -16"><span class='ocrx_word' id='word_1_132' title='bbox 545 2094 771 2157; x_wconf 85' lang='lat' dir='ltr'>nisjusti</span> <span class='ocrx_word' id='word_1_133' title='bbox 795 2093 996 2157; x_wconf 86' lang='lat' dir='ltr'>imperii</span> <span class='ocrx_word' id='word_1_134' title='bbox 1021 2089 1220 2144; x_wconf 78' lang='lat' dir='ltr'>utilitas</span> <span class='ocrx_word' id='word_1_135' title='bbox 1251 2096 1607 2147; x_wconf 87' lang='lat' dir='ltr'>obedientium</span> 
     </span>
     <span class='ocr_line' id='line_1_24' title="bbox 546 2170 1608 2236; baseline 0.005 -17"><span class='ocrx_word' id='word_1_136' title='bbox 546 2180 601 2220; x_wconf 89' lang='lat' dir='ltr'>et</span> <span class='ocrx_word' id='word_1_137' title='bbox 640 2170 812 2220; x_wconf 83' lang='lat' dir='ltr'>salus.’</span> <span class='ocrx_word' id='word_1_138' title='bbox 862 2172 1003 2221; x_wconf 84' lang='lat' dir='ltr'>Plat.</span> <span class='ocrx_word' id='word_1_139' title='bbox 1041 2174 1129 2222; x_wconf 88' lang='lat' dir='ltr'>lib.</span> <span class='ocrx_word' id='word_1_140' title='bbox 1167 2174 1281 2222; x_wconf 85' lang='lat' dir='ltr'>Pol.</span> <span class='ocrx_word' id='word_1_141' title='bbox 1330 2174 1387 2222; x_wconf 84' lang='lat' dir='ltr'>‘O</span> <span class='ocrx_word' id='word_1_142' title='bbox 1414 2178 1487 2236; x_wconf 68' lang='grc' dir='ltr'>τῷ</span> <span class='ocrx_word' id='word_1_143' title='bbox 1510 2174 1608 2224; x_wconf 76' lang='grc' dir='ltr'><strong><em>ὄντι</em></strong></span> 
     </span>
     <span class='ocr_line' id='line_1_25' title="bbox 544 2247 1607 2314; baseline 0.004 -18"><span class='ocrx_word' id='word_1_144' title='bbox 544 2248 766 2305; x_wconf 78' lang='grc' dir='ltr'>ἆληθινὺς</span> <span class='ocrx_word' id='word_1_145' title='bbox 788 2248 967 2311; x_wconf 72' lang='grc' dir='ltr'><em>ἄρχων,</em></span> <span class='ocrx_word' id='word_1_146' title='bbox 987 2249 1042 2298; x_wconf 79' lang='grc' dir='ltr'>οὐ</span> <span class='ocrx_word' id='word_1_147' title='bbox 1063 2247 1242 2312; x_wconf 72' lang='grc' dir='ltr'>πέφυκε</span> <span class='ocrx_word' id='word_1_148' title='bbox 1263 2251 1323 2299; x_wconf 70' lang='grc' dir='ltr'>τὸ</span> <span class='ocrx_word' id='word_1_149' title='bbox 1345 2251 1471 2314; x_wconf 73' lang='grc' dir='ltr'>αὐτῷ</span> <span class='ocrx_word' id='word_1_150' title='bbox 1490 2269 1607 2311; x_wconf 86' lang='grc' dir='ltr'><strong><em>συμ-</em></strong></span> 
     </span>
     <span class='ocr_line' id='line_1_26' title="bbox 544 2322 1610 2390; baseline 0.005 -19"><span class='ocrx_word' id='word_1_151' title='bbox 544 2322 688 2390; x_wconf 61' lang='grc' dir='ltr'><strong><em>φέρον</em></strong></span> <span class='ocrx_word' id='word_1_152' title='bbox 713 2327 1008 2388; x_wconf 69' lang='grc' dir='ltr'><strong><em>σκοπεῖσθαι,</em></strong></span> <span class='ocrx_word' id='word_1_153' title='bbox 1030 2325 1159 2376; x_wconf 81' lang='grc' dir='ltr'>ἀλλὰ</span> <span class='ocrx_word' id='word_1_154' title='bbox 1176 2325 1235 2374; x_wconf 76' lang='grc' dir='ltr'>τὸ</span> <span class='ocrx_word' id='word_1_155' title='bbox 1255 2327 1325 2388; x_wconf 76' lang='grc' dir='ltr'>τῷ</span> <span class='ocrx_word' id='word_1_156' title='bbox 1346 2327 1610 2389; x_wconf 76' lang='grc' dir='ltr'><strong>ἀρχομένῳ.</strong></span> 
     </span>
     <span class='ocr_line' id='line_1_27' title="bbox 543 2400 1606 2466; baseline 0.004 -17"><span class='ocrx_word' id='word_1_157' title='bbox 543 2400 778 2457; x_wconf 76' lang='lat' dir='ltr'>Justitia,</span> <span class='ocrx_word' id='word_1_158' title='bbox 804 2419 956 2466; x_wconf 87' lang='lat' dir='ltr'>quatu</span> <span class='ocrx_word' id='word_1_159' title='bbox 975 2404 1300 2453; x_wconf 78' lang='lat' dir='ltr'>administrat</span> <span class='ocrx_word' id='word_1_160' title='bbox 1326 2420 1436 2460; x_wconf 75' lang='lat' dir='ltr'>rex,</span> <span class='ocrx_word' id='word_1_161' title='bbox 1460 2405 1606 2455; x_wconf 74' lang='grc' dir='ltr'><strong>ἄλλό·</strong></span> 
     </span>
     <span class='ocr_line' id='line_1_28' title="bbox 541 2478 1606 2541; baseline 0.009 -18"><span class='ocrx_word' id='word_1_162' title='bbox 541 2494 673 2537; x_wconf 80' lang='grc' dir='ltr'>τριον</span> <span class='ocrx_word' id='word_1_163' title='bbox 711 2478 891 2538; x_wconf 75' lang='grc' dir='ltr'>ἀγαθὸν</span> <span class='ocrx_word' id='word_1_164' title='bbox 924 2482 992 2541; x_wconf 73' lang='grc' dir='ltr'>τῷ</span> <span class='ocrx_word' id='word_1_165' title='bbox 1027 2479 1143 2529; x_wconf 75' lang='grc' dir='ltr'><strong>ὄντα.</strong></span> <span class='ocrx_word' id='word_1_166' title='bbox 1214 2480 1360 2528; x_wconf 84' lang='lat' dir='ltr'>Idem</span> <span class='ocrx_word' id='word_1_167' title='bbox 1402 2482 1514 2530; x_wconf 82' lang='lat' dir='ltr'>Pol.</span> <span class='ocrx_word' id='word_1_168' title='bbox 1554 2497 1606 2534; x_wconf 82' lang='lat' dir='ltr'>V.</span> 
     </span>
     <span class='ocr_line' id='line_1_29' title="bbox 542 2554 1607 2607; baseline 0.005 -7"><span class='ocrx_word' id='word_1_169' title='bbox 542 2554 705 2600; x_wconf 89' lang='lat' dir='ltr'>Plura</span> <span class='ocrx_word' id='word_1_170' title='bbox 748 2557 800 2602; x_wconf 91' lang='lat' dir='ltr'>in</span> <span class='ocrx_word' id='word_1_171' title='bbox 839 2555 968 2603; x_wconf 84' lang='lat' dir='ltr'>lianc</span> <span class='ocrx_word' id='word_1_172' title='bbox 1010 2570 1115 2603; x_wconf 89' lang='lat' dir='ltr'>rem</span> <span class='ocrx_word' id='word_1_173' title='bbox 1158 2554 1268 2604; x_wconf 86' lang='lat' dir='ltr'>Cic.</span> <span class='ocrx_word' id='word_1_174' title='bbox 1310 2554 1416 2604; x_wconf 87' lang='lat' dir='ltr'>Off.</span> <span class='ocrx_word' id='word_1_175' title='bbox 1454 2559 1541 2607; x_wconf 85' lang='lat' dir='ltr'>lib.</span> <span class='ocrx_word' id='word_1_176' title='bbox 1570 2572 1607 2606; x_wconf 84' lang='lat'>1.</span> 
     </span>
     <span class='ocr_line' id='line_1_30' title="bbox 541 2630 1609 2691; baseline 0.008 -17"><span class='ocrx_word' id='word_1_177' title='bbox 541 2630 724 2675; x_wconf 82' lang='lat' dir='ltr'>Seuec.</span> <span class='ocrx_word' id='word_1_178' title='bbox 761 2643 798 2676; x_wconf 90' lang='lat'>1.</span> <span class='ocrx_word' id='word_1_179' title='bbox 837 2630 1000 2677; x_wconf 86' lang='lat' dir='ltr'>Clem.</span> <span class='ocrx_word' id='word_1_180' title='bbox 1027 2632 1167 2691; x_wconf 87' lang='lat' dir='ltr'>Lips.</span> <span class='ocrx_word' id='word_1_181' title='bbox 1194 2632 1244 2679; x_wconf 94' lang='lat' dir='ltr'>in</span> <span class='ocrx_word' id='word_1_182' title='bbox 1284 2631 1467 2680; x_wconf 86' lang='lat' dir='ltr'>Monit.</span> <span class='ocrx_word' id='word_1_183' title='bbox 1493 2635 1609 2683; x_wconf 84' lang='lat' dir='ltr'>I’ol.</span> 
     </span>
     <span class='ocr_line' id='line_1_31' title="bbox 541 2705 1607 2761; baseline 0.008 -9"><span class='ocrx_word' id='word_1_184' title='bbox 541 2717 605 2752; x_wconf 81' lang='lat' dir='ltr'>lt.</span> <span class='ocrx_word' id='word_1_185' title='bbox 628 2709 675 2752; x_wconf 88' lang='grc'>7.</span> <span class='ocrx_word' id='word_1_186' title='bbox 705 2705 852 2752; x_wconf 84' lang='lat' dir='ltr'><strong>Adde</strong></span> <span class='ocrx_word' id='word_1_187' title='bbox 879 2714 1050 2754; x_wconf 84' lang='lat' dir='ltr'>tamen</span> <span class='ocrx_word' id='word_1_188' title='bbox 1072 2706 1291 2755; x_wconf 82' lang='lat' dir='ltr'>Aristot.</span> <span class='ocrx_word' id='word_1_189' title='bbox 1319 2710 1490 2759; x_wconf 81' lang='lat' dir='ltr'>Etliic.</span> <span class='ocrx_word' id='word_1_190' title='bbox 1517 2711 1607 2761; x_wconf 85' lang='lat' dir='ltr'>lib.</span> 
     </span>
     <span class='ocr_line' id='line_1_32' title="bbox 541 2782 1607 2846; baseline 0.008 -18"><span class='ocrx_word' id='word_1_191' title='bbox 541 2794 647 2828; x_wconf 80' lang='lat' dir='ltr'>vii.</span> <span class='ocrx_word' id='word_1_192' title='bbox 670 2790 723 2830; x_wconf 89' lang='lat' dir='ltr'>et</span> <span class='ocrx_word' id='word_1_193' title='bbox 743 2782 984 2846; x_wconf 77' lang='lat' dir='ltr'>Xeuopli.</span> <span class='ocrx_word' id='word_1_194' title='bbox 1008 2785 1070 2831; x_wconf 88' lang='lat' dir='ltr'>de</span> <span class='ocrx_word' id='word_1_195' title='bbox 1100 2786 1239 2832; x_wconf 88' lang='lat' dir='ltr'>Dict.</span> <span class='ocrx_word' id='word_1_196' title='bbox 1262 2793 1316 2834; x_wconf 89' lang='lat' dir='ltr'>et</span> <span class='ocrx_word' id='word_1_197' title='bbox 1340 2787 1489 2835; x_wconf 84' lang='lat' dir='ltr'>Fact.</span> <span class='ocrx_word' id='word_1_198' title='bbox 1516 2788 1607 2838; x_wconf 88' lang='lat' dir='ltr'>lib.</span> 
     </span>
     <span class='ocr_line' id='line_1_33' title="bbox 542 2858 807 2907; baseline 0.011 -4"><span class='ocrx_word' id='word_1_199' title='bbox 542 2870 620 2904; x_wconf 78' lang='lat' dir='ltr'>tv.</span> <span class='ocrx_word' id='word_1_200' title='bbox 655 2858 807 2907; x_wconf 83' lang='lat' dir='ltr'>Bern.</span> 
     </span>
    </p>

    <p class='ocr_par' dir='ltr' id='par_1_5' title="bbox 532 2936 1606 4228">
     <span class='ocr_line' id='line_1_34' title="bbox 608 2936 1606 3003; baseline 0.006 -21"><span class='ocrx_word' id='word_1_201' title='bbox 608 2936 690 2983; x_wconf 76' lang='lat' dir='ltr'>Ex</span> <span class='ocrx_word' id='word_1_202' title='bbox 726 2936 937 2986; x_wconf 74' lang='lat' dir='ltr'>utilitate</span> <span class='ocrx_word' id='word_1_203' title='bbox 971 2938 1173 2986; x_wconf 81' lang='lat' dir='ltr'>omnium</span> <span class='ocrx_word' id='word_1_204' title='bbox 1208 2938 1419 3003; x_wconf 76' lang='lat' dir='ltr'>rexeris]</span> <span class='ocrx_word' id='word_1_205' title='bbox 1465 2939 1606 2989; x_wconf 81' lang='lat' dir='ltr'>Mira</span> 
     </span>
     <span class='ocr_line' id='line_1_35' title="bbox 542 3012 1605 3079; baseline 0.008 -21"><span class='ocrx_word' id='word_1_206' title='bbox 542 3012 830 3073; x_wconf 72' lang='lat' dir='ltr'>pertinacia</span> <span class='ocrx_word' id='word_1_207' title='bbox 868 3028 1044 3062; x_wconf 88' lang='lat' dir='ltr'>omues</span> <span class='ocrx_word' id='word_1_208' title='bbox 1079 3016 1289 3063; x_wconf 82' lang='lat' dir='ltr'>codices</span> <span class='ocrx_word' id='word_1_209' title='bbox 1327 3017 1454 3064; x_wconf 84' lang='lat' dir='ltr'>Mss.</span> <span class='ocrx_word' id='word_1_210' title='bbox 1476 3032 1605 3079; x_wconf 86' lang='lat' dir='ltr'>quos</span> 
     </span>
     <span class='ocr_line' id='line_1_36' title="bbox 541 3090 1605 3158; baseline 0.006 -22"><span class='ocrx_word' id='word_1_211' title='bbox 541 3090 1605 3158; x_wconf 80' lang='lat' dir='ltr'>contuli,omittuutverbumrexeris,qtmd</span> 
     </span>
     <span class='ocr_line' id='line_1_37' title="bbox 543 3167 1604 3219; baseline 0.005 -5"><span class='ocrx_word' id='word_1_212' title='bbox 543 3174 716 3215; x_wconf 88' lang='lat' dir='ltr'>tamen</span> <span class='ocrx_word' id='word_1_213' title='bbox 752 3167 813 3216; x_wconf 88' lang='lat' dir='ltr'>ad</span> <span class='ocrx_word' id='word_1_214' title='bbox 841 3170 1150 3217; x_wconf 73' lang='lat' dir='ltr'>sententiam</span> <span class='ocrx_word' id='word_1_215' title='bbox 1177 3169 1333 3218; x_wconf 84' lang='lat' dir='ltr'>Plinii</span> <span class='ocrx_word' id='word_1_216' title='bbox 1366 3184 1604 3219; x_wconf 83' lang='lat' dir='ltr'>necessa·</span> 
     </span>
     <span class='ocr_line' id='line_1_38' title="bbox 539 3244 1602 3309; baseline 0.006 -19"><span class='ocrx_word' id='word_1_217' title='bbox 539 3244 668 3291; x_wconf 87' lang='lat' dir='ltr'>rium</span> <span class='ocrx_word' id='word_1_218' title='bbox 707 3251 805 3305; x_wconf 88' lang='lat' dir='ltr'>est,</span> <span class='ocrx_word' id='word_1_219' title='bbox 851 3253 906 3294; x_wconf 88' lang='lat' dir='ltr'>et</span> <span class='ocrx_word' id='word_1_220' title='bbox 950 3245 1086 3309; x_wconf 89' lang='lat' dir='ltr'>quod</span> <span class='ocrx_word' id='word_1_221' title='bbox 1132 3247 1403 3309; x_wconf 70' lang='lat' dir='ltr'>sequentia</span> <span class='ocrx_word' id='word_1_222' title='bbox 1450 3248 1602 3296; x_wconf 83' lang='lat' dir='ltr'>Plinii</span> 
     </span>
     <span class='ocr_line' id='line_1_39' title="bbox 541 3319 1604 3383; baseline 0.009 -21"><span class='ocrx_word' id='word_1_223' title='bbox 541 3319 696 3365; x_wconf 77' lang='lat' dir='ltr'>verba</span> <span class='ocrx_word' id='word_1_224' title='bbox 739 3320 1081 3379; x_wconf 83' lang='lat' dir='ltr'>confit·maut;</span> <span class='ocrx_word' id='word_1_225' title='bbox 1140 3337 1187 3371; x_wconf 88' lang='lat' dir='ltr'>v.</span> <span class='ocrx_word' id='word_1_226' title='bbox 1230 3337 1278 3383; x_wconf 75' lang='lat' dir='ltr'>g.</span> <span class='ocrx_word' id='word_1_227' title='bbox 1313 3335 1518 3371; x_wconf 74' lang='lat' dir='ltr'>vattl.</span> <span class='ocrx_word' id='word_1_228' title='bbox 1557 3328 1604 3372; x_wconf 86' lang='grc'><strong>1.</strong></span> 
     </span>
     <span class='ocr_line' id='line_1_40' title="bbox 542 3394 1603 3459; baseline 0.008 -20"><span class='ocrx_word' id='word_1_229' title='bbox 542 3400 556 3419; x_wconf 82' lang='lat'><em>‘</em></span> <span class='ocrx_word' id='word_1_230' title='bbox 578 3394 703 3442; x_wconf 88' lang='lat' dir='ltr'>Cum</span> <span class='ocrx_word' id='word_1_231' title='bbox 732 3397 981 3459; x_wconf 78' lang='lat' dir='ltr'>excipias,</span> <span class='ocrx_word' id='word_1_232' title='bbox 1003 3408 1058 3446; x_wconf 89' lang='lat' dir='ltr'>ut</span> <span class='ocrx_word' id='word_1_233' title='bbox 1084 3400 1155 3446; x_wconf 87' lang='lat' dir='ltr'>ita</span> <span class='ocrx_word' id='word_1_234' title='bbox 1179 3397 1380 3446; x_wconf 82' lang='lat' dir='ltr'>denium</span> <span class='ocrx_word' id='word_1_235' title='bbox 1420 3407 1473 3448; x_wconf 88' lang='lat' dir='ltr'>te</span> <span class='ocrx_word' id='word_1_236' title='bbox 1513 3400 1603 3448; x_wconf 82' lang='lat' dir='ltr'>Dii</span> 
     </span>
     <span class='ocr_line' id='line_1_41' title="bbox 535 3472 1602 3536; baseline 0.008 -23"><span class='ocrx_word' id='word_1_237' title='bbox 535 3478 762 3524; x_wconf 81' lang='lat' dir='ltr'>servent,</span> <span class='ocrx_word' id='word_1_238' title='bbox 796 3473 837 3518; x_wconf 89' lang='lat' dir='ltr'>si</span> <span class='ocrx_word' id='word_1_239' title='bbox 881 3473 1012 3519; x_wconf 88' lang='lat' dir='ltr'>bene</span> <span class='ocrx_word' id='word_1_240' title='bbox 1044 3472 1435 3536; x_wconf 81' lang='lat' dir='ltr'>rempublicam,</span> <span class='ocrx_word' id='word_1_241' title='bbox 1458 3480 1512 3521; x_wconf 89' lang='lat' dir='ltr'>et</span> <span class='ocrx_word' id='word_1_242' title='bbox 1537 3488 1602 3522; x_wconf 87' lang='lat' dir='ltr'>ex</span> 
     </span>
     <span class='ocr_line' id='line_1_42' title="bbox 537 3543 1602 3602; baseline 0.008 -12"><span class='ocrx_word' id='word_1_243' title='bbox 537 3543 763 3592; x_wconf 88' lang='lat' dir='ltr'>utilitate</span> <span class='ocrx_word' id='word_1_244' title='bbox 794 3548 1037 3602; x_wconf 87' lang='lat' dir='ltr'>omnium,</span> <span class='ocrx_word' id='word_1_245' title='bbox 1073 3548 1302 3597; x_wconf 64' lang='lat' dir='ltr'>rexeris!</span> <span class='ocrx_word' id='word_1_246' title='bbox 1355 3550 1424 3598; x_wconf 86' lang='lat' dir='ltr'>Et</span> <span class='ocrx_word' id='word_1_247' title='bbox 1451 3564 1602 3599; x_wconf 83' lang='lat' dir='ltr'>xciv.</span> 
     </span>
     <span class='ocr_line' id='line_1_43' title="bbox 535 3622 1602 3686; baseline 0.009 -18"><span class='ocrx_word' id='word_1_248' title='bbox 535 3624 586 3668; x_wconf 85' lang='lat'>5.</span> <span class='ocrx_word' id='word_1_249' title='bbox 637 3622 652 3647; x_wconf 92' lang='lat'>‘</span> <span class='ocrx_word' id='word_1_250' title='bbox 675 3624 792 3672; x_wconf 83' lang='lat' dir='ltr'>Quo</span> <span class='ocrx_word' id='word_1_251' title='bbox 823 3625 1021 3686; x_wconf 87' lang='lat' dir='ltr'>majore</span> <span class='ocrx_word' id='word_1_252' title='bbox 1057 3624 1262 3684; x_wconf 87' lang='lat' dir='ltr'>fiducia,</span> <span class='ocrx_word' id='word_1_253' title='bbox 1295 3627 1476 3676; x_wconf 85' lang='lat' dir='ltr'>iisdem</span> <span class='ocrx_word' id='word_1_254' title='bbox 1504 3631 1602 3678; x_wconf 87' lang='lat' dir='ltr'>illis</span> 
     </span>
     <span class='ocr_line' id='line_1_44' title="bbox 535 3698 1599 3769; baseline 0.008 -24"><span class='ocrx_word' id='word_1_255' title='bbox 535 3698 692 3759; x_wconf 82' lang='lat' dir='ltr'>votis,</span> <span class='ocrx_word' id='word_1_256' title='bbox 717 3713 830 3762; x_wconf 80' lang='lat' dir='ltr'>quae</span> <span class='ocrx_word' id='word_1_257' title='bbox 866 3701 974 3760; x_wconf 78' lang='lat' dir='ltr'>ipse</span> <span class='ocrx_word' id='word_1_258' title='bbox 1014 3717 1104 3764; x_wconf 89' lang='lat' dir='ltr'>pro</span> <span class='ocrx_word' id='word_1_259' title='bbox 1130 3717 1186 3751; x_wconf 90' lang='lat' dir='ltr'>se</span> <span class='ocrx_word' id='word_1_260' title='bbox 1213 3706 1599 3769; x_wconf 84' lang='lat' dir='ltr'>nuncupariju-</span> 
     </span>
     <span class='ocr_line' id='line_1_45' title="bbox 533 3774 1600 3844; baseline 0.006 -20"><span class='ocrx_word' id='word_1_261' title='bbox 533 3774 642 3836; x_wconf 85' lang='lat' dir='ltr'>bet,</span> <span class='ocrx_word' id='word_1_262' title='bbox 665 3790 753 3824; x_wconf 92' lang='lat' dir='ltr'>oro</span> <span class='ocrx_word' id='word_1_263' title='bbox 777 3783 831 3824; x_wconf 89' lang='lat' dir='ltr'>et</span> <span class='ocrx_word' id='word_1_264' title='bbox 854 3776 1107 3840; x_wconf 87' lang='lat' dir='ltr'>obtestor,</span> <span class='ocrx_word' id='word_1_265' title='bbox 1130 3779 1174 3826; x_wconf 89' lang='lat' dir='ltr'>si</span> <span class='ocrx_word' id='word_1_266' title='bbox 1203 3778 1333 3828; x_wconf 88' lang='lat' dir='ltr'>bene</span> <span class='ocrx_word' id='word_1_267' title='bbox 1360 3782 1600 3844; x_wconf 87' lang='lat' dir='ltr'>rempub·</span> 
     </span>
     <span class='ocr_line' id='line_1_46' title="bbox 535 3852 1601 3919; baseline 0.006 -19"><span class='ocrx_word' id='word_1_268' title='bbox 535 3852 707 3914; x_wconf 84' lang='lat' dir='ltr'>licam,</span> <span class='ocrx_word' id='word_1_269' title='bbox 732 3853 771 3900; x_wconf 79' lang='lat' dir='ltr'>si</span> <span class='ocrx_word' id='word_1_270' title='bbox 807 3867 871 3901; x_wconf 84' lang='lat' dir='ltr'>ex</span> <span class='ocrx_word' id='word_1_271' title='bbox 908 3852 1131 3902; x_wconf 85' lang='lat' dir='ltr'>utilitate</span> <span class='ocrx_word' id='word_1_272' title='bbox 1155 3855 1399 3910; x_wconf 81' lang='lat' dir='ltr'>oninium,</span> <span class='ocrx_word' id='word_1_273' title='bbox 1422 3857 1601 3919; x_wconf 79' lang='lat' dir='ltr'>regit,&#39;</span> 
     </span>
     <span class='ocr_line' id='line_1_47' title="bbox 535 3929 1599 3982; baseline 0.003 -3"><span class='ocrx_word' id='word_1_274' title='bbox 535 3932 646 3979; x_wconf 62' lang='lat' dir='ltr'>&amp;ci</span> <span class='ocrx_word' id='word_1_275' title='bbox 705 3929 842 3979; x_wconf 81' lang='lat' dir='ltr'>Libri</span> <span class='ocrx_word' id='word_1_276' title='bbox 868 3930 1045 3978; x_wconf 85' lang='lat' dir='ltr'>excusi</span> <span class='ocrx_word' id='word_1_277' title='bbox 1068 3945 1247 3979; x_wconf 86' lang='lat' dir='ltr'>omues</span> <span class='ocrx_word' id='word_1_278' title='bbox 1272 3933 1437 3980; x_wconf 85' lang='lat' dir='ltr'>locum</span> <span class='ocrx_word' id='word_1_279' title='bbox 1461 3933 1599 3982; x_wconf 89' lang='lat' dir='ltr'>bunc</span> 
     </span>
     <span class='ocr_line' id='line_1_48' title="bbox 536 4004 1596 4069; baseline 0.007 -17"><span class='ocrx_word' id='word_1_280' title='bbox 536 4004 770 4055; x_wconf 82' lang='lat' dir='ltr'>referunt</span> <span class='ocrx_word' id='word_1_281' title='bbox 794 4008 1066 4069; x_wconf 86' lang='lat' dir='ltr'>integrum.</span> <span class='ocrx_word' id='word_1_282' title='bbox 1112 4008 1247 4058; x_wconf 86' lang='lat' dir='ltr'>Quid</span> <span class='ocrx_word' id='word_1_283' title='bbox 1273 4010 1596 4059; x_wconf 73' lang='lat' dir='ltr'>occasionem</span> 
     </span>
     <span class='ocr_line' id='line_1_49' title="bbox 536 4080 1598 4136; baseline 0.005 -5"><span class='ocrx_word' id='word_1_284' title='bbox 536 4080 738 4132; x_wconf 81' lang='lat' dir='ltr'>dederit</span> <span class='ocrx_word' id='word_1_285' title='bbox 762 4084 917 4132; x_wconf 84' lang='lat' dir='ltr'>verbo</span> <span class='ocrx_word' id='word_1_286' title='bbox 939 4085 1124 4135; x_wconf 63' lang='lat' dir='ltr'>recretis</span> <span class='ocrx_word' id='word_1_287' title='bbox 1144 4086 1195 4132; x_wconf 91' lang='lat' dir='ltr'>in</span> <span class='ocrx_word' id='word_1_288' title='bbox 1217 4085 1434 4134; x_wconf 85' lang='lat' dir='ltr'>residuis</span> <span class='ocrx_word' id='word_1_289' title='bbox 1459 4087 1598 4136; x_wconf 85' lang='lat' dir='ltr'>codi-</span> 
     </span>
     <span class='ocr_line' id='line_1_50' title="bbox 532 4154 1601 4228; baseline 0.004 -19"><span class='ocrx_word' id='word_1_290' title='bbox 532 4154 678 4209; x_wconf 79' lang='lat' dir='ltr'>cibus</span> <span class='ocrx_word' id='word_1_291' title='bbox 691 4159 1078 4224; x_wconf 85' lang='lat' dir='ltr'>supprimendo,</span> <span class='ocrx_word' id='word_1_292' title='bbox 1091 4159 1350 4225; x_wconf 83' lang='lat' dir='ltr'>dispicere</span> <span class='ocrx_word' id='word_1_293' title='bbox 1366 4176 1464 4212; x_wconf 91' lang='lat' dir='ltr'>non</span> <span class='ocrx_word' id='word_1_294' title='bbox 1485 4178 1601 4228; x_wconf 90' lang='lat' dir='ltr'>pos·</span> 
     </span>
    </p>
   </div>
   <div class='ocr_carea' id='block_1_3' title="bbox 1242 350 2049 401">
    <p class='ocr_par' dir='ltr' id='par_1_6' title="bbox 1242 350 2049 401">
     <span class='ocr_line' id='line_1_51' title="bbox 1242 350 2049 401; baseline 0.002 -4"><span class='ocrx_word' id='word_1_295' title='bbox 1242 350 1456 397; x_wconf 74' lang='lat' dir='ltr'>NOTAE</span> <span class='ocrx_word' id='word_1_296' title='bbox 1510 350 1917 401; x_wconf 76' lang='lat' dir='ltr'>VARIORUM</span> <span class='ocrx_word' id='word_1_297' title='bbox 1968 352 2049 400; x_wconf 71' lang='lat' dir='ltr'>m</span> 
     </span>
    </p>
   </div>
   <div class='ocr_carea' id='block_1_4' title="bbox 1672 494 2767 4234">
    <p class='ocr_par' dir='ltr' id='par_1_7' title="bbox 1684 494 2767 1386">
     <span class='ocr_line' id='line_1_52' title="bbox 1693 494 2765 558; baseline 0.004 -15"><span class='ocrx_word' id='word_1_298' title='bbox 1693 509 1823 558; x_wconf 87' lang='lat' dir='ltr'>sum,</span> <span class='ocrx_word' id='word_1_299' title='bbox 1848 496 1945 545; x_wconf 89' lang='lat' dir='ltr'>nisi</span> <span class='ocrx_word' id='word_1_300' title='bbox 1970 494 2106 558; x_wconf 86' lang='lat' dir='ltr'>quod</span> <span class='ocrx_word' id='word_1_301' title='bbox 2131 494 2386 558; x_wconf 87' lang='lat' dir='ltr'>suspicor,</span> <span class='ocrx_word' id='word_1_302' title='bbox 2416 496 2467 544; x_wconf 91' lang='lat' dir='ltr'>in</span> <span class='ocrx_word' id='word_1_303' title='bbox 2491 495 2765 547; x_wconf 73' lang='lat' dir='ltr'>codicibus</span> 
     </span>
     <span class='ocr_line' id='line_1_53' title="bbox 1694 570 2760 633; baseline 0.004 -14"><span class='ocrx_word' id='word_1_304' title='bbox 1694 572 1869 633; x_wconf 88' lang='lat' dir='ltr'>primis</span> <span class='ocrx_word' id='word_1_305' title='bbox 1913 572 2167 633; x_wconf 82' lang='lat' dir='ltr'>integram</span> <span class='ocrx_word' id='word_1_306' title='bbox 2217 570 2487 621; x_wconf 82' lang='lat' dir='ltr'>formulam</span> <span class='ocrx_word' id='word_1_307' title='bbox 2543 574 2760 623; x_wconf 76' lang='lat' dir='ltr'>istorum</span> 
     </span>
     <span class='ocr_line' id='line_1_54' title="bbox 1694 649 2760 712; baseline 0.004 -17"><span class='ocrx_word' id='word_1_308' title='bbox 1694 657 1944 706; x_wconf 86' lang='lat' dir='ltr'>votorum,</span> <span class='ocrx_word' id='word_1_309' title='bbox 1967 664 2081 712; x_wconf 79' lang='lat' dir='ltr'>quae</span> <span class='ocrx_word' id='word_1_310' title='bbox 2106 649 2365 711; x_wconf 79' lang='lat' dir='ltr'>Trajanus</span> <span class='ocrx_word' id='word_1_311' title='bbox 2397 665 2492 712; x_wconf 88' lang='lat' dir='ltr'>pro</span> <span class='ocrx_word' id='word_1_312' title='bbox 2524 652 2760 712; x_wconf 86' lang='lat' dir='ltr'>imperio,</span> 
     </span>
     <span class='ocr_line' id='line_1_55' title="bbox 1693 723 2757 788; baseline -0.002 -14"><span class='ocrx_word' id='word_1_313' title='bbox 1693 735 1746 774; x_wconf 91' lang='lat' dir='ltr'>et</span> <span class='ocrx_word' id='word_1_314' title='bbox 1771 741 1863 788; x_wconf 91' lang='lat' dir='ltr'>pro</span> <span class='ocrx_word' id='word_1_315' title='bbox 1887 740 1964 781; x_wconf 86' lang='lat' dir='ltr'>se,</span> <span class='ocrx_word' id='word_1_316' title='bbox 1985 726 2192 787; x_wconf 88' lang='lat' dir='ltr'>publice</span> <span class='ocrx_word' id='word_1_317' title='bbox 2216 723 2328 774; x_wconf 88' lang='lat' dir='ltr'>fieri</span> <span class='ocrx_word' id='word_1_318' title='bbox 2356 727 2599 783; x_wconf 77' lang='lat' dir='ltr'>voluerit,</span> <span class='ocrx_word' id='word_1_319' title='bbox 2627 727 2757 775; x_wconf 77' lang='lat' dir='ltr'>exti-</span> 
     </span>
     <span class='ocr_line' id='line_1_56' title="bbox 1693 802 2755 866; baseline 0.001 -16"><span class='ocrx_word' id='word_1_320' title='bbox 1693 803 1849 863; x_wconf 78' lang='lat' dir='ltr'>tisse3</span> <span class='ocrx_word' id='word_1_321' title='bbox 1886 802 1975 850; x_wconf 87' lang='lat' dir='ltr'>sed</span> <span class='ocrx_word' id='word_1_322' title='bbox 2003 802 2069 850; x_wconf 87' lang='lat' dir='ltr'>ab</span> <span class='ocrx_word' id='word_1_323' title='bbox 2094 803 2273 862; x_wconf 83' lang='lat' dir='ltr'>inepto</span> <span class='ocrx_word' id='word_1_324' title='bbox 2297 802 2516 866; x_wconf 84' lang='lat' dir='ltr'>quodam</span> <span class='ocrx_word' id='word_1_325' title='bbox 2547 803 2755 851; x_wconf 82' lang='lat' dir='ltr'>librario</span> 
     </span>
     <span class='ocr_line' id='line_1_57' title="bbox 1684 879 2753 942; baseline 0.002 -16"><span class='ocrx_word' id='word_1_326' title='bbox 1684 879 1794 941; x_wconf 83' lang='lat' dir='ltr'>jam</span> <span class='ocrx_word' id='word_1_327' title='bbox 1842 880 2069 942; x_wconf 74' lang='lat' dir='ltr'>antiquis</span> <span class='ocrx_word' id='word_1_328' title='bbox 2103 880 2425 939; x_wconf 79' lang='lat' dir='ltr'>temporibus</span> <span class='ocrx_word' id='word_1_329' title='bbox 2463 881 2753 928; x_wconf 82' lang='lat' dir='ltr'>mutilatam</span> 
     </span>
     <span class='ocr_line' id='line_1_58' title="bbox 1691 953 2757 1020; baseline 0.003 -18"><span class='ocrx_word' id='word_1_330' title='bbox 1691 954 1863 1008; x_wconf 83' lang='lat' dir='ltr'>fuisse,</span> <span class='ocrx_word' id='word_1_331' title='bbox 1888 953 2122 1017; x_wconf 80' lang='lat' dir='ltr'>adeoque</span> <span class='ocrx_word' id='word_1_332' title='bbox 2147 969 2324 1003; x_wconf 75' lang='lat' dir='ltr'>onines</span> <span class='ocrx_word' id='word_1_333' title='bbox 2340 956 2650 1020; x_wconf 68' lang='lat' dir='ltr'>superstites</span> <span class='ocrx_word' id='word_1_334' title='bbox 2667 970 2757 1004; x_wconf 89' lang='lat' dir='ltr'>co—</span> 
     </span>
     <span class='ocr_line' id='line_1_59' title="bbox 1691 1029 2755 1094; baseline 0.004 -17"><span class='ocrx_word' id='word_1_335' title='bbox 1691 1029 1836 1078; x_wconf 84' lang='lat' dir='ltr'>dices</span> <span class='ocrx_word' id='word_1_336' title='bbox 1870 1031 2000 1078; x_wconf 85' lang='lat' dir='ltr'>Mss.</span> <span class='ocrx_word' id='word_1_337' title='bbox 2034 1031 2125 1093; x_wconf 89' lang='lat' dir='ltr'>qui</span> <span class='ocrx_word' id='word_1_338' title='bbox 2158 1030 2280 1080; x_wconf 79' lang='lat' dir='ltr'>milii</span> <span class='ocrx_word' id='word_1_339' title='bbox 2316 1031 2583 1094; x_wconf 78' lang='lat' dir='ltr'>hucusque</span> <span class='ocrx_word' id='word_1_340' title='bbox 2611 1033 2755 1081; x_wconf 85' lang='lat' dir='ltr'>inno·</span> 
     </span>
     <span class='ocr_line' id='line_1_60' title="bbox 1690 1106 2757 1162; baseline 0 -6"><span class='ocrx_word' id='word_1_341' title='bbox 1690 1114 1920 1162; x_wconf 85' lang='lat' dir='ltr'>tuerunt,</span> <span class='ocrx_word' id='word_1_342' title='bbox 1965 1121 2030 1155; x_wconf 82' lang='lat' dir='ltr'>ex</span> <span class='ocrx_word' id='word_1_343' title='bbox 2087 1106 2377 1156; x_wconf 87' lang='lat' dir='ltr'>istiusmodi</span> <span class='ocrx_word' id='word_1_344' title='bbox 2420 1108 2659 1156; x_wconf 86' lang='lat' dir='ltr'>mutilato</span> <span class='ocrx_word' id='word_1_345' title='bbox 2702 1115 2757 1156; x_wconf 85' lang='lat' dir='ltr'>et</span> 
     </span>
     <span class='ocr_line' id='line_1_61' title="bbox 1689 1183 2767 1245; baseline 0.003 -14"><span class='ocrx_word' id='word_1_346' title='bbox 1689 1197 1871 1232; x_wconf 89' lang='lat' dir='ltr'>manco</span> <span class='ocrx_word' id='word_1_347' title='bbox 1904 1183 2188 1245; x_wconf 83' lang='lat' dir='ltr'>exemplari</span> <span class='ocrx_word' id='word_1_348' title='bbox 2220 1183 2411 1231; x_wconf 85' lang='lat' dir='ltr'>sensim</span> <span class='ocrx_word' id='word_1_349' title='bbox 2448 1183 2767 1242; x_wconf 69' lang='lat' dir='ltr'>dimanasse,</span> 
     </span>
     <span class='ocr_line' id='line_1_62' title="bbox 1690 1256 2753 1322; baseline 0.002 -15"><span class='ocrx_word' id='word_1_350' title='bbox 1690 1266 1745 1307; x_wconf 86' lang='lat' dir='ltr'>et</span> <span class='ocrx_word' id='word_1_351' title='bbox 1770 1260 1898 1308; x_wconf 89' lang='lat' dir='ltr'>alios</span> <span class='ocrx_word' id='word_1_352' title='bbox 1920 1259 2032 1308; x_wconf 90' lang='lat' dir='ltr'>aliis</span> <span class='ocrx_word' id='word_1_353' title='bbox 2067 1259 2421 1322; x_wconf 87' lang='lat' dir='ltr'>corruptiores</span> <span class='ocrx_word' id='word_1_354' title='bbox 2453 1256 2753 1309; x_wconf 78' lang='lat' dir='ltr'>efformatus</span> 
     </span>
     <span class='ocr_line' id='line_1_63' title="bbox 1689 1335 2099 1386; baseline -0.01 0"><span class='ocrx_word' id='word_1_355' title='bbox 1689 1350 1822 1386; x_wconf 86' lang='lat' dir='ltr'>esse.</span> <span class='ocrx_word' id='word_1_356' title='bbox 1856 1335 2099 1385; x_wconf 79' lang='lat' dir='ltr'>Schwm.</span> 
     </span>
    </p>

    <p class='ocr_par' dir='ltr' id='par_1_8' title="bbox 1677 1413 2757 2767">
     <span class='ocr_line' id='line_1_64' title="bbox 1698 1413 2751 1477; baseline 0.002 -15"><span class='ocrx_word' id='word_1_357' title='bbox 1698 1438 1705 1444; x_wconf 86' lang='lat'><strong>·</strong></span> <span class='ocrx_word' id='word_1_358' title='bbox 1756 1414 1876 1475; x_wconf 72' lang='lat' dir='ltr'>Egit</span> <span class='ocrx_word' id='word_1_359' title='bbox 1914 1429 2019 1461; x_wconf 78' lang='lat' dir='ltr'>cam</span> <span class='ocrx_word' id='word_1_360' title='bbox 2054 1413 2230 1462; x_wconf 79' lang='lat' dir='ltr'>Diis..</span> <span class='ocrx_word' id='word_1_361' title='bbox 2255 1413 2573 1477; x_wconf 72' lang='lat' dir='ltr'>‚respublicaJ</span> <span class='ocrx_word' id='word_1_362' title='bbox 2625 1413 2670 1463; x_wconf 90' lang='lat'>1.</span> <span class='ocrx_word' id='word_1_363' title='bbox 2706 1429 2751 1464; x_wconf 87' lang='lat' dir='ltr'>e.</span> 
     </span>
     <span class='ocr_line' id='line_1_65' title="bbox 1688 1490 2751 1554; baseline 0.001 -15"><span class='ocrx_word' id='word_1_364' title='bbox 1688 1491 1986 1554; x_wconf 86' lang='lat' dir='ltr'>respublica</span> <span class='ocrx_word' id='word_1_365' title='bbox 2024 1491 2166 1554; x_wconf 89' lang='lat' dir='ltr'>quasi</span> <span class='ocrx_word' id='word_1_366' title='bbox 2207 1490 2478 1552; x_wconf 76' lang='lat' dir='ltr'>transegit,</span> <span class='ocrx_word' id='word_1_367' title='bbox 2505 1499 2561 1538; x_wconf 87' lang='lat' dir='ltr'>et</span> <span class='ocrx_word' id='word_1_368' title='bbox 2602 1499 2751 1554; x_wconf 81' lang='lat' dir='ltr'>pacta</span> 
     </span>
     <span class='ocr_line' id='line_1_66' title="bbox 1687 1566 2751 1629; baseline 0.001 -13"><span class='ocrx_word' id='word_1_369' title='bbox 1687 1575 1770 1617; x_wconf 87' lang='lat' dir='ltr'>est</span> <span class='ocrx_word' id='word_1_370' title='bbox 1792 1583 1906 1616; x_wconf 93' lang='lat' dir='ltr'>cum</span> <span class='ocrx_word' id='word_1_371' title='bbox 1931 1566 2067 1616; x_wconf 74' lang='lat' dir='ltr'>Diis.</span> <span class='ocrx_word' id='word_1_372' title='bbox 2105 1567 2190 1615; x_wconf 89' lang='lat' dir='ltr'>Sic</span> <span class='ocrx_word' id='word_1_373' title='bbox 2215 1581 2350 1621; x_wconf 82' lang='lat' dir='ltr'>mox,</span> <span class='ocrx_word' id='word_1_374' title='bbox 2373 1568 2401 1629; x_wconf 61' lang='grc' dir='ltr'><strong>ξ</strong></span> <span class='ocrx_word' id='word_1_375' title='bbox 2424 1570 2475 1614; x_wconf 87' lang='grc'><strong>7.</strong></span> <span class='ocrx_word' id='word_1_376' title='bbox 2511 1574 2526 1596; x_wconf 77' lang='lat'><em>⁶</em></span> <span class='ocrx_word' id='word_1_377' title='bbox 2548 1567 2657 1616; x_wconf 83' lang='lat' dir='ltr'>Sed</span> <span class='ocrx_word' id='word_1_378' title='bbox 2679 1570 2751 1617; x_wconf 83' lang='lat' dir='ltr'>in·</span> 
     </span>
     <span class='ocr_line' id='line_1_67' title="bbox 1689 1644 2752 1709; baseline 0.001 -16"><span class='ocrx_word' id='word_1_379' title='bbox 1689 1646 1827 1709; x_wconf 85' lang='lat' dir='ltr'>genti</span> <span class='ocrx_word' id='word_1_380' title='bbox 1869 1644 2204 1697; x_wconf 80' lang='lat' dir='ltr'>conscientia,</span> <span class='ocrx_word' id='word_1_381' title='bbox 2244 1644 2436 1705; x_wconf 79' lang='lat' dir='ltr'>Caesar,</span> <span class='ocrx_word' id='word_1_382' title='bbox 2475 1645 2752 1706; x_wconf 80' lang='lat' dir='ltr'>pacisceris</span> 
     </span>
     <span class='ocr_line' id='line_1_68' title="bbox 1687 1719 2749 1772; baseline 0.001 -2"><span class='ocrx_word' id='word_1_383' title='bbox 1687 1737 1802 1770; x_wconf 88' lang='lat' dir='ltr'>curn</span> <span class='ocrx_word' id='word_1_384' title='bbox 1831 1720 1981 1771; x_wconf 66' lang='lat' dir='ltr'>Diis:</span> <span class='ocrx_word' id='word_1_385' title='bbox 2036 1719 2149 1770; x_wconf 84' lang='lat' dir='ltr'>Cic.</span> <span class='ocrx_word' id='word_1_386' title='bbox 2176 1720 2337 1770; x_wconf 86' lang='lat' dir='ltr'>Attic.</span> <span class='ocrx_word' id='word_1_387' title='bbox 2371 1734 2449 1770; x_wconf 76' lang='grc' dir='ltr'>ιν.</span> <span class='ocrx_word' id='word_1_388' title='bbox 2479 1725 2529 1772; x_wconf 87' lang='lat' dir='ltr'>l.</span> <span class='ocrx_word' id='word_1_389' title='bbox 2583 1723 2604 1756; x_wconf 84' lang='lat'>‘·</span> <span class='ocrx_word' id='word_1_390' title='bbox 2624 1722 2749 1771; x_wconf 83' lang='lat' dir='ltr'>Cum</span> 
     </span>
     <span class='ocr_line' id='line_1_69' title="bbox 1688 1798 2757 1866; baseline 0.003 -20"><span class='ocrx_word' id='word_1_391' title='bbox 1688 1798 1936 1861; x_wconf 83' lang='lat' dir='ltr'>Pompeio</span> <span class='ocrx_word' id='word_1_392' title='bbox 1961 1806 2221 1860; x_wconf 70' lang='lat' dir='ltr'>ageretur,</span> <span class='ocrx_word' id='word_1_393' title='bbox 2242 1806 2303 1847; x_wconf 91' lang='lat' dir='ltr'>ut</span> <span class='ocrx_word' id='word_1_394' title='bbox 2325 1813 2440 1866; x_wconf 78' lang='lat' dir='ltr'>earn</span> <span class='ocrx_word' id='word_1_395' title='bbox 2464 1813 2572 1848; x_wconf 87' lang='lat' dir='ltr'>rem</span> <span class='ocrx_word' id='word_1_396' title='bbox 2597 1801 2757 1851; x_wconf 78' lang='lat' dir='ltr'>susci·</span> 
     </span>
     <span class='ocr_line' id='line_1_70' title="bbox 1688 1874 2751 1939; baseline 0.003 -14"><span class='ocrx_word' id='word_1_397' title='bbox 1688 1874 1876 1939; x_wconf 85' lang='lat' dir='ltr'>peret.&#39;</span> <span class='ocrx_word' id='word_1_398' title='bbox 1913 1877 2059 1925; x_wconf 88' lang='lat' dir='ltr'>Idem</span> <span class='ocrx_word' id='word_1_399' title='bbox 2079 1878 2141 1925; x_wconf 87' lang='lat' dir='ltr'>ad</span> <span class='ocrx_word' id='word_1_400' title='bbox 2164 1877 2231 1927; x_wconf 82' lang='lat' dir='ltr'>Q.</span> <span class='ocrx_word' id='word_1_401' title='bbox 2252 1877 2337 1927; x_wconf 82' lang='lat' dir='ltr'>Fr.</span> <span class='ocrx_word' id='word_1_402' title='bbox 2359 1891 2399 1926; x_wconf 82' lang='grc' dir='ltr'><strong>ι.</strong></span> <span class='ocrx_word' id='word_1_403' title='bbox 2418 1881 2467 1926; x_wconf 93' lang='grc'><strong>1.</strong></span> <span class='ocrx_word' id='word_1_404' title='bbox 2487 1881 2568 1928; x_wconf 73' lang='grc'><strong>14.</strong></span> <span class='ocrx_word' id='word_1_405' title='bbox 2601 1879 2751 1930; x_wconf 86' lang='lat' dir='ltr'>‘Jam</span> 
     </span>
     <span class='ocr_line' id='line_1_71' title="bbox 1686 1955 2755 2020; baseline 0.003 -18"><span class='ocrx_word' id='word_1_406' title='bbox 1686 1955 1782 2003; x_wconf 88' lang='lat' dir='ltr'>boc</span> <span class='ocrx_word' id='word_1_407' title='bbox 1817 1956 1930 2003; x_wconf 88' lang='lat' dir='ltr'>loco</span> <span class='ocrx_word' id='word_1_408' title='bbox 1967 1970 2065 2003; x_wconf 90' lang='lat' dir='ltr'>nou</span> <span class='ocrx_word' id='word_1_409' title='bbox 2090 1956 2597 2019; x_wconf 56' lang='lat' dir='ltr'>hortationefneque</span> <span class='ocrx_word' id='word_1_410' title='bbox 2621 1970 2755 2020; x_wconf 68' lang='lat' dir='ltr'>pra*-</span> 
     </span>
     <span class='ocr_line' id='line_1_72' title="bbox 1684 2030 2755 2095; baseline 0.002 -15"><span class='ocrx_word' id='word_1_411' title='bbox 1684 2032 1873 2094; x_wconf 86' lang='lat' dir='ltr'>ceptis,</span> <span class='ocrx_word' id='word_1_412' title='bbox 1898 2031 1990 2079; x_wconf 80' lang='lat' dir='ltr'>sed</span> <span class='ocrx_word' id='word_1_413' title='bbox 2017 2032 2261 2095; x_wconf 86' lang='lat' dir='ltr'>precibus</span> <span class='ocrx_word' id='word_1_414' title='bbox 2304 2040 2475 2082; x_wconf 86' lang='lat' dir='ltr'>tecum</span> <span class='ocrx_word' id='word_1_415' title='bbox 2509 2030 2755 2082; x_wconf 79' lang='lat' dir='ltr'>fraternis</span> 
     </span>
     <span class='ocr_line' id='line_1_73' title="bbox 1686 2109 2752 2173; baseline 0.003 -18"><span class='ocrx_word' id='word_1_416' title='bbox 1686 2123 1801 2171; x_wconf 82' lang='lat' dir='ltr'>ago,</span> <span class='ocrx_word' id='word_1_417' title='bbox 1847 2114 2014 2157; x_wconf 86' lang='lat' dir='ltr'>toturn</span> <span class='ocrx_word' id='word_1_418' title='bbox 2060 2117 2120 2158; x_wconf 86' lang='lat' dir='ltr'>ut</span> <span class='ocrx_word' id='word_1_419' title='bbox 2157 2109 2654 2173; x_wconf 74' lang='lat' dir='ltr'>animum-..ponas</span> <span class='ocrx_word' id='word_1_420' title='bbox 2701 2110 2752 2158; x_wconf 82' lang='lat' dir='ltr'>in</span> 
     </span>
     <span class='ocr_line' id='line_1_74' title="bbox 1683 2184 2755 2250; baseline 0.003 -18"><span class='ocrx_word' id='word_1_421' title='bbox 1683 2184 1907 2233; x_wconf 85' lang='lat' dir='ltr'>omnium</span> <span class='ocrx_word' id='word_1_422' title='bbox 1952 2184 2104 2233; x_wconf 86' lang='lat' dir='ltr'>laude</span> <span class='ocrx_word' id='word_1_423' title='bbox 2148 2185 2377 2250; x_wconf 85' lang='lat' dir='ltr'>nudique</span> <span class='ocrx_word' id='word_1_424' title='bbox 2420 2184 2755 2250; x_wconf 55' lang='lat' dir='ltr'>colligenda?</span> 
     </span>
     <span class='ocr_line' id='line_1_75' title="bbox 1686 2259 2751 2324; baseline 0.002 -15"><span class='ocrx_word' id='word_1_425' title='bbox 1686 2259 1805 2309; x_wconf 87' lang='lat' dir='ltr'>Hoc</span> <span class='ocrx_word' id='word_1_426' title='bbox 1832 2275 1951 2311; x_wconf 87' lang='lat' dir='ltr'>vero</span> <span class='ocrx_word' id='word_1_427' title='bbox 1974 2263 2088 2311; x_wconf 87' lang='lat' dir='ltr'>loco</span> <span class='ocrx_word' id='word_1_428' title='bbox 2114 2262 2406 2323; x_wconf 78' lang='lat' dir='ltr'>respublica</span> <span class='ocrx_word' id='word_1_429' title='bbox 2429 2261 2751 2324; x_wconf 84' lang='lat' dir='ltr'>potissimum</span> 
     </span>
     <span class='ocr_line' id='line_1_76' title="bbox 1685 2338 2755 2401; baseline 0.003 -16"><span class='ocrx_word' id='word_1_430' title='bbox 1685 2339 1817 2387; x_wconf 83' lang='lat' dir='ltr'>votis</span> <span class='ocrx_word' id='word_1_431' title='bbox 1857 2345 1909 2386; x_wconf 88' lang='lat' dir='ltr'>et</span> <span class='ocrx_word' id='word_1_432' title='bbox 1937 2338 2178 2401; x_wconf 83' lang='lat' dir='ltr'>precibus</span> <span class='ocrx_word' id='word_1_433' title='bbox 2212 2339 2314 2400; x_wconf 80' lang='lat' dir='ltr'>egit</span> <span class='ocrx_word' id='word_1_434' title='bbox 2348 2354 2457 2387; x_wconf 70' lang='lat' dir='ltr'>eum</span> <span class='ocrx_word' id='word_1_435' title='bbox 2483 2340 2599 2388; x_wconf 77' lang='lat' dir='ltr'>diis.</span> <span class='ocrx_word' id='word_1_436' title='bbox 2664 2341 2755 2389; x_wconf 81' lang='lat' dir='ltr'>Se-</span> 
     </span>
     <span class='ocr_line' id='line_1_77' title="bbox 1686 2414 2755 2480; baseline 0.002 -18"><span class='ocrx_word' id='word_1_437' title='bbox 1686 2415 1965 2478; x_wconf 85' lang='lat' dir='ltr'>quentibus</span> <span class='ocrx_word' id='word_1_438' title='bbox 1990 2414 2163 2465; x_wconf 83' lang='lat' dir='ltr'>verbis</span> <span class='ocrx_word' id='word_1_439' title='bbox 2200 2416 2535 2478; x_wconf 85' lang='lat' dir='ltr'>interposuit,</span> <span class='ocrx_word' id='word_1_440' title='bbox 2556 2423 2612 2466; x_wconf 90' lang='lat' dir='ltr'>et</span> <span class='ocrx_word' id='word_1_441' title='bbox 2639 2431 2755 2480; x_wconf 85' lang='lat' dir='ltr'>par-</span> 
     </span>
     <span class='ocr_line' id='line_1_78' title="bbox 1685 2490 2753 2554; baseline 0 -15"><span class='ocrx_word' id='word_1_442' title='bbox 1685 2492 1777 2539; x_wconf 88' lang='lat' dir='ltr'>tim</span> <span class='ocrx_word' id='word_1_443' title='bbox 1812 2492 2031 2540; x_wconf 81' lang='lat' dir='ltr'>mutavit</span> <span class='ocrx_word' id='word_1_444' title='bbox 2066 2490 2373 2554; x_wconf 86' lang='lat' dir='ltr'>particulas,</span> <span class='ocrx_word' id='word_1_445' title='bbox 2406 2490 2576 2540; x_wconf 82' lang='lat' dir='ltr'>codex</span> <span class='ocrx_word' id='word_1_446' title='bbox 2603 2493 2753 2541; x_wconf 83' lang='lat' dir='ltr'>Pari·</span> 
     </span>
     <span class='ocr_line' id='line_1_79' title="bbox 1682 2567 2753 2634; baseline 0.004 -19"><span class='ocrx_word' id='word_1_447' title='bbox 1682 2568 1884 2626; x_wconf 71' lang='lat' dir='ltr'>aiensis,</span> <span class='ocrx_word' id='word_1_448' title='bbox 1906 2573 1960 2616; x_wconf 74' lang='lat' dir='ltr'>ut</span> <span class='ocrx_word' id='word_1_449' title='bbox 1981 2574 2026 2617; x_wconf 73' lang='lat' dir='ltr'>te</span> <span class='ocrx_word' id='word_1_450' title='bbox 2049 2568 2119 2616; x_wconf 68' lang='lat' dir='ltr'>ita</span> <span class='ocrx_word' id='word_1_451' title='bbox 2138 2567 2358 2631; x_wconf 69' lang='lat' dir='ltr'>sospitem</span> <span class='ocrx_word' id='word_1_452' title='bbox 2386 2567 2753 2634; x_wconf 70' lang='lat' dir='ltr'>iaculante-qne</span> 
     </span>
     <span class='ocr_line' id='line_1_80' title="bbox 1677 2646 2753 2707; baseline 0.008 -18"><span class='ocrx_word' id='word_1_453' title='bbox 1677 2649 1983 2707; x_wconf 78' lang='lat' dir='ltr'>proestarent,</span> <span class='ocrx_word' id='word_1_454' title='bbox 2015 2659 2072 2692; x_wconf 80' lang='lat' dir='ltr'>uc</span> <span class='ocrx_word' id='word_1_455' title='bbox 2111 2647 2166 2691; x_wconf 73' lang='lat' dir='ltr'>tu</span> <span class='ocrx_word' id='word_1_456' title='bbox 2206 2647 2388 2691; x_wconf 80' lang='lat' dir='ltr'>ceteros</span> <span class='ocrx_word' id='word_1_457' title='bbox 2417 2646 2753 2706; x_wconf 67' lang='lat' dir='ltr'>prestitisset.</span> 
     </span>
     <span class='ocr_line' id='line_1_81' title="bbox 1683 2719 2097 2767; baseline 0 0"><span class='ocrx_word' id='word_1_458' title='bbox 1683 2719 1849 2767; x_wconf 89' lang='lat' dir='ltr'>Idem.</span> <span class='ocrx_word' id='word_1_459' title='bbox 2090 2726 2097 2735; x_wconf 85' lang='lat'><em>&#39;</em></span> 
     </span>
    </p>

    <p class='ocr_par' dir='ltr' id='par_1_9' title="bbox 1683 2796 2755 2934">
     <span class='ocr_line' id='line_1_82' title="bbox 1750 2796 2755 2865; baseline 0.005 -21"><span class='ocrx_word' id='word_1_460' title='bbox 1750 2796 2055 2860; x_wconf 72' lang='lat' dir='ltr'>Respublica]</span> <span class='ocrx_word' id='word_1_461' title='bbox 2092 2798 2222 2848; x_wconf 66' lang='lat' dir='ltr'>Qum</span> <span class='ocrx_word' id='word_1_462' title='bbox 2248 2804 2369 2847; x_wconf 82' lang='lat' dir='ltr'>vota</span> <span class='ocrx_word' id='word_1_463' title='bbox 2395 2797 2484 2848; x_wconf 88' lang='lat' dir='ltr'>illa</span> <span class='ocrx_word' id='word_1_464' title='bbox 2508 2800 2755 2865; x_wconf 83' lang='lat' dir='ltr'>suscipit.</span> 
     </span>
     <span class='ocr_line' id='line_1_83' title="bbox 1683 2871 1816 2934; baseline 0.023 -16"><span class='ocrx_word' id='word_1_465' title='bbox 1683 2871 1816 2934; x_wconf 78' lang='lat' dir='ltr'>Lips.</span> 
     </span>
    </p>

    <p class='ocr_par' dir='ltr' id='par_1_10' title="bbox 1680 2949 2754 3165">
     <span class='ocr_line' id='line_1_84' title="bbox 1747 2949 2753 3013; baseline 0.006 -16"><span class='ocrx_word' id='word_1_466' title='bbox 1747 2949 1791 2997; x_wconf 99' lang='lat' dir='ltr'><strong><em>A</em></strong></span> <span class='ocrx_word' id='word_1_467' title='bbox 1814 2949 2029 2998; x_wconf 77' lang='lat' dir='ltr'>custodia</span> <span class='ocrx_word' id='word_1_468' title='bbox 2053 2950 2125 2999; x_wconf 75' lang='lat' dir='ltr'>tui</span> <span class='ocrx_word' id='word_1_469' title='bbox 2146 2950 2342 3013; x_wconf 71' lang='lat' dir='ltr'>capitis]</span> <span class='ocrx_word' id='word_1_470' title='bbox 2374 2950 2418 2999; x_wconf 92' lang='lat' dir='ltr'><strong><em>A</em></strong></span> <span class='ocrx_word' id='word_1_471' title='bbox 2445 2954 2665 3003; x_wconf 58' lang='lat' dir='ltr'>“nodia</span> <span class='ocrx_word' id='word_1_472' title='bbox 2679 2955 2753 3003; x_wconf 75' lang='lat' dir='ltr'>lai</span> 
     </span>
     <span class='ocr_line' id='line_1_85' title="bbox 1680 3024 2754 3087; baseline 0.01 -18"><span class='ocrx_word' id='word_1_473' title='bbox 1680 3025 1889 3086; x_wconf 75' lang='lat' dir='ltr'>corporis</span> <span class='ocrx_word' id='word_1_474' title='bbox 1923 3024 2091 3073; x_wconf 79' lang='lat' dir='ltr'>Livin.</span> <span class='ocrx_word' id='word_1_475' title='bbox 2123 3026 2174 3073; x_wconf 90' lang='lat' dir='ltr'>in</span> <span class='ocrx_word' id='word_1_476' title='bbox 2200 3033 2386 3087; x_wconf 75' lang='lat' dir='ltr'>textu3</span> <span class='ocrx_word' id='word_1_477' title='bbox 2420 3027 2514 3075; x_wconf 86' lang='lat' dir='ltr'>sed</span> <span class='ocrx_word' id='word_1_478' title='bbox 2540 3029 2593 3077; x_wconf 90' lang='lat' dir='ltr'>in</span> <span class='ocrx_word' id='word_1_479' title='bbox 2621 3045 2754 3079; x_wconf 84' lang='lat' dir='ltr'>mar·</span> 
     </span>
     <span class='ocr_line' id='line_1_86' title="bbox 1682 3101 2662 3165; baseline 0.01 -18"><span class='ocrx_word' id='word_1_480' title='bbox 1682 3101 1818 3162; x_wconf 81' lang='lat' dir='ltr'>gine,</span> <span class='ocrx_word' id='word_1_481' title='bbox 1835 3117 1864 3149; x_wconf 80' lang='lat' dir='ltr'><em>a</em></span> <span class='ocrx_word' id='word_1_482' title='bbox 1886 3102 2097 3151; x_wconf 77' lang='lat' dir='ltr'>custodia</span> <span class='ocrx_word' id='word_1_483' title='bbox 2117 3102 2191 3151; x_wconf 69' lang='lat' dir='ltr'>tui</span> <span class='ocrx_word' id='word_1_484' title='bbox 2212 3103 2385 3165; x_wconf 69' lang='lat' dir='ltr'>cupitis</span> <span class='ocrx_word' id='word_1_485' title='bbox 2407 3104 2470 3153; x_wconf 78' lang='lat' dir='ltr'>C·</span> <span class='ocrx_word' id='word_1_486' title='bbox 2492 3105 2662 3157; x_wconf 69' lang='lat' dir='ltr'>Livia.</span> 
     </span>
    </p>

    <p class='ocr_par' dir='ltr' id='par_1_11' title="bbox 1676 3177 2755 3468">
     <span class='ocr_line' id='line_1_87' title="bbox 1745 3177 2753 3243; baseline 0.009 -18"><span class='ocrx_word' id='word_1_487' title='bbox 1745 3177 1789 3225; x_wconf 99' lang='lat' dir='ltr'><strong><em>A</em></strong></span> <span class='ocrx_word' id='word_1_488' title='bbox 1835 3179 2047 3227; x_wconf 77' lang='lat' dir='ltr'>custodia</span> <span class='ocrx_word' id='word_1_489' title='bbox 2083 3180 2157 3227; x_wconf 77' lang='lat' dir='ltr'>tui</span> <span class='ocrx_word' id='word_1_490' title='bbox 2199 3179 2400 3243; x_wconf 73' lang='lat' dir='ltr'>capitis]</span> <span class='ocrx_word' id='word_1_491' title='bbox 2446 3180 2490 3229; x_wconf 92' lang='lat' dir='ltr'><strong><em>A</em></strong></span> <span class='ocrx_word' id='word_1_492' title='bbox 2535 3178 2753 3234; x_wconf 57' lang='lat' dir='ltr'>causei·</span> 
     </span>
     <span class='ocr_line' id='line_1_88' title="bbox 1679 3252 2755 3322; baseline 0.009 -23"><span class='ocrx_word' id='word_1_493' title='bbox 1679 3252 1750 3299; x_wconf 76' lang='lat' dir='ltr'>tui</span> <span class='ocrx_word' id='word_1_494' title='bbox 1770 3254 1993 3315; x_wconf 71' lang='lat' dir='ltr'>corporis.</span> <span class='ocrx_word' id='word_1_495' title='bbox 2061 3254 2273 3316; x_wconf 82' lang='lat' dir='ltr'>Aliquot</span> <span class='ocrx_word' id='word_1_496' title='bbox 2293 3254 2431 3316; x_wconf 88' lang='lat' dir='ltr'>libri,</span> <span class='ocrx_word' id='word_1_497' title='bbox 2449 3257 2527 3306; x_wconf 72' lang='lat' dir='ltr'>trrs&#39;</span> <span class='ocrx_word' id='word_1_498' title='bbox 2546 3260 2755 3322; x_wconf 71' lang='lat' dir='ltr'>eapitis,-</span> 
     </span>
     <span class='ocr_line' id='line_1_89' title="bbox 1681 3322 2755 3397; baseline 0.007 -19"><span class='ocrx_word' id='word_1_499' title='bbox 1681 3338 1737 3378; x_wconf 78' lang='grc' dir='ltr'>ιιι</span> <span class='ocrx_word' id='word_1_500' title='bbox 1762 3330 1971 3379; x_wconf 79' lang='lat' dir='ltr'>dubium</span> <span class='ocrx_word' id='word_1_501' title='bbox 1998 3331 2083 3380; x_wconf 76' lang='lat' dir='ltr'>vix</span> <span class='ocrx_word' id='word_1_502' title='bbox 2107 3322 2267 3385; x_wconf 48' lang='lat' dir='ltr'>augei</span> <span class='ocrx_word' id='word_1_503' title='bbox 2296 3332 2424 3380; x_wconf 76' lang='lat' dir='ltr'>illuct</span> <span class='ocrx_word' id='word_1_504' title='bbox 2448 3322 2755 3397; x_wconf 52' lang='lat' dir='ltr'>emmam</span> 
     </span>
     <span class='ocr_line' id='line_1_90' title="bbox 1676 3404 2519 3468; baseline 0.006 -16"><span class='ocrx_word' id='word_1_505' title='bbox 1676 3404 2064 3467; x_wconf 69' lang='lat' dir='ltr'>cupitismatnm</span> <span class='ocrx_word' id='word_1_506' title='bbox 2092 3421 2120 3453; x_wconf 91' lang='lat' dir='ltr'>a</span> <span class='ocrx_word' id='word_1_507' title='bbox 2144 3408 2331 3468; x_wconf 83' lang='lat' dir='ltr'>glossa.</span> <span class='ocrx_word' id='word_1_508' title='bbox 2369 3407 2519 3457; x_wconf 72' lang='lat' dir='ltr'>Grae.</span> 
     </span>
    </p>

    <p class='ocr_par' dir='ltr' id='par_1_12' title="bbox 1672 3483 2754 4234">
     <span class='ocr_line' id='line_1_91' title="bbox 1747 3483 2753 3547; baseline 0.007 -18"><span class='ocrx_word' id='word_1_509' title='bbox 1747 3483 1977 3531; x_wconf 79' lang='lat' dir='ltr'>Custodia</span> <span class='ocrx_word' id='word_1_510' title='bbox 2019 3483 2091 3531; x_wconf 72' lang='lat' dir='ltr'>tui</span> <span class='ocrx_word' id='word_1_511' title='bbox 2131 3483 2330 3547; x_wconf 67' lang='lat' dir='ltr'>cupitis]</span> <span class='ocrx_word' id='word_1_512' title='bbox 2384 3484 2495 3533; x_wconf 83' lang='lat' dir='ltr'>Pro</span> <span class='ocrx_word' id='word_1_513' title='bbox 2541 3488 2753 3536; x_wconf 83' lang='lat' dir='ltr'>nomine</span> 
     </span>
     <span class='ocr_line' id='line_1_92' title="bbox 1673 3558 2752 3622; baseline 0.007 -17"><span class='ocrx_word' id='word_1_514' title='bbox 1673 3559 1863 3619; x_wconf 77' lang='lat' dir='ltr'>cupitis,</span> <span class='ocrx_word' id='word_1_515' title='bbox 1881 3558 2033 3622; x_wconf 84' lang='lat' dir='ltr'>vulgo</span> <span class='ocrx_word' id='word_1_516' title='bbox 2052 3558 2242 3621; x_wconf 80' lang='lat' dir='ltr'>legitur</span> <span class='ocrx_word' id='word_1_517' title='bbox 2255 3561 2482 3621; x_wconf 75' lang='lat' dir='ltr'>corporis.</span> <span class='ocrx_word' id='word_1_518' title='bbox 2520 3562 2752 3613; x_wconf 84' lang='lat' dir='ltr'>Grutero</span> 
     </span>
     <span class='ocr_line' id='line_1_93' title="bbox 1678 3634 2754 3703; baseline 0.007 -21"><span class='ocrx_word' id='word_1_519' title='bbox 1678 3636 1762 3683; x_wconf 78' lang='lat' dir='ltr'>vix</span> <span class='ocrx_word' id='word_1_520' title='bbox 1785 3634 1994 3684; x_wconf 89' lang='lat' dir='ltr'>dubium</span> <span class='ocrx_word' id='word_1_521' title='bbox 2012 3637 2172 3685; x_wconf 73' lang='lat' dir='ltr'>visum</span> <span class='ocrx_word' id='word_1_522' title='bbox 2188 3644 2287 3698; x_wconf 84' lang='lat' dir='ltr'>est,</span> <span class='ocrx_word' id='word_1_523' title='bbox 2305 3644 2357 3685; x_wconf 87' lang='lat' dir='ltr'>et</span> <span class='ocrx_word' id='word_1_524' title='bbox 2371 3637 2501 3687; x_wconf 86' lang='lat' dir='ltr'>illud</span> <span class='ocrx_word' id='word_1_525' title='bbox 2521 3642 2754 3703; x_wconf 77' lang='lat' dir='ltr'>corpor-is,</span> 
     </span>
     <span class='ocr_line' id='line_1_94' title="bbox 1676 3711 2750 3773; baseline 0.006 -15"><span class='ocrx_word' id='word_1_526' title='bbox 1676 3719 1730 3758; x_wconf 91' lang='lat' dir='ltr'>et</span> <span class='ocrx_word' id='word_1_527' title='bbox 1764 3711 1955 3772; x_wconf 71' lang='lat' dir='ltr'>cum&#39;ls‘s,</span> <span class='ocrx_word' id='word_1_528' title='bbox 1986 3719 2159 3759; x_wconf 90' lang='lat' dir='ltr'>uatum</span> <span class='ocrx_word' id='word_1_529' title='bbox 2195 3726 2227 3761; x_wconf 90' lang='lat' dir='ltr'>a</span> <span class='ocrx_word' id='word_1_530' title='bbox 2260 3713 2449 3773; x_wconf 72' lang='lat' dir='ltr'>glossa.</span> <span class='ocrx_word' id='word_1_531' title='bbox 2514 3716 2622 3763; x_wconf 87' lang='lat' dir='ltr'>Sed</span> <span class='ocrx_word' id='word_1_532' title='bbox 2651 3731 2750 3766; x_wconf 80' lang='lat' dir='ltr'>vox</span> 
     </span>
     <span class='ocr_line' id='line_1_95' title="bbox 1673 3788 2751 3850; baseline 0.004 -14"><span class='ocrx_word' id='word_1_533' title='bbox 1673 3788 1845 3849; x_wconf 73' lang='lat' dir='ltr'>capitis</span> <span class='ocrx_word' id='word_1_534' title='bbox 1884 3788 2092 3837; x_wconf 88' lang='lat' dir='ltr'>omnino</span> <span class='ocrx_word' id='word_1_535' title='bbox 2129 3788 2441 3850; x_wconf 82' lang='lat' dir='ltr'>exprimitur</span> <span class='ocrx_word' id='word_1_536' title='bbox 2472 3790 2529 3840; x_wconf 87' lang='lat' dir='ltr'>in</span> <span class='ocrx_word' id='word_1_537' title='bbox 2556 3792 2751 3843; x_wconf 73' lang='lat' dir='ltr'>codici-</span> 
     </span>
     <span class='ocr_line' id='line_1_96' title="bbox 1678 3864 2749 3927; baseline 0.007 -14"><span class='ocrx_word' id='word_1_538' title='bbox 1678 3864 1772 3913; x_wconf 91' lang='lat' dir='ltr'>bus</span> <span class='ocrx_word' id='word_1_539' title='bbox 1797 3866 1926 3914; x_wconf 87' lang='lat' dir='ltr'>Mss.</span> <span class='ocrx_word' id='word_1_540' title='bbox 1950 3866 2239 3922; x_wconf 77' lang='lat' dir='ltr'>Vaticanis,</span> <span class='ocrx_word' id='word_1_541' title='bbox 2272 3866 2577 3927; x_wconf 74' lang='lat' dir='ltr'>parisiensi,</span> <span class='ocrx_word' id='word_1_542' title='bbox 2607 3882 2749 3919; x_wconf 79' lang='lat' dir='ltr'>atro·</span> 
     </span>
     <span class='ocr_line' id='line_1_97' title="bbox 1674 3941 2749 4005; baseline 0.006 -16"><span class='ocrx_word' id='word_1_543' title='bbox 1674 3955 1774 4005; x_wconf 90' lang='lat' dir='ltr'>qne</span> <span class='ocrx_word' id='word_1_544' title='bbox 1838 3942 2065 3996; x_wconf 83' lang='lat' dir='ltr'>Veneto,</span> <span class='ocrx_word' id='word_1_545' title='bbox 2129 3941 2533 4004; x_wconf 77' lang='lat' dir='ltr'>Salisburgensi,</span> <span class='ocrx_word' id='word_1_546' title='bbox 2589 3946 2749 3995; x_wconf 81' lang='lat' dir='ltr'>Guel-</span> 
     </span>
     <span class='ocr_line' id='line_1_98' title="bbox 1674 4016 2747 4080; baseline 0.007 -16"><span class='ocrx_word' id='word_1_547' title='bbox 1674 4016 1858 4080; x_wconf 83' lang='lat' dir='ltr'>pberb.</span> <span class='ocrx_word' id='word_1_548' title='bbox 1892 4025 1947 4066; x_wconf 87' lang='lat' dir='ltr'>et</span> <span class='ocrx_word' id='word_1_549' title='bbox 1980 4032 2117 4077; x_wconf 91' lang='lat' dir='ltr'>meo,</span> <span class='ocrx_word' id='word_1_550' title='bbox 2149 4019 2273 4067; x_wconf 89' lang='lat' dir='ltr'>item</span> <span class='ocrx_word' id='word_1_551' title='bbox 2298 4026 2352 4068; x_wconf 91' lang='lat' dir='ltr'>et</span> <span class='ocrx_word' id='word_1_552' title='bbox 2373 4018 2427 4068; x_wconf 92' lang='lat' dir='ltr'>in</span> <span class='ocrx_word' id='word_1_553' title='bbox 2451 4019 2588 4069; x_wconf 85' lang='lat' dir='ltr'>libro</span> <span class='ocrx_word' id='word_1_554' title='bbox 2613 4023 2747 4071; x_wconf 83' lang='lat' dir='ltr'>Vos·</span> 
     </span>
     <span class='ocr_line' id='line_1_99' title="bbox 1672 4094 2743 4157; baseline 0.005 -15"><span class='ocrx_word' id='word_1_555' title='bbox 1672 4094 1835 4150; x_wconf 81' lang='lat' dir='ltr'>siano,</span> <span class='ocrx_word' id='word_1_556' title='bbox 1860 4100 2017 4157; x_wconf 86' lang='lat' dir='ltr'>atque</span> <span class='ocrx_word' id='word_1_557' title='bbox 2041 4095 2261 4144; x_wconf 86' lang='lat' dir='ltr'>antebac</span> <span class='ocrx_word' id='word_1_558' title='bbox 2298 4097 2348 4145; x_wconf 91' lang='lat' dir='ltr'>in</span> <span class='ocrx_word' id='word_1_559' title='bbox 2370 4096 2481 4144; x_wconf 85' lang='lat' dir='ltr'>sola</span> <span class='ocrx_word' id='word_1_560' title='bbox 2510 4097 2743 4148; x_wconf 75' lang='lat' dir='ltr'>editione</span> 
     </span>
     <span class='ocr_line' id='line_1_100' title="bbox 1672 4169 2743 4234; baseline 0.003 -14"><span class='ocrx_word' id='word_1_561' title='bbox 1672 4169 2004 4234; x_wconf 72' lang='lat' dir='ltr'>Crispiniaui3</span> <span class='ocrx_word' id='word_1_562' title='bbox 2055 4185 2173 4221; x_wconf 89' lang='lat' dir='ltr'>cum</span> <span class='ocrx_word' id='word_1_563' title='bbox 2209 4185 2385 4223; x_wconf 81' lang='lat' dir='ltr'>vocem</span> <span class='ocrx_word' id='word_1_564' title='bbox 2425 4169 2563 4223; x_wconf 86' lang='lat' dir='ltr'>banc</span> <span class='ocrx_word' id='word_1_565' title='bbox 2606 4188 2743 4224; x_wconf 88' lang='lat' dir='ltr'>nunc</span> 
     </span>
    </p>
   </div>
  </div>
 </body>
</html>
