3060 4902
483 373 615 439 476

485 534 566 581 vel
588 533 867 598 adoptione
884 536 1248 599 contingerent
1264 554 1281 599 ς
1300 530 1361 586 ἰιι
1375 536 1550 599 Caius,

487 609 754 673 Claudius,
796 612 956 675 Nero,
988 621 1174 676 postea
1203 622 1257 663 et
1288 616 1550 672 Vitellius,

482 688 581 735 etsi
606 689 705 736 alia
730 705 937 739 caussa:
965 692 1085 740 item
1118 692 1550 751 Domitianus‚¹et

485 774 626 815 nunc
648 767 925 828 Trajanus.
958 769 1152 817 Notavi
1177 769 1370 831 aliquid
1386 769 1448 818 ad
1474 769 1548 819 lo·

484 850 600 891 cnm
624 843 793 892 Taciti
819 844 951 892 Ann.
970 858 1005 893 t.
1027 853 1134 894 not.
1152 848 1264 893 147.
1285 847 1301 874 ‘
1323 845 1382 893 In
1400 860 1546 895 suum

483 927 878 981 cognomentum
915 922 1134 971 adscisci
1169 921 1549 986 imperatores)

483 992 637 1042 Idem.

549 1069 684 1118 Hinc
704 1070 917 1134 missum]
970 1072 1106 1121 Nam
1130 1072 1386 1122 ambitiosi
1411 1088 1545 1136 prae·

481 1144 638 1208 sides,
660 1149 821 1211 copiis
843 1150 1068 1205 subnixi,
1094 1150 1192 1212 ipsi
1208 1165 1263 1198 se
1284 1150 1544 1214 principes

482 1223 751 1273 creabant.
817 1224 900 1273 Ita
923 1225 1112 1287 Galba,
1136 1227 1396 1289 Vitellius,
1427 1242 1543 1276 cum

481 1306 754 1360 snccessu3
792 1302 982 1366 absque
1022 1317 1101 1362 eo,
1132 1303 1449 1360 Scribonius,
1487 1311 1544 1355 et

482 1372 542 1421 1..
569 1373 840 1437 Antonius,
865 1379 1055 1428 conati.
1092 1379 1243 1428 Idem.

482 1475 489 1485 ν
545 1450 761 1513 Subjoeei
800 1452 980 1515 animo]
1034 1455 1199 1504 Animi
1241 1455 1410 1505 Livin.
1449 1457 1542 1508 sed

479 1526 637 1575 animo
661 1528 726 1576 V.
751 1529 809 1577 C.
826 1528 890 1576 R.
911 1530 978 1579 G.
1009 1530 1171 1583 Licin.
1216 1531 1403 1582 Recte.
1430 1533 1543 1582 Rit-

482 1603 631 1652 tersh.
1518 1634 1523 1637 ·

545 1678 759 1740 Subjecti
778 1680 960 1746 annno]
1005 1682 1139 1734 Quia
1161 1683 1213 1731 in
1237 1683 1350 1747 ipso
1372 1686 1543 1736 animo

478 1761 569 1803 tuo
611 1756 868 1819 imperare
905 1760 1223 1821 spernebam
1255 1760 1426 1813 fecisti
1464 1772 1543 1814 ta·

477 1843 614 1890 men,
639 1831 728 1879 sed
753 1834 870 1897 quia
887 1834 1080 1897 jussus.
1111 1836 1248 1898 Lips.

478 1924 487 1930 ·
543 1906 756 1966 διιρἰεείι·
810 1909 993 1976 animo]
1053 1912 1209 1963 Hanc
1264 1916 1542 1969 lectionem

475 1981 690 2043 retinui,
735 1983 975 2034 inductus
1019 1985 1265 2052 suffragio
1304 1992 1542 2043 codicum

477 2057 603 2107 Mas.
629 2058 1116 2123 Parisiensis,Vatt.
1144 2066 1331 2116 Patav.
1358 2077 1412 2118 et
1435 2070 1542 2120 Ve-

459 2134 586 2182 neti
618 2155 634 2198 3
684 2150 837 2199 quam
894 2139 1054 2187 etiam
1100 2140 1213 2203 jam
1261 2143 1540 2206 prodidere

475 2209 786 2267 Beroaldus,
832 2213 1123 2273 Catanaeus,
1175 2217 1539 2280 cuspinianus,

475 2286 777 2352 Rhenanus,
801 2289 1146 2347 Philomusns,
1165 2294 1452 2359 Gryphius,
1470 2298 1543 2347 H.

474 2363 786 2427 Stephanus,
814 2367 1032 2431 Lipsius,
1054 2369 1349 2434 Gruterus;
1378 2375 1460 2422 cui
1484 2381 1541 2425 et

472 2437 650 2491 favent
676 2442 1015 2494 Heumannus
1039 2456 1093 2494 et
1119 2445 1403 2498 Gesnerus.
1438 2450 1537 2500 Co-

472 2514 575 2565 dex
632 2518 734 2566 Ms.
789 2519 1301 2585 Gnelplterbytanus,
1355 2524 1539 2589 Aldus,

471 2591 779 2649 Cratander,
805 2594 934 2644 Rob.
964 2597 1280 2659 Stephanus,
1305 2600 1540 2659 Patet-ol,

469 2668 665 2719 habent
685 2671 882 2730 sabjecti
901 2674 1070 2722 aflinni.
1127 2675 1192 2724 In
1217 2690 1332 2724 meo
1355 2677 1537 2728 codice

469 2743 576 2795 Ma.
597 2748 714 2810 lego
738 2748 942 2809 subiecto
964 2751 1138 2801 animo.
1176 2753 1434 2805 Schwarz.

479 2843 482 2847 “
541 2823 881 2888 Germanicus]
915 2826 950 2873 i.
967 2841 1014 2874 e.
1034 2827 1220 2878 Victor
1238 2829 1533 2882 Germano-

469 2912 602 2947 rum.
618 2927 623 2934 ·
638 2898 843 2948 Etenim
861 2916 891 2950 e
911 2902 1156 2965 victoriis,
1176 2906 1426 2972 victisque
1445 2923 1537 2959 na-

466 2976 719 3031 tionibus.
756 2981 1061 3040 cognomina
1103 2982 1390 3033 identidem
1446 2986 1535 3036 ad-

469 3053 841 3103 scribebantur
894 3056 1264 3120 imperatornm
1322 3062 1483 3111 titulis
1516 3077 1532 3113 t

470 3130 609 3179 unde
625 3145 725 3179 non
749 3132 869 3180 nulli
886 3133 1194 3185 dicebantur
1211 3136 1534 3196 Germanici,

468 3204 778 3261 Britannici,
837 3209 1034 3265 Dacici,
1079 3210 1373 3273 Sarmatici,
1407 3214 1533 3262 Par-

471 3281 615 3342 thici,
639 3290 693 3330 et
717 3297 832 3346 quae
862 3291 983 3333 sunt
1013 3284 1127 3333 aliae
1155 3288 1535 3350 appellationes

467 3358 672 3419 generis
717 3358 972 3422 ejusdem.
1029 3361 1186 3425 Cujus
1222 3364 1353 3413 ritus
1386 3365 1533 3428 origo

454 3433 565 3495 jam
598 3433 648 3482 in
675 3434 942 3497 republica
978 3435 1143 3486 libera
1171 3439 1291 3488 inde
1316 3454 1478 3504 usque
1501 3454 1532 3489 a

464 3508 720 3572 Scipionis
742 3508 978 3561 Africani
999 3519 1241 3577 tempore
1270 3514 1530 3567 deducen-

465 3582 531 3632 da
575 3592 676 3633 est.
740 3579 817 3635 Er
854 3586 1106 3651 deinceps
1162 3591 1529 3656 imperatorum

463 3664 721 3725 tempore,
733 3662 842 3724 jam
868 3671 989 3712 ante
1013 3664 1316 3729 Trajsnum,
1338 3684 1532 3733 cogno-

464 3750 582 3786 men
636 3739 937 3789 Germanici
982 3741 1160 3792 datum
1208 3741 1298 3794 est‘
1335 3747 1528 3810 Druso,

460 3812 796 3876 Germanico,
837 3815 1064 3879 Tiberio,
1106 3817 1251 3876 Caio,
1293 3820 1529 3881 Claudio,

461 3888 686 3949 Neroni,
709 3890 943 3947 Vitellio,
964 3893 1285 3958 Domitiano,
1305 3898 1491 3948 Nervae
1513 3914 1527 3949 z

459 3981 565 4030 qno
597 3967 737 4030 jure,
779 3973 835 4015 et
868 3983 969 4033 qua
1004 3971 1238 4020 ratione?
1272 3974 1385 4036 jam
1424 3989 1526 4024 non

463 4040 810 4108 disquirimus.
859 4043 1017 4094 Haud
1044 4059 1166 4096 vero
1186 4047 1337 4097 ullius
1362 4050 1526 4100 victo·

460 4120 552 4169 rie
577 4121 785 4170 nomine
805 4122 963 4184 magis
980 4123 1192 4187 gloriari
1215 4127 1528 4188 gestierunt,

457 4208 614 4259 quam
647 4194 1014 4259 Germanicae;
1052 4199 1190 4250 unde
1220 4211 1274 4252 et
1302 4197 1527 4268 plerum·

456 4282 560 4336 qua
576 4283 865 4335 cognomen
884 4272 1180 4327 Germanici
1195 4290 1525 4343 proposuere

1185 390 1402 442 NoTAE
1452 391 1857 442 VARIORUM
1910 394 1991 444 tn

1628 538 1818 587 ceteris
1857 538 2271 603 cognominibus,
2307 553 2423 605 quat.
2458 553 2489 590 a
2528 540 2698 605 genti·

1627 613 1723 664 bns
1747 616 1966 666 devictis
1988 616 2339 666 adsciverunt.
2377 618 2692 668 Persuasum

1628 705 1751 739 vero
1776 694 1895 741 milti
1920 693 2106 749 habeo,
2141 694 2421 757 Trajanum
2447 694 2543 743 boc
2569 709 2698 758 cog·

1625 782 1810 818 nomen
1832 771 1980 819 simul
2004 778 2119 819 cum
2147 780 2442 821 ceterarum
2468 773 2696 835 dignita·

1627 852 1736 894 tntu
1781 846 1967 910 titulis,
2006 847 2073 896 ob
2115 862 2381 911 repressos
2414 848 2695 899 coercitos-

1624 936 1723 985 qne
1759 921 2066 986 Germanos,
2105 932 2374 987 postquam
2412 925 2693 975 lauream·e

1626 999 1900 1049 Pannonia
1937 1003 2166 1055 miserat,
2202 999 2520 1050 decernente
2561 1003 2696 1051 Ner-

1626 1088 1707 1135 va,
1730 1082 1784 1124 et
1817 1084 2003 1126 senatu
2039 1077 2271 1126 Romano
2307 1078 2690 1135 consentiente,

1623 1151 1943 1216 obtinuisse3
1993 1154 2113 1218 quia
2148 1155 2217 1215 id,
2252 1155 2408 1204 etiam
2435 1157 2693 1220 hocloco,

1623 1228 1788 1279 titulis
1812 1231 2037 1279 Caesaris
2060 1238 2112 1280 et
2139 1231 2478 1295 Imperatoris
2513 1233 2693 1297 adjun-

1623 1304 1780 1366 gitur.
1846 1304 1960 1354 Imo
1983 1304 2166 1366 credo,
2188 1322 2304 1356 enm
2333 1316 2453 1357 tunc
2480 1323 2581 1358 non
2607 1325 2691 1359 so-

1622 1379 1725 1427 lum
1771 1380 1922 1430 simul
1959 1388 2294 1430 consecutum
2330 1397 2442 1430 esse
2481 1385 2690 1435 titulum

1620 1455 1979 1518 Imperatoris,
1999 1465 2254 1519 quatenns
2274 1466 2422 1507 notat
2437 1473 2690 1510 summam

1622 1531 1676 1580 in
1696 1531 1847 1581 rebus
1870 1533 2107 1581 civilibus
2124 1540 2176 1581 et
2195 1534 2501 1584 militaribus
2518 1543 2691 1597 potes-

1620 1613 1801 1669 tatem,
1825 1608 1877 1656 in
1904 1608 2054 1671 cujus
2085 1611 2400 1659 consortium
2421 1611 2691 1662 adsumtos

1619 1687 1734 1731 erat
1772 1697 1802 1730 a
1838 1683 2051 1745 Nerva3
2100 1684 2190 1731 sed
2237 1685 2396 1734 etiam
2433 1695 2690 1748 quatenus

1618 1758 1881 1821 significat
1916 1762 2187 1823 victorem,
2221 1768 2273 1809 et
2297 1761 2578 1825 subjicitur
2603 1778 2690 1813 ce·

1621 1836 1744 1885 teris
1780 1836 2091 1887 nominibus.
2158 1838 2255 1886 Cui
2281 1839 2354 1886 rei
2388 1839 2579 1889 indicio
2604 1848 2690 1890 est

1620 1925 1803 1961 numus
1836 1913 2072 1976 Trajani,
2106 1928 2256 1978 quem
2292 1929 2357 1963 ex
2394 1914 2579 1965 Golzio
2610 1915 2689 1966 af·

1621 1988 1730 2039 t'ert
1764 1989 2067 2048 Fabrettus,
2101 1991 2152 2038 in
2188 1991 2461 2054 syntagm.
2492 1991 2558 2042 de
2585 1992 2688 2042 Co·

1617 2065 1792 2115 lumna
1814 2066 2033 2131 Trajani
2067 2082 2120 2130 p.
2152 2070 2269 2116 282.
2304 2080 2510 2117 NERVA.
2548 2074 2687 2120 'nta-

1617 2156 1735 2193 uu.
1756 2154 1904 2193 cans.
1930 2156 2059 2193 cart.
2083 2156 2212 2192 Nan.
2231 2155 2363 2194 Ave.
2384 2156 2434 2192 ιε’.
2450 2157 2500 2193 1².
2521 2156 2612 2193 τη.
2637 2159 2691 2196 ι’.

1617 2232 1730 2268 cos.
1775 2232 1841 2268 11.
1871 2233 1997 2269 tare.
2032 2219 2082 2267 id
2109 2228 2207 2275 est,
2247 2219 2263 2246 ⁴
2286 2221 2468 2270 Nerva
2503 2220 2687 2283 Traja-

1615 2308 1710 2344 nus
1746 2296 1924 2344 Caesar
1959 2295 2303 2344 Germanicus
2342 2295 2528 2345 Nerva
2575 2296 2686 2346 An·

1616 2370 1752 2433 gusti
1786 2369 1939 2427 filins,
1978 2369 2250 2429 Pontifex,
2288 2372 2564 2422 tribunitia
2595 2387 2686 2437 po-

1615 2450 1826 2510 testate,
1860 2448 2052 2497 Consul
2082 2462 2144 2497 tt.
2183 2447 2515 2511 Imperator.⁸
2576 2450 2685 2500 Ne-

1614 2511 1716 2585 nue
1734 2538 1856 2573 vero
1874 2525 2007 2573 tituli
2029 2525 2346 2580 Germanici,
2370 2534 2424 2576 et
2448 2527 2683 2590 Impera·

1613 2600 1761 2657 toris,
1804 2606 2046 2664 tanquam
2092 2602 2325 2657 victoris,
2368 2603 2411 2652 is
2459 2604 2682 2653 antehac

1609 2690 1820 2739 compos
1836 2676 1949 2725 fieri
1971 2679 2175 2740 potuit;
2202 2693 2316 2728 cnm
2342 2679 2437 2729 sub
2457 2679 2682 2744 impera—

1611 2751 1808 2801 toribus
1843 2753 2138 2816 bujusmodi
2174 2756 2481 2818 cognomina
2519 2758 2680 2806 victo·

1612 2827 1800 2876 riarum
1846 2843 1945 2877 non
1992 2830 2214 2892 amplius
2265 2832 2682 2884 concederentur

1611 2905 1853 2968 privatis,
1893 2914 1984 2956 aut
2019 2909 2142 2957 solis
2184 2908 2305 2958 belli
2343 2910 2580 2966 ducibus,
2606 2920 2680 2962 ·et

1610 2982 1830 3045 legatis-
1849 2984 2027 3047 Certe,
2055 2992 2169 3048 post
2197 2986 2421 3050 Augusti
2445 2996 2500 3038 et
2520 2989 2680 3040 Tibe·

1611 3058 1672 3107 rii
1699 3067 1958 3123 tempora,
1982 3074 2083 3109 nou
2113 3059 2267 3111 facile
2299 3064 2445 3113 licuit
2479 3066 2681 3116 exerci-

1609 3134 1749 3184 tibus
1793 3139 2025 3199 privatos
2070 3140 2231 3190 duces
2261 3150 2313 3191 et
2362 3142 2577 3208 legatos,
2612 3145 2680 3195 ob

1609 3213 1877 3262 victoriam
1893 3214 2162 3266 obtentam
2178 3218 2193 3244 ‘
2213 3219 2557 3283 imperatores
2569 3219 2584 3242 '
2598 3236 2682 3272 sa·

1608 3289 1795 3350 lutare,
1833 3298 1886 3340 et
1922 3290 2245 3343 devictarum
2281 3297 2514 3359 gentium
2555 3312 2680 3365 cog·

1607 3367 1898 3416 nominibus
1934 3369 2320 3423 condecorare:
2365 3382 2549 3438 utpote
2588 3390 2679 3426 cu·

1595 3442 1825 3505 jusmodi
1852 3446 2029 3494 titulos
2053 3445 2300 3512 deinceps
2328 3449 2547 3514 Augusti
2563 3454 2679 3519 sibi,

1605 3518 1921 3584 collegisque
1968 3523 2195 3587 imperii,
2247 3527 2391 3588 qutasi
2436 3531 2677 3595 proprios

1605 3594 1905 3645 reddidere.
1964 3598 2296 3650 Postremum
2321 3610 2494 3652 antem
2520 3622 2547 3654 e
2570 3607 2677 3670 pri·

1606 3671 1739 3719 vatis
1779 3671 1821 3719 is
1863 3671 2028 3722 honor
2061 3673 2249 3735 obtigit
2278 3676 2438 3727 Junio
2482 3680 2678 3748 Blaeso,

1604 3746 1701 3796 sub
1742 3747 1969 3797 Tiberio.
2038 3748 2099 3797 ld
2140 3752 2276 3814 qnod
2315 3753 2480 3804 refert
2506 3757 2676 3810 Tacit.

1606 3822 1793 3872 Annal.
1818 3837 1906 3874 ut.
1928 3828 2012 3874 74.
2034 3828 2049 3854 ‘
2067 3826 2348 3888 Tiberius,’
2379 3831 2605 3897 inquit,·‘
2621 3833 2677 3885 id

1604 3901 2009 3965 quoquesstaeso
2033 3902 2232 3961 tribuit,
2251 3915 2306 3955 ut
2325 3905 2624 3972 Imperator
2644 3925 2677 3961 a

1602 3975 1890 4037 legionibus
1937 3980 2276 4042 salutaretur,
2323 3984 2497 4045 prisco
2549 3999 2676 4051 erga

1601 4052 1764 4102 duces
1808 4054 2024 4112 bonore,
2068 4056 2159 4120 qni
2219 4056 2351 4107 bene
2397 4067 2550 4124 gesta
2597 4077 2673 4121 re,

1601 4127 1789 4191 gaudio
1826 4136 1879 4178 et
1916 4130 2115 4194 impetu
2157 4131 2371 4183 victoris
2406 4139 2671 4189 exereitus

1602 4204 2096 4257 conclamabantur:
2123 4216 2381 4274 erantque
2405 4213 2580 4277 plnres
2604 4216 2674 4265 si·

1601 4281 1708 4334 mul
1744 4281 2111 4348 imperatores,
2142 4297 2241 4336 nec
2271 4300 2432 4351 super
2468 4298 2670 4341 cetero.
