3060 4902
487 361 619 427 506

491 520 575 571 An
608 519 793 570 nomina
818 533 1009 581 magna,
1042 519 1193 583 longa
1232 526 1287 569 et
1324 522 1550 586 polysyl-

488 596 642 645 laba?
679 602 735 644 ut
763 597 1082 660 mechatus,
1118 605 1171 646 et
1209 599 1331 647 talia
1370 598 1551 647 barba·

489 689 680 724 rorum.
707 675 840 737 Lips.

555 752 834 816 Noscitan]
880 752 1098 802 Vocitare
1119 752 1237 813 alii3
1272 758 1326 801 at
1345 753 1551 801 noscita-

488 845 560 891 re,
585 828 659 877 sic
687 829 757 876 H.
780 828 1026 889 stephan.
1044 828 1092 875 in
1110 828 1357 889 margine.
1380 829 1553 878 Faber.

556 904 834 967 Noscitare]
868 905 1048 953 Codex
1074 904 1359 953 Vaticanus
1400 905 1459 952 R.
1486 906 1550 955 Α.

487 984 636 1031 1475.
661 987 715 1029 et
740 980 869 1028 liber
892 980 1188 1037 Vossianus,
1211 980 1335 1029 item
1374 983 1424 1029 in
1459 981 1551 1029 im·

490 1057 700 1120 pressis,
736 1056 1075 1111 Puteolanus,
1110 1057 1416 1111 Beroaldus,
1454 1057 1552 1105 Ca·

489 1141 708 1191 tantus,
738 1132 923 1187 Aldus,
956 1133 1252 1190 Rhenanus,
1289 1132 1552 1181 Philomu-

487 1225 598 1272 sns,
615 1210 882 1273 Stephani,
904 1216 957 1257 et
983 1208 1327 1268 Boxliornius,
1356 1208 1552 1258 babent

487 1287 694 1335 vocitare
707 1301 724 1343 ,-
739 1284 877 1350 quod
898 1299 1019 1332 vero
1037 1285 1249 1332 verbum
1267 1299 1551 1347 congruen-

489 1372 570 1412 ter
584 1363 791 1427 quidem
810 1360 873 1409 ad
890 1363 904 1387 ‘
924 1360 1125 1408 nomina
1140 1358 1368 1415 ducum.'
1385 1361 1551 1410 minus

489 1444 662 1488 tamen
687 1445 811 1501 apte
838 1436 901 1485 ad
939 1437 954 1462 ‘
981 1434 1228 1498 corpora’
1265 1444 1319 1484 et
1361 1433 1547 1484 faeiem

484 1519 501 1545 ⁸
527 1516 755 1579 ducum‚'
787 1514 1027 1565 refertur.
1095 1514 1268 1576 Magis
1291 1528 1416 1576 ergo
1445 1515 1553 1577 pla·

484 1605 570 1648 cet
600 1597 808 1645 verbum
833 1596 1086 1656 noscitare,
1108 1593 1245 1656 quod
1278 1594 1552 1657 utrobique

480 1673 654 1722 locum
677 1671 858 1731 habet,
893 1679 949 1720 et
975 1669 1024 1718 in
1061 1669 1252 1718 ceteris
1284 1668 1550 1718 codicibus

488 1749 629 1800 Mss.
673 1749 921 1811 librisque
975 1747 1183 1796 excusis
1224 1746 1555 1808 exprimitur.

489 1826 629 1876 Quin
677 1832 731 1873 et
777 1823 898 1872 alibi
945 1823 1126 1872 eodem
1178 1822 1339 1871 verbo
1383 1825 1553 1872 utitur

484 1898 719 1960 Plinius;
759 1914 807 1947 v.
850 1913 900 1959 g.
942 1899 1113 1960 Epist.
1154 1913 1238 1948 lx.
1271 1903 1356 1948 23.
1404 1902 1420 1928 ‘
1448 1899 1553 1949 De-

482 1977 779 2025 mosthenes
804 1975 922 2036 jure
958 1976 1169 2024 laetatus
1192 1983 1292 2033 est.
1318 1975 1453 2037 quod
1494 1976 1554 2025 il-

480 2053 595 2101 lum
617 2064 741 2099 anus
760 2050 937 2099 Attica
956 2050 1266 2099 noscit-‘urin'
1303 2049 1380 2102 cf.
1400 2052 1557 2114 idem,

488 2128 659 2191 Epist.
678 2131 850 2176 vs.20.
867 2140 950 2175 xx.
968 2132 1017 2177 6.
1054 2127 1202 2177 Curt.
1220 2142 1346 2177 vm.
1369 2133 1447 2178 13.
1463 2132 1479 2158 ‘
1496 2137 1553 2180 ut

488 2203 577 2253 vix
601 2203 1004 2265 colloquentium
1041 2202 1178 2252 inter
1214 2203 1353 2266 ipsos
1391 2203 1554 2254 facies

486 2277 872 2330 noscit-retur!
953 2280 1125 2328 Taceo
1158 2279 1361 2329 Livium
1396 2282 1552 2331 etiam

480 2357 669 2406 eodem
711 2355 869 2404 verbo
913 2356 1184 2420 aliquoties
1231 2372 1380 2407 usum
1422 2372 1555 2408 esse.

490 2435 738 2486 Saluum.

552 2514 843 2563 [inmanibus
884 2513 1040 2578 ausis]
1098 2512 1323 2576 Insignis
1367 2514 1555 2562 lacuna

484 2590 712 2639 antebac
739 2591 789 2639 in
815 2605 915 2640 non
950 2590 1132 2654 paucis
1166 2590 1311 2638 libris
1340 2589 1554 2651 impres·

486 2667 576 2723 sis.
610 2673 665 2716 et
707 2668 969 2717 recentius
1010 2667 1179 2717 adbuc
1218 2670 1470 2716 an.1693.
1502 2668 1553 2716 in

488 2743 719 2793 editione
752 2744 1064 2800 cellatione,
1091 2745 1227 2792 bunne
1261 2745 1427 2791 locum
1459 2741 1553 2791 foe-

485 2819 724 2875 daverat,
747 2835 862 2869 cum
889 2820 958 2868 ibi
983 2821 1053 2868 sic
1078 2819 1249 2867 editus
1271 2820 1555 2882 legeretur,

498 2897 673 2947 Videor
710 2896 888 2946 intueri
922 2896 973 2944 in
1010 2895 1225 2944 manibus
1255 2899 1554 2957 sequentem5

485 2986 600 3019 mox
621 2971 773 3034 ipsum
795 2977 839 3021 te
859 2971 1120 3030 sublimem,
1142 2973 1222 3031 &a
1293 2970 1444 3019 Nunc
1469 2970 1553 3019 de·

486 3045 683 3097 fectum
709 3049 857 3098 istum
894 3061 994 3095 non
1032 3055 1228 3095 tantum
1255 3062 1353 3110 ope
1380 3048 1554 3096 melio·

486 3137 600 3172 rum
617 3122 1024 3185 editionnm‚sed
1044 3123 1374 3185 plurimorum
1396 3124 1553 3173 etiam

486 3201 724 3249 codicum
751 3201 876 3248 Mss.
900 3199 1238 3263 explevimus.
1290 3200 1425 3250 Vide
1450 3203 1554 3252 Ex-

488 3291 626 3327 curs.
647 3287 817 3324 xxm.
851 3275 1003 3325 Idem.

553 3350 779 3414 fercula]
828 3351 957 3401 Haec
996 3361 1147 3402 erant
1188 3354 1555 3414 instrumenta,

490 3429 679 3496 quibus
704 3430 755 3478 in
781 3429 1038 3493 triumpho
1059 3444 1158 3479 non
1179 3434 1342 3480 solum
1365 3441 1554 3497 vestes,

487 3515 543 3557 et
567 3521 725 3563 arma,
760 3506 991 3555 hostibus
1014 3517 1228 3569 erepta;
1262 3507 1352 3557 sed
1377 3517 1432 3556 et
1455 3509 1555 3573 sig·

485 3597 558 3632 na
596 3596 657 3631 ac
686 3583 961 3631 simulacra
984 3581 1256 3643 opidorum
1296 3597 1554 3646 expugua—

489 3667 678 3715 torum,
710 3658 977 3720 montium,
1015 3656 1301 3713 fluviorum,
1339 3660 1557 3721 arcium,

489 3750 572 3793 ac,
595 3733 731 3798 qnod
759 3734 957 3782 Plinius
991 3749 1126 3782 niiue
1157 3738 1378 3783 maxime
1401 3736 1557 3799 signi·

488 3810 633 3865 fleat,
669 3810 858 3859 tabulae
880 3817 936 3859 et
960 3810 1126 3873 signs,
1159 3810 1343 3874 quibus
1382 3813 1557 3876 praelia

488 3896 542 3939 et
561 3887 778 3937 audacis
795 3886 1133 3936 barbarorum
1155 3886 1387 3937 facinora
1407 3897 1558 3941 erant

485 3979 761 4028 expressa3
795 3965 920 4013 item
944 3963 1227 4026 aliquando
1262 3964 1358 4027 ipsi
1395 3964 1557 4014 bonsi—

490 4056 584 4092 nes
622 4040 901 4090 nobiliores
939 4054 1005 4089 ex
1045 4038 1291 4101 captivis,
1327 4040 1559 4104 impone·

488 4122 698 4181 bantur,
725 4129 780 4170 ut
816 4121 958 4170 lento
996 4118 1160 4184 gradu
1189 4127 1246 4168 et
1282 4134 1377 4182 per
1413 4135 1560 4185 pom·

490 4212 613 4262 pem
636 4204 985 4260 gestarentur.
1006 4197 1089 4245 vel
1111 4196 1440 4248 veherentur.
1467 4197 1560 4248 Sic

488 4274 658 4326 Tacit.
699 4271 890 4325 Annei.
931 4287 996 4325 u.
1037 4274 1120 4323 ⁴1.
1155 4272 1221 4323 de
1258 4271 1559 4325 Germanici

1191 377 1406 428 ⁸01·AE
1455 377 1797 427 vamoRu
1812 378 1862 427 M

1914 378 1994 427 ΙΝ

1627 522 1920 586 triumpho:
1967 523 1982 549 ‘
2004 522 2211 584 Vects‚’
2244 523 2428 587 inquit,
2464 524 2481 554 ‘
2504 525 2694 588 spolia,

1626 600 1901 650 simulacra
1931 601 2200 662 montium,
2231 599 2514 656 fluminum,
2559 614 2690 662 proe·

1627 676 1843 726 liorum.’
1908 676 1987 725 Ac
2014 679 2147 726 Dion
2181 679 2326 726 Cass.
2364 678 2396 726 l.
2444 691 2604 727 xmn.
2638 692 2693 741 p.

1625 756 1740 801 234.
1756 761 1905 802 vocat
1930 753 2081 815 ἔργων
2101 752 2297 811 εἰκόνας,
2308 754 2554 814 factorum
2573 755 2692 803 ima·

1623 827 1783 891 gisnes,
1827 843 1940 892 qum
1989 832 2187 879 Plinius
2230 832 2311 879 bic
2366 833 2693 891 μπωννμικῶς

1627 902 1754 953 dicit
1780 906 2003 954 immania
2030 907 2332 956 barbarorum
2352 923 2486 966 ausu,
2506 909 2691 971 quibus

1628 977 1829 1028 fercula
1869 980 2014 1031 fuere
2049 991 2251 1031 onusta.
2324 983 2462 1032 Nihil
2498 985 2693 1033 attinet

1628 1054 1724 1103 boc
1748 1057 1863 1105 loco
1885 1057 2060 1106 dicere
2085 1058 2149 1107 de
2174 1075 2267 1108 usu
2303 1057 2613 1109 ferculorum
2638 1061 2690 1109 in

1629 1132 1897 1189 conviviis,
1940 1134 2119 1198 quibus
2155 1150 2273 1183 vasa
2318 1137 2482 1199 plura,
2524 1151 2692 1200 eaque

1628 1209 1782 1272 plena
1820 1210 1969 1266 cibis,
1994 1225 2092 1259 nna
2126 1211 2238 1260 vice
2275 1212 2536 1274 imposita,
2559 1211 2692 1261 infe-

1628 1286 1877 1335 rebantur
1913 1289 2132 1349 mensis3
2167 1297 2275 1351 aut,
2315 1289 2498 1353 quibus
2533 1290 2690 1339 etiam

1627 1362 1678 1411 in
1739 1361 2004 1412 funeribus
2057 1364 2257 1413 cineres
2323 1364 2693 1415 defunctorum

1627 1440 1980 1500 gestabantur.
2051 1440 2186 1488 Vide
2211 1441 2439 1504 Lipsium
2474 1441 2539 1490 ad
2576 1442 2628 1491 b.
2656 1443 2692 1490 1.

1630 1515 1956 1576 onuphrium
2000 1517 2222 1566 Panvin.
2262 1518 2328 1566 de
2377 1518 2536 1567 Ludis
2579 1519 2692 1568 Cir·

1628 1604 1767 1640 cens.
1789 1606 1852 1642 ιι.
1871 1599 1918 1642 2.
1940 1593 2288 1653 Bulengerum
2308 1592 2375 1642 de
2394 1593 2699 1657 Triumpho,

1630 1682 1676 1717 c.
1698 1672 1781 1718 26.
1831 1667 2152 1719 Scbefferum
2186 1670 2251 1718 de
2293 1670 2370 1719 Re
2398 1668 2695 1719 Vebicnlari

1630 1757 1696 1794 u.
1737 1750 1787 1794 3.
1854 1746 2300 1795 commentatores
2350 1747 2413 1796 ad
2468 1747 2582 1798 Cic.
2628 1747 2695 1796 de

1631 1819 1789 1872 Offic.
1820 1837 1858 1871 1.
1882 1826 1960 1871 86.
2001 1837 2063 1871 ιι.
2088 1827 2136 1871 8.
2172 1824 2321 1872 Idem.

1700 1899 1890 1947 Onusta
1907 1899 2121 1961 ser-cula]
2155 1898 2218 1948 ld
2244 1907 2346 1961 est,
2368 1898 2417 1947 iu
2444 1898 2567 1962 ipsis
2590 1896 2697 1946 fer-

1631 1973 1763 2022 culis
1797 1987 2044 2036 expressa
2080 1972 2556 2023 facinoiaaeaudacia
2581 1975 2696 2023 bar·

1632 2050 1891 2100 berorum.
1964 2051 2098 2100 Nam
2141 2050 2209 2099 ibi
2251 2049 2482 2113 flumina,
2522 2050 2698 2111 urbes,

1630 2142 1840 2191 pugnae,
1884 2126 2131 2191 quidquid
2179 2127 2457 2190 singulare.
2503 2127 2696 2190 populo

1630 2203 2021 2253 ostendebatur.
2087 2202 2259 2252 Tacit.
2316 2202 2451 2252 Anu.
2509 2216 2573 2251 11.
2627 2202 2696 2253 de

1631 2280 1930 2330 Germanici
1956 2278 2241 2342 triumpho:
2275 2278 2291 2306 ⁸
2319 2279 2487 2328 Vecta
2509 2277 2697 2341 spolia,

1629 2355 1848 2420 captivi,
1891 2355 2162 2404 simulacra
2213 2355 2486 2417 montium,
2527 2352 2695 2403 flumi-

1631 2447 1770 2495 num,
1809 2430 2141 2497 praeliorum.'
2226 2430 2553 2494 Propertius,
2600 2436 2698 2480 ‘et

1630 2511 1795 2559 titulis
1815 2508 2010 2571 oppida
2032 2517 2188 2571 capta
2209 2508 2408 2570 legam.’
2456 2508 2699 2557 Claudia·

1630 2600 1745 2644 ntis,
1779 2586 1795 2614 ⁸
1821 2586 1894 2635 Hi
1925 2584 2144 2635 famulos
2166 2586 2435 2634 traherent
2459 2600 2623 2648 reges.
2642 2586 2695 2635 hi

1630 2660 1769 2709 facta
1810 2661 2035 2709 metallis
2082 2661 2315 2726 Oppida,
2353 2664 2435 2710 vel
2472 2673 2696 2719 montes,

1629 2738 1939 2801 captivaque
1975 2734 2186 2787 flumina
2224 2738 2460 2789 ferrent!
2539 2747 2553 2768 ‘
2580 2740 2697 2789 Me·

1631 2814 1802 2866 tallis'
1838 2816 1911 2864 ait
1941 2814 2103 2871 facta,
2141 2817 2191 2865 id
2225 2824 2304 2866 est
2333 2833 2459 2867 auro
2497 2819 2576 2866 vel
2610 2832 2694 2867 ar·

1595 2899 1821 2956 'gent03
1865 2892 1956 2939 sed
2001 2901 2054 2940 et
2097 2893 2274 2950 ebore.
2321 2894 2478 2955 citro,
2521 2904 2610 2944 aut
2654 2896 2695 2945 si

1630 2969 1751 3033 quid
1782 2968 1922 3017 aliud
1959 2983 2153 3025 cerum,
2187 2971 2268 3018 vel
2301 2984 2489 3020 rarum.
2558 2971 2696 3021 Vide

1626 3046 1839 3094 Sueton.
1879 3044 1988 3095 Jul.
2023 3058 2070 3093 c.
2097 3049 2178 3093 37.
2229 3047 2447 3095 Dionem
2487 3051 2567 3098 43.
2604 3050 2693 3111 qui

1630 3123 1741 3172 liaec
1785 3122 1995 3184 fercula,
2052 3121 2266 3182 πομπηΐα
2307 3124 2484 3184 vertit,
2528 3124 2696 3186 iisque

1629 3201 1856 3263 imponit
1897 3198 2048 3261 ἔργων
2080 3199 2274 3255 εἰκόνας,
2295 3200 2544 3259 succorum
2576 3201 2699 3249 imn-

1626 3279 1797 3339 gines3
1831 3277 1921 3326 sed
1961 3288 2082 3326 ante
2118 3291 2295 3325 omnes
2314 3276 2619 3338 sompnum,
2644 3277 2695 3325 in

1626 3354 1852 3406 Judaico
1876 3354 2156 3417 triumpho,
2178 3354 2264 3419 qui
2297 3353 2313 3379 ‘
2335 3361 2579 3417 pegmata
2596 3352 2608 3373 '
2632 3367 2698 3403 ea

1628 3430 1776 3480 dicit.
1808 3430 1941 3492 Lips.

1700 3505 1924 3568 Fer-enta]
1972 3504 2108 3556 Haec
2153 3506 2377 3563 tardius.
2425 3513 2693 3556 ostentau-

1631 3580 1683 3629 di
1727 3582 1966 3631 nimirum
2007 3582 2194 3645 gratia,
2239 3584 2392 3632 solita
2433 3583 2699 3633 incedere.

1632 3657 1772 3708 Hinc
1796 3659 1909 3708 Cic.
1943 3668 2129 3708 contra
2162 3659 2507 3722 spissigrados
2542 3657 2700 3709 offic.

1629 3734 1719 3784 lib.
1761 3749 1798 3785 1.
1833 3738 1849 3764 ‘
1877 3735 2177 3785 Cavendum
2215 3735 2333 3796 est‚'
2367 3737 2556 3800 inquit,
2589 3737 2605 3763 ‘
2628 3751 2696 3786 ne

1632 3810 1967 3861 tarditatibus
1992 3821 2200 3861 utamur
2230 3812 2281 3861 in
2313 3811 2545 3875 ingressu
2571 3814 2699 3862 mol·

1631 3891 1868 3949 lior-ibus,
1892 3885 1956 3939 ut*
1982 3903 2284 3953 pomparum
2322 3887 2532 3939 ferculis
2556 3890 2701 3940 simi-

1630 3969 1707 4017 les
1731 3981 1846 4016 esse
1870 3965 2172 4015 videamur:
2204 3965 2359 4015 Bern.

1703 4044 1857 4107 Fata]
1895 4040 2132 4090 Antehac
2163 4041 2214 4091 in
2251 4039 2486 4090 omuibus
2510 4041 2699 4094 editio·

1632 4119 1786 4170 nibus
1810 4117 2190 4182 legii-usserio.
2256 4117 2377 4169 Jam
2412 4132 2535 4168 vero
2557 4121 2696 4169 Bau·

1634 4196 1771 4258 dius,
1787 4194 2019 4259 quamvis
2035 4192 2304 4243 codicibus
2323 4194 2451 4243 Mss.
2474 4194 2699 4245 destitu-

1638 4279 1742 4338 tus,
1773 4270 1956 4337 gestiit
1989 4269 2164 4334 legere
2183 4270 2319 4334 sata,
2342 4272 2385 4321 si
2409 4271 2598 4323 liceret
2620 4273 2698 4324 iu·
