3060 4902
713 343 777 391 0.
826 342 1066 393 emim
1117 343 1447 393 sssctmm
1501 344 1773 393 PANBG.
1857 347 1902 393 1.

289 488 474 538 omissa
526 488 782 552 particula
819 495 934 551 tum,
979 489 1237 553 proditum
1274 496 1357 540 est

289 567 489 632 officium
525 567 756 615 modicam
769 581 791 624 ,-
825 575 878 614 at
914 566 963 614 iu
995 566 1175 616 codice
1208 566 1357 616 Pari·

291 644 468 701 siensi‚
498 647 554 691 et
589 643 700 690 aliis
721 640 1046 705 quibusdam,
1085 642 1242 690 etiarn
1270 657 1356 691 co-

291 720 412 784 puta
436 734 525 782 que
544 719 841 782 adjungitur
870 719 1106 783 sequenti
1130 720 1356 780 particu-

290 797 379 859 loe,
411 801 596 859 tamque
631 800 979 857 εειηρεταειιιης
1014 810 1166 859 quam
1201 809 1356 859 copu-

291 874 393 923 lam
419 872 595 921 lubens
619 872 821 921 admisi.
856 872 1103 921 Schmun.

358 948 603 1014 Officium]
647 948 772 1009 Ipsi.
813 948 901 1012 qui
944 946 1224 1003 deducunt,
1267 955 1357 996 aut

291 1028 626 1075 comitantur.
674 1024 927 1074 Ovidius:
963 1024 1239 1075 ‘Substitit
1255 1025 1357 1088 bic,

291 1115 582 1165 agmenque
614 1117 761 1150 suum
801 1102 1068 1167 turbaeque
1095 1104 1357 1167 sequentis

295 1176 557 1235 Officium,
583 1177 786 1241 placido
808 1180 943 1227 visus
963 1179 1228 1227 dimittere
1249 1180 1356 1227 vul-

293 1254 387 1306 tu!
453 1255 753 1317 Suetonius,
775 1255 994 1315 Seneca,
1019 1257 1123 1304 alii.
1160 1255 1292 1317 Lips.

360 1331 625 1394 Modicum]
661 1332 779 1380 Non
804 1329 1049 1394 frequens
1090 1340 1180 1381 aut
1216 1346 1357 1396 mag·

298 1421 452 1457 num:
489 1417 547 1457 ut
570 1407 758 1457 divites
794 1408 866 1456 illi
902 1410 1108 1472 agmina
1142 1417 1256 1458 tota
1279 1423 1355 1457 so·

295 1486 405 1534 lent
430 1486 653 1533 trahere.
688 1483 840 1534 Idem.

357 1560 555 1625 Aliquis
591 1575 880 1624 mansisque
917 1563 1099 1626 consul]
1151 1563 1359 1626 Aliquis·

294 1654 383 1703 qne
400 1654 599 1702 magnus
620 1641 782 1689 consul
802 1640 965 1690 Lirin.
982 1642 1032 1689 iu
1057 1648 1234 1701 textu3
1267 1642 1359 1690 sed

297 1719 350 1765 in
385 1718 638 1781 margine,
664 1718 841 1781 aliquis
871 1732 1164 1782 magnusque
1200 1720 1362 1767 consul

360 1870 605 1934 Antiquae
639 1872 814 1934 uliquis
851 1885 1139 1934 magnusque
1179 1870 1361 1934 consul]

303 1947 481 1996 eoam
500 1961 720 2008 magnus,
742 1948 908 2011 qualis
946 1956 1061 1996 erat
1099 1948 1148 1996 in
1187 1948 1357 2011 pristi-

301 2035 367 2070 na
391 2022 687 2085 reipublicae
712 2022 975 2071 libertate.
1043 2024 1184 2073 Olim
1211 2024 1361 2084 vulgo

301 2099 497 2165 editum
521 2107 621 2160 est,
635 2100 859 2163 antiquus
880 2099 1144 2163 aliquisque
1161 2115 1363 2162 magnus

298 2177 474 2225 unul.
541 2176 733 2225 Verum
783 2178 830 2224 in
880 2175 1141 2225 codicibus
1187 2175 1364 2226 Vatic.

301 2251 600 2313 Parisiensi,
628 2252 1025 2316 salisburgensi,
1050 2254 1361 2317 Guelpliico‚

299 2336 354 2378 et
399 2337 624 2392 utroque
668 2328 889 2385 Veneto,
933 2331 1117 2392 copula
1151 2346 1240 2392 que
1282 2346 1362 2377 se·

301 2406 481 2471 quenti
507 2406 622 2456 voci
658 2420 873 2469 magnas,
903 2406 1060 2468 idque
1083 2407 1360 2456 comniodi-

302 2498 380 2544 us,
398 2482 747 2546 subjungitur.
812 2482 1068 2548 Denique,
1097 2486 1149 2532 in
1179 2484 1362 2533 codice

301 2561 560 2610 Vaticano
586 2563 730 2609 1475.
764 2561 817 2609 in
853 2560 1131 2621 Patavino,
1156 2573 1207 2610 et
1234 2561 1362 2612 libro

300 2637 575 2691 vossiano.
609 2638 733 2686 item
768 2644 825 2686 et
858 2636 910 2686 in
944 2637 1238 2699 Puteolani,
1261 2639 1361 2687 Be·

304 2714 490 2771 rosidi,
526 2713 829 2776 philomini,
872 2727 931 2762 ac
966 2713 1197 2763 Rhenani
1218 2714 1362 2763 libris

303 2791 584 2856 impressis,
611 2804 706 2853 pro
731 2790 889 2839 verbo
923 2790 1156 2854 incedere,
1177 2793 1361 2842 vitiose

304 2869 564 2934 proditum
589 2875 669 2917 est
690 2868 998 2931 intercedere.
1033 2868 1283 2917 Schwart-

367 2947 593 2995 Incedere
612 2943 876 3006 uideretur]
911 2944 1209 2993 Intercedere
1234 2946 1362 2994 vide-

302 3028 440 3072 retur
460 3021 591 3071 edit.
617 3023 848 3070 Rhenau.
870 3020 962 3070 sed
991 3023 1205 3070 incedere
1234 3022 1362 3071 vide·

303 3106 442 3151 retur
475 3098 667 3148 Faber.

370 3176 507 3227 Csn.
530 3188 742 3224 mxxvii.
779 3175 882 3223 Iter
902 3175 977 3222 illi
1002 3174 1201 3238 sepius]
1235 3176 1365 3225 Pro·

305 3253 498 3302 nomini
531 3252 625 3306 illi,
648 3249 784 3314 quod
817 3251 1029 3314 respicit
1064 3251 1369 3314 Trajauutn,

303 3332 502 3380 inertes
548 3329 747 3378 librarii
792 3329 990 3378 literam
1035 3344 1077 3391 s,
1122 3328 1259 3379 sorte
1302 3347 1366 3379 ex

304 3408 455 3457 initio
476 3406 741 3469 sequentis
759 3406 897 3454 vocis
918 3406 1108 3468 sapius,
1131 3404 1366 3457 affricue-

304 3497 395 3544 κς
430 3483 567 3534 unde
606 3484 657 3530 iu
700 3482 963 3531 codicibus
1010 3483 1137 3533 Mss.
1173 3484 1369 3533 Parisi-

306 3561 436 3615 cnsl.
466 3569 688 3623 utroque
718 3558 938 3615 Veneto,
972 3560 1370 3623 salisburgensi,

306 3637 588 3698 Patavino,
611 3643 664 3684 et
701 3634 830 3685 libro
854 3635 1126 3692 Vossiauo,
1152 3651 1243 3700 pro
1275 3639 1368 3695 illi,

304 3714 502 3777 legitur
521 3712 656 3772 iuis,-
686 3712 821 3776 quod
860 3712 1100 3762 mendum
1136 3716 1292 3763 etiam
1317 3716 1369 3764 in

306 3790 585 3841 Puteolani
599 3791 787 3839 librum
808 3789 1119 3840 transfusum
1138 3799 1234 3840 est.
1269 3792 1369 3841 Vo-

305 3867 546 3917 sabulum
592 3881 715 3916 vero
752 3868 866 3924 iter,
901 3884 932 3916 a
965 3868 1145 3930 supino
1181 3867 1373 3926 ‘itum,’

309 3945 453 3994 verbi
489 3945 505 3971 ⁴
524 3945 621 4000 co.'
656 3945 871 4000 dictum,
895 3945 1045 3994 niodo
1068 3945 1253 4006 locum,
1277 3959 1372 4008 per

307 4034 460 4085 quem
500 4021 624 4084 itur,
657 4020 807 4070 ruodo
844 4029 1024 4069 actum·
1055 4029 1109 4070 et
1147 4022 1370 4070 laborem

307 4096 482 4154 cundi,
495 4096 646 4145 modo
654 4097 740 4159 jus
758 4096 1101 4158 eundi,uotat.
1135 4097 1189 4146 Si
1205 4097 1372 4147 locum

307 4175 486 4236 eundi,
521 4173 676 4224 modo
709 4175 914 4237 longum
949 4183 1003 4223 et
1043 4176 1373 4239 peregrinum

309 4252 608 4319 significan
641 4260 701 4303 ut
735 4261 815 4304 est
854 4253 989 4318 apud
1026 4254 1167 4305 Plin.
1203 4254 1373 4317 Epist.

1948 333 2057 396 77.
2356 327 2493 396 963

1432 503 1492 538 n.
1539 494 1616 539 17.
1664 490 1810 540 ‘lter
1854 505 2144 550 arenosum,
2188 490 2394 553 gravius
2438 497 2497 541 ct

1431 565 1685 628 longiusz’
1720 568 1869 616 modo
1903 566 2162 629 siguificat
2195 567 2352 616 breve
2377 567 2498 629 iter,

1432 643 1588 690 etiam
1616 642 1750 690 iutra
1768 643 1929 704 ipsam
1950 643 2160 691 urbem:
2198 641 2334 692 sicut
2357 643 2497 692 enim

1432 719 1553 768 urbs
1579 719 1741 768 Roma
1764 720 1817 768 in
1845 719 2229 780 quatuordecim
2261 720 2497 782 regiones

1432 795 1497 844 ab
1536 794 1776 859 Augusto
1807 796 1974 846 divisa
2010 804 2152 859 erat3
2185 797 2257 846 ita
2296 796 2496 860 quaevis

1433 875 1578 937 regio
1613 873 1769 923 etiarn
1809 884 1950 923 certa
1990 875 2196 930 itinera,
2218 872 2327 922 sive
2362 874 2496 927 loca,

1431 949 1680 1009 habebat,
1698 964 1789 1012 per
1812 966 1924 1014 qua·
1952 952 2130 1012 iretur,
2145 964 2259 1015 quas
2281 957 2335 999 et
2355 949 2498 999 dicta

1433 1033 1554 1074 suut
1609 1032 1624 1055 ‘
1654 1026 1889 1089 plateae.'
1952 1028 2122 1077 Tacit.
2167 1024 2356 1077 Annal.
2399 1038 2498 1075 xv.

1430 1104 1513 1149 38.
1553 1101 1620 1150 de
1661 1102 1952 1166 hujusmodi
2000 1102 2270 1153 itineribus
2309 1102 2497 1152 veteris

1435 1179 1576 1226 urbis
1604 1194 1615 1223 ι
1648 1180 1663 1205 ⁸
1684 1177 1967 1240 Obnoxia,’
1990 1181 2178 1242 inquit,
2209 1180 2363 1228 ‘urbe
2384 1193 2498 1228 arc-

1437 1255 1502 1302 tis
1538 1254 1832 1317 itineribus,
1853 1255 2055 1319 hucque
2086 1266 2140 1305 et
2167 1256 2290 1305 illuc
2313 1254 2519 1305 flexis.··

1433 1329 1637 1377 Plinius
1663 1345 1841 1394 supra,
1863 1344 1958 1380 nt.
1986 1336 2034 1381 6.
2066 1339 2081 1360 ·
2103 1332 2353 1397 Ingentes
2386 1332 2501 1380 lios·

1435 1408 1624 1456 tiarntn
1659 1421 1840 1469 greges
1877 1422 1970 1471 per
2004 1409 2340 1472 capitolinum
2379 1410 2500 1465 iter,

1435 1497 1622 1546 magna
1645 1486 1721 1533 sui
1752 1493 1900 1547 parte
1924 1486 2064 1534 velut
2102 1484 2402 1547 intercepti,
2424 1485 2500 1534 di·

1435 1569 1642 1610 vertere
1670 1561 1753 1608 via
1776 1563 2135 1624 cogebantur!
2197 1564 2397 1611 Seneca
2430 1563 2501 1611 E-

1435 1637 1560 1699 pist.
1581 1641 1663 1686 ³1.
1697 1638 1847 1688 simul
1871 1639 1934 1686 de
1958 1639 2167 1688 urbanis
2192 1646 2247 1688 et
2272 1640 2503 1703 peregri·

1435 1714 1512 1762 uis
1548 1715 1848 1763 itineribus:
1889 1716 2086 1764 ‘Turba
2106 1729 2363 1764 servorum
2395 1716 2501 1764 lec-

1436 1790 1593 1838 ticam
1638 1796 1777 1838 tuam
1825 1805 1917 1851 per
1963 1793 2155 1840 itinera
2197 1792 2393 1840 urbana
2437 1804 2501 1841 ac

1435 1867 1709 1931 peregrina
1748 1868 2106 1930 portantium!
2172 1867 2374 1917 Deinde
2405 1868 2502 1918 iter

1436 1953 1608 1992 actum
1632 1944 1782 1992 eundi
1819 1953 1870 1992 et
1905 1944 2282 2007 proficiscendi,
2306 1958 2420 1993 cum
2448 1946 2502 1994 in

1436 2019 1584 2076 urbe,
1606 2021 1677 2067 uti
1703 2022 1752 2069 in
1775 2022 1871 2071 boc
1897 2022 2053 2071 Plinii
2083 2024 2196 2071 ioco
2221 2039 2237 2084 3
2274 2029 2381 2072 tum
2405 2037 2495 2070 ex-

1438 2104 1517 2144 tra
1542 2098 1719 2145 urbem
1746 2107 1796 2144 et
1821 2099 1873 2145 in
1899 2100 2182 2161 peregrinis
2210 2102 2383 2161 terris,
2398 2101 2498 2162 sig·

1437 2173 1634 2222 nificat.
1673 2175 1758 2223 Sic
1783 2174 1984 2223 Plinius
2003 2176 2202 2238 Paneg.
2225 2188 2322 2224 xx.
2341 2181 2386 2224 1.
2409 2178 2425 2204 ‘
2446 2177 2500 2225 1-

1439 2260 1520 2300 ter
1540 2250 1657 2299 iude
1677 2251 1935 2314 placidum
1952 2267 2010 2299 ac
2030 2250 2355 2300 modestum!
2382 2252 2503 2301 Quo

1437 2329 1700 2391 pertinent
1741 2329 1894 2377 etiam
1933 2328 2165 2377 formulae
2204 2329 2492 2379 Plinianae:

1433 2405 1631 2454 ‘itineri
1651 2404 1977 2469 pra-parari‚’
1996 2405 2130 2455 ‘iter
2145 2403 2356 2463 facere,'
2371 2413 2386 2433 ‘
2400 2408 2503 2456 iter

1439 2483 1731 2547 peragere,'
1747 2487 1847 2533 &m
1882 2486 2098 2534 Terent.
2118 2486 2327 2535 Pliorm.
2345 2499 2429 2534 111.
2452 2489 2502 2534 3.

1436 2565 1518 2610 34.
1538 2560 1604 2610 dc
1624 2561 1699 2610 itu
1718 2564 1767 2608 iu
1791 2562 1937 2620 urbe,
1971 2569 1986 2591 ⁸
2008 2562 2189 2611 Dicam
2211 2564 2261 2610 in
2279 2561 2503 2612 itinere.'

1436 2638 1691 2687 Phaedrus
1708 2637 1774 2686 de
1798 2638 2010 2701 AEsopo,
2033 2639 2386 2689 circumeunte
2411 2638 2503 2689 do-

1438 2732 1545 2765 mos
1580 2717 1630 2764 in
1669 2718 1814 2779 urbe,
1852 2731 1938 2767 m.
1964 2722 2043 2767 19.
2076 2726 2090 2747 ⁸
2113 2720 2245 2768 Turn
2283 2721 2502 2769 circuni-

1438 2794 1580 2841 eunti
1604 2792 1774 2842 fuerat
1797 2794 1931 2857 quod
1954 2795 2054 2843 iter
2071 2796 2291 2859 longius,
2312 2794 2507 2847 Effecit

1439 2871 1685 2919 brevius:
1740 2885 1961 2937 narnque
2009 2882 2153 2920 recta
2199 2887 2293 2935 per
2336 2870 2503 2922 forum

1439 2949 1616 3009 Coepit
1656 2946 1865 2996 redire.’
1943 2948 2171 2997 Tandem
2214 2950 2310 2997 iter
2347 2951 2503 2999 etiam

1440 3023 1681 3086 designat
1715 3024 1801 3085 jus
1833 3022 2021 3082 euudi;
2058 3038 2105 3071 v.
2131 3040 2179 3078 ε.
2217 3024 2352 3086 apud
2388 3024 2503 3074 Cic.

1441 3115 1538 3163 pro
1558 3101 1681 3149 Sex.
1705 3100 1861 3149 Rosc.
1884 3099 2060 3149 Aruer.
2097 3116 2145 3150 c.
2165 3104 2214 3149 9.
2260 3102 2276 3128 ⁸
2296 3100 2379 3149 Ne
2404 3101 2504 3149 iter

1442 3178 1647 3240 quidem
1686 3176 1750 3224 ad
1788 3175 2077 3237 sepulcrum
2120 3177 2342 3238 patrium
2386 3178 2507 3226 reli-

1441 3251 1590 3316 quit!
1656 3252 1970 3314 Pomponius
2004 3250 2068 3299 de
2102 3251 2354 3314 Sepulcro
2376 3252 2505 3301 Vio-

1445 3331 1571 3386 lato‚
1611 3329 1645 3376 l.
1677 3331 1725 3377 6.
1761 3336 1774 3358 ·
1795 3327 2023 3390 Legibus
2047 3327 2355 3390 pra’dioruin
2380 3343 2505 3378 ven-

1444 3405 1732 3455 dundorum
1770 3412 2004 3465 cavetur,
2042 3413 2099 3453 ut
2145 3404 2209 3453 ad
2248 3405 2505 3468 sepulcra,

1445 3499 1559 3549 quae
1598 3483 1648 3531 in
1690 3481 1864 3531 fundis
1901 3489 2038 3536 suut,
2073 3483 2172 3531 iter
2205 3483 2274 3543 ei,
2310 3483 2505 3543 aditus,

1445 3561 1791 3624 ambitusque,
1826 3556 2021 3607 funeris
2057 3557 2287 3607 faciundi
2321 3573 2508 3609 caussa

1445 3637 1550 3687 sit.'
1614 3635 1752 3686 Hinc
1788 3637 2066 3685 servitutes
2102 3636 2298 3686 itineris
2328 3636 2392 3684 ad
2425 3650 2505 3685 se·

1447 3714 1701 3776 pulcrum,
1746 3711 1881 3775 apud
1916 3712 2350 3774 jurisconsultos3
2395 3711 2508 3776 qni,

1446 3791 1534 3839 nbi
1551 3790 1616 3839 de
1638 3790 1975 3839 servitutibus
2000 3790 2307 3852 praediorum
2330 3795 2505 3849 agunt,

1447 3870 1602 3919 etiam
1629 3869 1831 3918 solicite
1855 3870 1967 3929 iter,
1991 3882 2021 3915 a
2054 3869 2069 3893 ⁴
2088 3865 2208 3926 via,'
2230 3876 2283 3915 et
2307 3865 2507 3922 ‘actis,'

1447 3946 1792 4007 distinguunt.
1859 3943 1943 3993 Cf.
1975 3953 2170 4007 praeter
2193 3944 2340 4000 alios,
2362 3945 2504 4007 Byu·

1448 4021 1720 4071 kerslioeck
1742 4020 2015 4070 Observat.
2040 4019 2182 4070 Juris
2213 4020 2361 4069 Rom.
2387 4034 2505 4083 cap.

1449 4111 1526 4148 tv.
1548 4102 1598 4147 7.
1652 4097 1732 4145 De
1759 4096 2023 4145 translatis
2047 4094 2505 4159 significationibus

1451 4176 1591 4225 vocis
1623 4170 1880 4222 ‘itineris'
1916 4171 2040 4221 nihil
2062 4171 2246 4220 attinet
2268 4171 2367 4221 hoc
2391 4172 2505 4224 loce

1450 4265 1624 4316 agere.
1657 4249 1896 4300 θώων..
