3060 4902
539 338 671 405 592

537 499 690 563 hujus
715 499 921 563 generis
945 498 1189 550 formulas
1213 499 1473 564 sigillatim
1506 500 1610 550 col-

544 575 738 638 ligere:
793 577 808 603 ‘
832 576 1051 626 hostiles
1099 577 1312 639 spiritus
1358 575 1611 639 induere,’

537 653 553 681 ‘
577 650 824 702 affectum
867 652 1122 717 induere,'
1161 655 1413 717 ‘pavores
1458 652 1612 702 salsos

537 729 790 793 induere,'
824 730 1082 781 ‘animum
1116 729 1263 780 bonis
1300 730 1497 780 artibus
1533 729 1611 781 in·

542 803 739 867 duere‚'
765 808 863 855 &c.
886 806 1040 856 Idem.

605 882 928 946 Induebatur]
952 882 1219 933 Audacter
1242 882 1369 933 satis
1404 888 1462 933 et
1485 882 1610 946 poi}-

541 958 688 1019 tice;
724 968 865 1009 terra
909 960 1175 1024 segetibus
1209 961 1335 1025 tegi,
1371 968 1425 1011 et
1460 960 1609 1024 quasi

541 1036 718 1086 vestiri
744 1036 964 1086 videtur.
1002 1038 1137 1100 Lips.

613 1112 772 1175 Usque
792 1112 1139 1178 ‹id-injuriam]
1174 1115 1239 1164 In
1276 1115 1431 1165 variis
1466 1114 1609 1165 codi-

539 1188 686 1238 cibus
720 1189 945 1253 scriptis,
967 1191 1275 1256 excursisque
1299 1191 1461 1255 libris,
1485 1207 1607 1256 pro-

541 1265 684 1315 ditur
721 1280 864 1329 usque
899 1269 951 1316 in
995 1267 1238 1326 injuriam.
1308 1268 1464 1317 Haud
1513 1271 1607 1317 im-

539 1341 704 1404 probo
740 1342 875 1391 banc
908 1342 1119 1392 dicendi
1154 1344 1424 1400 rationem,
1455 1359 1609 1408 quam

540 1417 757 1466 aliorum
781 1419 940 1466 etiam
967 1427 1235 1468 auctorum
1269 1420 1507 1482 exempla
1528 1428 1608 1468 tu·

539 1501 710 1543 entur.
757 1493 846 1542 Sic
867 1495 1099 1558 loquitur
1119 1495 1322 1544 Seneca
1335 1495 1399 1543 de
1417 1493 1608 1544 Benef.

540 1580 620 1617 tv.
654 1575 706 1619 5.
764 1575 779 1597 ‘
807 1569 990 1634 Neque
1033 1572 1169 1619 enim
1202 1570 1607 1620 necessitatibus

542 1647 906 1699 tantummodo
959 1648 1147 1697 nostris
1189 1649 1449 1713 provisum
1491 1658 1608 1711 est;

538 1724 784 1783 usquein
832 1724 1047 1773 delicias
1086 1723 1349 1775 amamur!
1407 1726 1608 1776 Colum.

541 1799 699 1849 Proet'.
730 1800 827 1849 lib.
862 1815 968 1850 xli.
1007 1801 1071 1850 de
1097 1802 1176 1850 Re
1205 1802 1352 1852 Rust.
1385 1800 1401 1828 ‘
1427 1803 1609 1866 Usque

539 1878 590 1923 in
650 1882 855 1938 patrum
920 1887 1214 1927 nostrorum
1274 1877 1608 1927 memoriam!

537 1952 755 2002 Boe‘tius
779 1954 844 2001 de
869 1953 1073 2003 consol.
1111 1955 1307 2003 Philos.
1333 1955 1369 2002 l.
1391 1969 1430 2005 ι.
1457 1969 1610 2018 prosa

540 2031 588 2076 l.
638 2035 652 2061 ‘
677 2029 784 2079 Sed
808 2029 949 2080 abite
975 2031 1165 2094 potius,
1187 2031 1417 2087 Sirenes,
1446 2047 1609 2095 usque

538 2103 593 2153 in
614 2103 860 2156 delicium
885 2106 1087 2155 dulces!
1111 2107 1126 2131 ’
1159 2107 1313 2155 Haud
1343 2108 1609 2171 pauciores

544 2186 713 2231 tamen
750 2183 868 2232 libri
904 2182 1096 2231 babent
1119 2198 1262 2247 usque
1284 2186 1345 2232 ad
1364 2185 1607 2246 injuriam.

539 2257 628 2306 Ita
649 2259 855 2308 scilicet
876 2260 987 2310 haec
1023 2261 1182 2309 verba
1217 2259 1456 2310 referunt
1480 2260 1608 2309 Mas.

539 2333 799 2391 Vaticani.
834 2336 1262 2399 salisburgensis,
1286 2345 1338 2386 et
1361 2338 1608 2400 Guelphi·

537 2424 657 2471 eus3
693 2420 850 2475 atque
877 2413 928 2461 iu
965 2413 1230 2477 impressis
1260 2413 1424 2475 libris,
1445 2413 1609 2464 Bero-

538 2488 707 2549 aldus,
730 2489 1026 2552 Catanaeus,
1064 2491 1245 2552 Aldus,
1268 2492 1453 2551 Junta,
1474 2492 1610 2556 Gry·

538 2563 707 2625 phius,
729 2563 1026 2621 Ascensius,
1055 2565 1355 2627 Sicliardus,
1393 2568 1611 2630 Navius,

539 2639 822 2699 Livineius,
859 2640 929 2689 H.
975 2641 1289 2704 Stephanus,
1336 2641 1610 2706 cellarius,

535 2714 771 2778 Hearne,
794 2722 850 2764 et
873 2730 1006 2764 nunc
1030 2715 1317 2764 Gesnerus.
1365 2718 1478 2766 Nec
1495 2732 1610 2766 raro

538 2789 661 2839 alibi
687 2791 844 2839 etiam
872 2791 1163 2854 promiscue
1182 2794 1432 2855 scriptum
1460 2808 1607 2857 repe·

533 2867 669 2916 ritur
689 2882 834 2930 usque
858 2869 928 2929 in,
953 2876 1006 2916 et
1038 2883 1183 2930 usque
1204 2871 1284 2918 od.
1355 2870 1508 2918 Hanc
1532 2878 1606 2918 ta·

535 2959 654 2997 men
681 2945 1309 3008 posterioremlectionem
1329 2946 1606 3009 priorijam

533 3018 911 3084 praeferendam
943 3022 1162 3083 opinor;
1201 3023 1386 3085 primo,
1408 3023 1528 3087 quia
1554 3024 1606 3073 in

534 3098 909 3160 compositione
951 3098 1241 3153 verborum,
1272 3114 1415 3161 usque
1448 3100 1510 3147 ad
1532 3100 1606 3149 in-

519 3171 725 3232 juriam,
750 3187 847 3222 non
876 3181 978 3222 tam
1016 3175 1251 3234 ingratus
1286 3175 1604 3240 auribusque

533 3249 780 3299 molestus
805 3265 979 3313 sonus,
997 3266 1146 3314 quam
1173 3252 1223 3300 in
1250 3251 1440 3317 verbis,
1461 3268 1607 3317 usque

533 3325 586 3373 s'n
607 3325 851 3386 injuriam,
880 3337 1098 3390 propter
1136 3342 1441 3377 concursum
1466 3330 1606 3392 ejus-

533 3401 650 3450 dem
695 3402 909 3465 syllabae
947 3404 1016 3458 in,
1055 3404 1306 3453 occurrit.
1376 3404 1605 3467 Deinde,

532 3478 654 3540 quia
694 3486 750 3527 et
787 3480 895 3528 haec
935 3480 1048 3542 ipsa
1090 3480 1244 3528 lectio
1291 3480 1604 3529 auctoritate

534 3561 767 3602 veterum
791 3555 1034 3602 librorum
1056 3556 1300 3603 munitur.
1342 3556 1605 3619 Denique,

532 3631 655 3694 quia
695 3631 846 3693 plura
891 3632 1101 3680 omnino
1143 3633 1384 3696 exempla
1429 3632 1604 3684 obser·

528 3715 741 3767 vantur,
765 3706 853 3755 ubi
880 3707 1133 3770 particula
1160 3721 1305 3770 usque
1329 3721 1444 3757 cum
1473 3723 1603 3771 prae·

531 3784 794 3848 positione
817 3785 897 3840 ad,
923 3798 1073 3848 quam
1099 3798 1216 3832 cum
1241 3785 1309 3843 in,
1333 3785 1604 3849 conjungi-

532 3866 634 3908 tur.
673 3862 752 3909 Ex
780 3861 954 3911 multis
984 3875 1149 3923 pauca
1175 3869 1425 3911 annotare
1450 3863 1600 3913 libet.

528 3934 618 3985 Sic
639 3936 852 3985 Terent.
880 3934 1042 3984 Andr.
1064 3949 1099 3986 t.
1125 3940 1172 3985 2.
1197 3940 1278 3985 28.
1315 3941 1329 3964 ·
1356 3937 1603 3988 Verberi-

529 4010 627 4060 bus
646 4025 838 4060 coesum
864 4019 915 4060 te
937 4012 987 4060 in
1014 4013 1488 4078 pistrinum,Dave,
1510 4014 1604 4064 de·

528 4087 666 4143 dam,
690 4102 855 4152 usque
877 4087 940 4137 ad
968 4087 1184 4137 necem-⁹
1253 4089 1604 4155 Petromcap.

531 4166 612 4210 11.
657 4163 672 4190 ‘
698 4164 864 4213 Fruor
902 4165 1035 4213 votis
1074 4179 1234 4229 usque
1266 4165 1331 4215 ad
1355 4167 1602 4218 invidiam

525 4234 801 4289 felicibus?
867 4240 1103 4306 Tacitus,
1139 4240 1330 4292 Annal.
1373 4256 1490 4295 xiv·
1522 4248 1603 4294 15.

1240 356 1458 404 NOTAE
1508 353 1915 404 VARIORUM
1965 353 2048 404 IN

1681 498 1845 549 ‘Non
1883 498 2129 550 nobilitas
2164 496 2423 563 cuiquam,
2462 512 2566 550 non
2606 506 2755 562 aetas,

1684 582 1773 623 aut
1810 578 1913 624 acti
1954 576 2193 638 honores,
2227 575 2619 638 impedimento,
2653 594 2758 643 quo

1684 651 1849 700 minus
1875 651 2048 701 Graeci
2069 652 2350 717 Latinique
2371 653 2652 704 histriones
2677 670 2759 704 ar·

1685 734 1791 778 tem
1818 738 2149 793 exercerent,
2174 745 2338 796 usque
2364 733 2428 780 ad
2453 737 2629 795 gestus
2651 747 2760 786 mo·

1683 801 1885 868 dosque
1921 804 2057 852 barud
2090 804 2305 854 viriles.’
2365 804 2446 856 cf.
2470 806 2609 857 idem
2633 821 2757 861 Χιν.

1681 881 1765 931 26.
1819 878 1940 943 Ipse
1967 881 2167 929 Plinius
2193 887 2372 930 noster
2402 884 2573 945 Epist.
2596 897 2683 933 m.
2707 889 2755 933 7.

1679 955 1695 984 ‘
1720 955 1850 1005 Erat
1873 956 2142 1018 φιλόκαλος
2165 971 2327 1022 usque
2358 956 2424 1006 ad
2459 960 2757 1009 emacitatis

1681 1032 2174 1095 reprehensionem-⁹
2246 1033 2395 1083 Idem
2433 1035 2600 1097 Epist.
2624 1050 2683 1085 x.
2705 1040 2756 1086 4.

1680 1114 1696 1135 ’
1716 1107 2026 1158 Gravissima
2050 1109 2370 1174 valetudine,
2393 1124 2554 1174 usque
2577 1109 2645 1160 ad
2668 1126 2757 1176 pe·

1680 1185 1895 1234 ticulum
1917 1186 2052 1241 vitae,
2078 1185 2328 1236 vexatus-¹
2388 1185 2475 1235 Sic
2498 1187 2596 1235 boc
2620 1187 2754 1251 loco,

1678 1275 1824 1324 usque
1858 1262 1920 1309 ad
1953 1261 2183 1322 injuriam
2219 1261 2512 1310 sterilitatis.
2576 1263 2592 1292 ⁸
2616 1261 2759 1326 Inju·

1681 1337 1932 1388 ria’alias
1969 1339 2178 1397 dicitur,
2216 1337 2465 1404 quidquid
2505 1352 2606 1387 non
2633 1339 2757 1402 jure

1679 1413 1761 1472 fit,
1783 1415 1894 1464 sive
1920 1431 1994 1478 re,
2018 1416 2129 1465 sive
2154 1414 2343 1465 verbis.
2393 1413 2544 1463 Unde
2567 1417 2756 1477 magis·

1683 1498 1766 1539 ter
1785 1490 2152 1540 Herennianus
2173 1493 2206 1540 l.
2224 1505 2302 1540 xv.
2320 1494 2462 1541 c.25.
2495 1493 2511 1522 ⁸
2538 1490 2754 1554 Injuriae

1681 1565 1841 1624 sunt,'
1887 1567 2073 1632 iuquit,
2111 1568 2128 1596 ‘
2161 1581 2279 1631 quae
2324 1574 2415 1617 aut
2459 1567 2755 1630 pulsatione

1681 1658 1889 1707 corpus,
1913 1653 2001 1693 aut
2026 1645 2261 1694 convicio
2284 1657 2451 1705 aures,
2467 1650 2556 1693 ant
2582 1644 2759 1707 aliqua

1683 1721 2007 1784 turpitudine
2026 1721 2187 1770 vitam
2210 1721 2498 1784 cujuspiam
2517 1719 2759 1772 violant!

1678 1796 1781 1845 Sed
1807 1805 1862 1846 et
1885 1797 2172 1860 generatim
2195 1797 2389 1861 quaevis
2426 1796 2565 1845 laesio
2588 1801 2644 1845 et
2669 1810 2757 1846 ca-

1682 1875 1905 1935 lamitas,
1929 1880 2016 1922 aut
2047 1873 2267 1937 quodvis
2301 1871 2676 1922 incommodum
2701 1879 2759 1923 et

1683 1949 1945 2005 damnum,
1983 1948 2071 1999 ubi
2103 1964 2201 1999 nec
2233 1948 2447 2013 proprie
2469 1948 2560 2012 jus
2584 1949 2755 1999 locum

1681 2024 1861 2088 habet,
1885 2025 2165 2090 aliquando
2182 2025 2477 2089 appellatur
2493 2027 2509 2052 ‘
2529 2024 2758 2088 injuria-⁹

1683 2099 1768 2147 Ita
1794 2100 2004 2149 Plinius
2030 2100 2223 2164 Major,
2240 2114 2338 2149 xx.
2362 2103 2443 2149 14.
2467 2101 2483 2128 ⁸
2510 2099 2758 2163 injuriam

1682 2174 1953 2238 frigorum,
1983 2186 2274 2241 aestusque;
2298 2177 2312 2200 ⁹
2348 2190 2491 2226 xvir.
2514 2182 2598 2227 24.
2636 2185 2651 2206 ·
2678 2178 2752 2227 ina

1672 2253 1867 2316 jurium
1904 2253 2265 2317 pruinarum3'
2303 2267 2471 2303 xvm.
2502 2258 2585 2304 28.
2623 2262 2758 2304 tem·

1683 2338 1912 2394 pestates
1970 2338 2125 2380 vocat
2169 2334 2185 2359 ⁴
2214 2331 2426 2394 injurias
2467 2329 2758 2395 coelestes,’

1686 2414 1742 2456 et
1764 2420 1882 2470 cap.
1906 2411 1988 2456 29.
2023 2409 2037 2436 ‘
2065 2407 2302 2470 injuriam
2339 2408 2604 2457 coelestem
2646 2415 2755 2458 ste-

1684 2482 1932 2532 rilitatis.’
1998 2483 2172 2547 thue
2199 2484 2311 2548 jam
2347 2492 2546 2534 taceam
2579 2498 2755 2534 exem-

1686 2559 1775 2623 pla
1809 2558 2025 2608 aliorum
2063 2568 2352 2624 auctorum,
2385 2560 2459 2608 sic
2494 2560 2619 2609 alibi
2639 2560 2756 2624 ipse

1685 2649 1888 2699 quoque
1928 2634 2130 2685 Plinius
2169 2642 2348 2685 noster
2384 2636 2630 2699 loquitur,
2665 2636 2758 2686 lib.

1684 2723 1919 2761 xxxvn.
1944 2726 1993 2761 c.
2017 2716 2066 2761 1.
2105 2711 2124 2740 ‘
2148 2711 2443 2775 Vectigalia
2472 2712 2756 2761 instituun-

1684 2793 1769 2836 tur
1805 2802 1900 2851 pro
1946 2789 2174 2839 utilitate
2214 2788 2491 2845 communi,
2525 2789 2756 2851 singulo-

1684 2878 1798 2914 rum
1824 2865 2062 2928 injuriis.’
2107 2879 2352 2916 xxxviii.
2386 2871 2436 2914 6.
2471 2866 2486 2892 ‘
2507 2865 2756 2915 Minuere

1682 2942 1928 2991 orbitatis
1954 2941 2209 3007 injurias!
2243 2942 2485 2992 Schwarz.

1752 3020 1910 3084 Usque
1949 3024 2013 3070 ud
2042 3021 2292 3088 injurium]
2329 3020 2393 3070 Iu
2422 3020 2649 3082 inimum
2683 3022 2753 3072 V.

1682 3096 1744 3145 C.
1767 3097 1834 3147 G.
1868 3097 2031 3148 Licin.

1746 3173 1828 3222 Aa
1850 3174 2074 3235 injuriam
2095 3175 2394 3239 sterilitatis]
2451 3173 2622 3224 Plinio
2643 3174 2756 3238 jus·

1683 3255 1793 3298 tum
1818 3250 2194 3301 incrementum
2229 3259 2312 3299 est
2343 3250 2637 3299 cubitorum
2663 3249 2753 3300 de·

1681 3340 1794 3375 cem
1829 3335 1886 3376 et
1905 3341 2028 3376 sex:
2067 3327 2294 3376 minores
2317 3341 2437 3376 vero
2463 3341 2622 3390 aquas
2645 3340 2754 3376 non

1683 3402 1855 3464 rigare
1894 3404 2087 3465 omnia,
2120 3402 2396 3467 ampliores
2431 3401 2657 3452 detineri
2690 3417 2756 3452 ac

1681 3476 1879 3527 tardius
1903 3478 2182 3539 recedere3
2212 3479 2290 3528 hae
2317 3486 2552 3541 tempora
2574 3492 2754 3528 seren-

1680 3555 1732 3604 di
1771 3555 2045 3606 absumunt
2080 3557 2190 3606 solo
2221 3554 2486 3610 madente,
2515 3556 2619 3605 illoe
2645 3570 2753 3606 non

1679 3630 1826 3687 dant,
1866 3632 2096 3682 sitiente.
2165 3631 2304 3680 Hinc
2342 3631 2392 3679 in
2433 3636 2512 3680 12.
2558 3631 2754 3682 cubitis

1678 3706 1870 3757 famem
1894 3708 2085 3769 sentit;
2112 3707 2161 3755 iu
2188 3711 2261 3756 ts.
2280 3707 2438 3756 etiam
2458 3708 2623 3757 esurit
2643 3724 2660 3770 3
2697 3717 2754 3758 at

1680 3788 1758 3833 14.
1780 3784 1956 3835 cubita
1969 3785 2282 3834 bilaritatem
2304 3782 2549 3849 afferunt,
2573 3790 2653 3836 15.
2672 3800 2756 3836 se·
2806 3817 2816 3828 -

1678 3860 1975 3918 entitatem,
2002 3852 2079 3911 1'6.
2094 3860 2332 3910 delicias.
2367 3861 2586 3912 Claudio
2610 3864 2754 3927 prin·

1678 3937 1799 4000 cipe
1824 3937 2103 3985 maximnm
2127 3935 2505 3985 incrementum
2538 3935 2636 3986 fuit
2662 3953 2754 3988 cn·

1676 4011 1903 4062 bitorum
1941 4017 2020 4062 17.
2069 4008 2378 4062 Pharsalico
2422 4013 2564 4067 bello
2601 4016 2759 4068 mini.

1677 4104 1835 4141 mum.
1871 4091 2029 4141 Ber-n.

1744 4168 1900 4228 Piger
1936 4168 2106 4233 Nilus]
2130 4168 2263 4227 Non
2285 4181 2560 4234 assurgens
2584 4178 2637 4220 et
2662 4185 2754 4222 ex-

1677 4245 1932 4310 spatians,
1971 4253 2031 4297 ut
2061 4246 2210 4306 solet,
2232 4246 2382 4313 cujus
2420 4247 2651 4311 ‘justum
2676 4250 2754 4301 in-
