3060 4902
488 281 662 347 1090

489 441 637 492 Idem
664 440 899 505 Philipp.
924 453 990 490 ιι.
1014 443 1064 490 Β.
1091 439 1107 470 ‘
1133 439 1255 489 Non
1278 438 1432 489 modo
1452 452 1556 488 non

488 519 807 568 cohaerentis
828 517 969 566 inter
985 530 1040 565 se
1057 516 1208 578 dicis,
1223 514 1311 565 sed
1338 514 1557 564 maxime

488 596 755 659 disjuncta
810 601 967 659 utque
1021 590 1320 643 contrariu!
1397 593 1556 642 Cete-

490 687 623 726 rum.
659 686 752 735 pro
785 671 1025 726 dimissos,
1067 669 1408 729 Puteolanus,
1454 669 1558 718 Be-

488 747 716 810 roaldus,
743 745 923 808 Aldus,
952 745 1320 809 cuspinianus,
1355 747 1558 795 Rhenu-

488 839 603 882 nus‚
627 839 733 874 non
767 823 895 873 satis
917 830 1039 887 spte
1076 821 1356 872 ediderunt
1383 822 1557 872 demis·

484 917 587 966 sos,
618 917 737 952 cum
764 902 927 952 ceteri
952 899 1070 950 libri
1096 914 1297 963 omnes,
1321 907 1373 949 et
1394 900 1558 964 scrip-

490 980 554 1040 ti,
612 986 667 1028 et
724 976 987 1043 impressi,
1038 975 1266 1027 habesnt
1319 975 1558 1026 dimissos.

488 1056 752 1108 Schvsrs.

559 1129 821 1193 Dimissus]
845 1130 1007 1182 Quasi
1021 1129 1132 1194 jam
1157 1129 1293 1178 ultra
1308 1143 1407 1178 non
1426 1142 1557 1192 opus

491 1221 683 1258 vacare
714 1206 918 1269 reipub.
954 1213 1010 1254 ut
1044 1195 1304 1261 emeritos}
1343 1212 1397 1254 et
1425 1203 1558 1255 rude

489 1285 729 1340 donatos,
764 1283 888 1347 quis
921 1283 1121 1333 scilicet
1153 1282 1361 1332 culmen
1398 1281 1559 1331 hono-

491 1373 604 1409 rum
628 1358 939 1408 scandimus.
967 1358 1115 1420 ·Lips.

556 1438 862 1500 Eandemque
882 1434 1056 1498 ὶοσιυιι]
1084 1435 1314 1484 Primum
1335 1434 1558 1484 seilicet.

489 1512 638 1562 Sicut
657 1513 707 1562 in
732 1512 1026 1562 reverentis
1051 1520 1102 1560 et
1123 1510 1376 1574 dignitate
1403 1510 1556 1573 primi

490 1602 684 1652 sumus,
702 1588 813 1652 jam
838 1588 1174 1647 consulares3
1212 1586 1288 1636 ita
1321 1594 1375 1636 et
1408 1586 1458 1636 iu
1483 1588 1555 1636 la-

491 1662 619 1715 bore
643 1678 871 1728 curaque
897 1664 1071 1712 simus.
1106 1664 1259 1712 Idem.

558 1740 865 1802 Eandemque
881 1737 1055 1799 locum]
1080 1738 1230 1787 Solus
1259 1736 1425 1787 codex
1452 1752 1555 1788 me·

492 1830 552 1865 us
602 1815 755 1864 trehet
798 1830 903 1863 eum
954 1814 1152 1877 denique
1204 1815 1384 1871 locum3
1437 1830 1555 1878 qum

492 1890 697 1957 quidem
747 1891 903 1940 lectio
941 1903 1044 1939 non
1080 1897 1160 1939 est
1198 1891 1560 1954 incongruens,

490 1969 680 2017 nullam
707 1974 878 2016 tamen
906 1963 1058 2015 effert
1077 1966 1439 2016 necessitatem
1465 1967 1558 2016 ali-

492 2045 643 2107 cujus
667 2041 1062 2094 emendationis.
1132 2042 1265 2093 Quis
1299 2056 1420 2092 vero
1455 2057 1557 2094 non

492 2123 658 2181 videt,
693 2135 846 2185 qusm
885 2119 1040 2170 facile
1077 2134 1141 2168 ex
1184 2121 1559 2182 posterioribus

493 2198 705 2263 syllabis
747 2198 837 2246 τοῦ
875 2198 1175 2259 eundemque,
1223 2196 1333 2246 fieri
1374 2206 1558 2261 potue-

490 2277 579 2333 rit,
603 2275 836 2338 denique5
870 2288 930 2323 sc
953 2275 1063 2323 viee
1091 2287 1253 2336 versu,
1270 2287 1339 2323 ex,
1352 2289 1457 2323 eum
1477 2276 1559 2326 de·

491 2356 650 2418 nique,
673 2356 973 2418 eundemque.
1009 2354 1267 2403 Schwsrz.

558 2433 696 2484 CAP.
723 2446 878 2483 xciv.
950 2431 1127 2497 Infine
1159 2431 1413 2495 orationis]
1448 2434 1557 2485 Un-

492 2511 559 2563 de
583 2521 665 2563 est
696 2526 829 2574 orsa,
854 2526 1041 2576 nempe
1066 2529 1094 2562 u
1123 2512 1368 2575 precibus
1390 2521 1445 2562 et
1470 2529 1558 2563 vo·

491 2588 578 2650 tis,
623 2587 802 2637 iisdem
850 2589 1173 2643 terminatur,
1215 2590 1399 2638 oratio.
1466 2590 1557 2640 Sic

490 2667 649 2714 etiam
676 2666 862 2716 Cicero
886 2666 1081 2728 aliquot
1115 2667 1378 2715 orationes
1415 2667 1557 2716 cisu-

493 2741 569 2790 dit
594 2742 745 2796 votis,
764 2749 817 2789 et
841 2741 1067 2789 Deorum
1091 2742 1392 2791 tutelarium
1412 2742 1558 2792 invo-

490 2818 731 2877 catione5
771 2831 816 2865 v.
841 2831 890 2880 g.
917 2816 1070 2866 Verr.
1095 2830 1149 2867 ν.
1173 2822 1255 2867 ⁷2.
1279 2832 1421 2883 seqq.
1457 2821 1556 2869 Cs-

491 2893 625 2944 tilin.
663 2907 702 2942 ι.
729 2893 881 2943 Orat.
914 2907 1009 2954 pro
1024 2894 1168 2943 Sulla
1201 2909 1320 2960 cap.
1345 2900 1427 2947 81.
1459 2911 1555 2960 pro

493 2971 660 3019 Domo
684 2984 778 3018 sun
802 2968 865 3017 nd
890 2968 1180 3020 Pontifices
1204 2985 1323 3035 cap.
1349 2976 1431 3021 51.
1453 2975 1554 3022 &c.

492 3046 648 3096 Idem.

555 3123 799 3172 Proesides
831 3123 1135 3185 custodesque
1170 3123 1386 3187 imperii]
1443 3124 1552 3174 Ho-

488 3197 655 3247 mines
680 3213 817 3248 verae
844 3199 1106 3261 religionis
1125 3208 1367 3263 expertes
1391 3199 1552 3264 linge-

489 3273 617 3323 bant
660 3275 1005 3339 colebantque
1047 3277 1218 3324 varios
1265 3276 1553 3338 provincia-

491 3364 602 3399 rum
625 3357 678 3399 et
700 3352 901 3400 urbium
920 3351 1061 3400 Deos
1083 3351 1324 3401 custodes
1344 3360 1397 3402 et
1414 3358 1553 3401 tute-

489 3427 644 3487 lares,
667 3428 847 3490 quales
872 3435 1023 3478 vocat
1058 3427 1248 3478 Horat.
1284 3427 1387 3478 Od.
1410 3441 1450 3477 ι.
1472 3432 1553 3479 ³6.

490 3507 505 3530 ⁸
531 3501 788 3552 Custodes
828 3502 1070 3552 Numida
1110 3503 1255 3552 Deos
1273 3501 1308 3564 ς’
1341 3504 1451 3554 Cic.
1485 3503 1553 3553 de

489 3578 616 3629 Nat.
643 3580 801 3627 Deor.
835 3592 921 3628 ιιι.
945 3583 1028 3628 23.
1066 3580 1081 3608 ‘
1110 3578 1403 3643 Apollinem
1440 3595 1552 3630 cus-

488 3655 663 3705 todem
688 3653 1052 3710 Atbensrum‚'
1071 3658 1171 3704 &c.
1197 3656 1422 3720 itemque
1454 3655 1552 3706 sub

489 3730 645 3779 variis
670 3729 976 3786 nominibus,
1000 3729 1156 3778 modo
1178 3729 1423 3793 πατρωίων,
1446 3746 1552 3780 mo·

488 3806 557 3855 do
595 3808 818 3868 ἐγγενῶν,
864 3823 955 3858 seu
992 3807 1254 3873 ἐγχωρίων,
1301 3810 1455 3859 modo
1497 3810 1554 3861 ἆ-

484 3884 668 3949 κραίων,
703 3885 855 3935 modo
888 3885 1182 3949 πολιούχυν,
1211 3887 1364 3938 modo
1398 3886 1554 3945 σωτή·

482 3978 594 4023 ρων,
616 3968 705 4012 sut
730 3963 865 4026 apud
891 3963 1146 4012 Romanos
1169 3963 1408 4013 simililer
1428 3967 1444 3994 ⁴
1464 3979 1554 4027 ps-

488 4037 723 4101 triorum,
737 4037 752 4059 '
786 4037 803 4067 ‘
822 4038 1115 4100 custodum,
1136 4038 1150 4060 '
1180 4039 1196 4067 ‘
1216 4045 1519 4096 tutatorum.
1536 4039 1551 4061 ⁸

481 4114 498 4141 ‘
521 4115 1013 4178 propugnstorum,’
1046 4116 1281 4180 aliisque,
1313 4116 1467 4166 olivis
1496 4117 1552 4167 in

484 4191 708 4241 nummis
726 4205 787 4242 sc
807 4192 1064 4257 lapidibus
1079 4194 1299 4260 untiquis
1314 4202 1397 4245 est
1410 4209 1552 4246 men·

1177 295 1399 345 No‘rAE
1449 293 1861 345 VAltloRUu
1912 295 1995 343 nt

1633 440 1726 489 tio.
1793 438 1930 489 Vide
1973 437 2256 503 Spsnlrem.
2295 438 2427 490 Obs.
2473 437 2538 490 sd
2581 440 2703 491 cal·

1633 516 1838 566 limacls.
1895 531 2011 580 ρας.
2052 520 2173 566 808.
2259 516 2414 567 Nunc
2468 531 2534 567 es
2587 518 2702 568 sols

1633 593 1905 643 Ciceronis
1944 594 2200 644 Oratione
2250 607 2346 656 pro
2390 593 2560 642 Domo
2605 607 2702 643 sus

1635 669 1698 719 sd
1752 667 1951 719 Pontis.
2008 667 2123 719 fere
2172 667 2394 718 similem
2460 674 2699 734 repetam

1633 746 1915 796 elsnsnlsm
1937 764 1953 795 ι
1984 745 2002 772 ‘
2020 745 2283 798 Quocirca
2304 752 2380 807 te,
2403 745 2701 808 Capitoline

1631 824 1866 888 Jupiter,
1898 839 2051 889 quem
2081 831 2298 889 propter
2328 822 2586 874 beneficis
2609 838 2702 887 po·

1632 902 1784 967 polus
1831 902 2093 951 Romanus
2132 900 2429 964 Optimum,
2479 907 2704 963 propter

1633 979 1740 1027 vim
1761 978 2064 1035 Maximum,
2087 978 2311 1039 vocsvit,
2346 983 2523 1039 teque,
2556 974 2700 1027 Jono

1633 1055 1829 1118 regina.
1853 1062 1908 1105 et
1933 1062 2005 1112 te,
2040 1062 2216 1104 custos
2252 1053 2412 1116 urbis,
2433 1053 2701 1115 Miner-vs,

1634 1161 1649 1177 .
1672 1163 1685 1182 .
1711 1163 1726 1179 .
1770 1144 1959 1194 precor
1994 1143 2057 1181 sc
2095 1145 2306 1195 quaes03
2359 1143 2568 1195 vosque,
2609 1131 2700 1193 qui

1632 1207 1857 1258 msxime
1882 1221 1963 1256 me
1987 1207 2254 1270 repetistis
2278 1213 2435 1270 stque
2462 1219 2703 1255 revoces·

1634 1284 1721 1343 tis,
1741 1284 1894 1345 patrii
1916 1283 2166 1344 Penstes,
2187 1281 2590 1347 familiaresque,
2610 1283 2699 1346 qni

1631 1360 1751 1411 huic
1789 1360 1905 1411 urbi
1939 1369 1996 1411 et
2033 1359 2335 1425 reipublice
2372 1358 2703 1423 praesidetis,'

1633 1443 1732 1487 ὅτε.
1801 1438 1869 1488 Et
1904 1452 1969 1486 ex
1994 1437 2132 1486 Vell.
2160 1450 2222 1487 n.
2258 1440 2341 1485 sl.
2373 1437 2388 1464 ‘
2414 1437 2556 1486 Volo
2584 1435 2698 1486 fini·

1633 1514 1821 1564 endum
1848 1514 2085 1564 volumen
2107 1513 2206 1563 sit:
2240 1513 2455 1577 Jupiter
2484 1513 2701 1576 Cupito·

1632 1591 1758 1651 line,
1793 1597 1849 1639 et
1879 1598 2062 1640 snctor
2084 1604 2145 1639 sc
2170 1596 2337 1639 ststor
2369 1589 2584 1639 Romani
2611 1604 2702 1640 no·

1633 1666 1805 1726 minis,
1830 1665 2062 1715 Gradive
2081 1664 2382 1719 Msrs,'&c.
2419 1665 2702 1727 Proecipoe

1632 1743 1894 1808 Rycquins
1916 1742 1983 1792 de
2008 1742 2270 1805 Cspitolio
2299 1742 2549 1804 Romano,
2581 1756 2701 1805 esp.

1633 1823 1684 1868 6.
1706 1819 1959 1880 ostendit,
1994 1818 2133 1882 spud
2172 1818 2430 1869 Romsnos
2465 1818 2699 1867 Deorum

1634 1896 1932 1946 tutelas-ium
1953 1895 2145 1959 templs
2164 1895 2487 1959 potissimum
2505 1894 2558 1943 in
2572 1908 2700 1943 arce

1634 1971 1822 2021 montis
1846 1971 2128 2035 Capitolini
2152 1969 2346 2021 fuisse:
2381 1983 2444 2020 sc
2478 1985 2596 2033 csp.
2618 1974 2699 2020 19.

1634 2055 1688 2097 et
1708 2054 1788 2099 20.
1811 2048 2069 2112 sigillatim
2098 2047 2349 2098 describit
2371 2045 2520 2098 Jovis
2542 2047 2701 2111 Copi-

1634 2123 1783 2174 tolini
1812 2123 2052 2187 insignis,
2085 2121 2281 2172 fulmen
2313 2135 2546 2183 aureum,
2579 2121 2700 2171 bur·

1633 2201 1748 2250 bam
1775 2214 2000 2261 suresm,
2023 2210 2306 2264 sceptrum.
2340 2198 2451 2248 sive
2477 2198 2701 2259 bustam,

1632 2277 1811 2326 sellam
1856 2276 2158 2340 eburneam,
2214 2283 2415 2325 vestem
2468 2275 2703 2339 pictsm3

1631 2354 1920 2418 Jovemque
1935 2353 2072 2404 hunc
2090 2353 2170 2403 his
2195 2351 2590 2417 cognominibus
2606 2367 2700 2415 sp·

1632 2431 1902 2495 pellatam,
1970 2430 2346 2495 Capitolinum,
2396 2430 2702 2496 Tsrpeinm,

1632 2510 1905 2573 Optimum
1923 2511 2230 2567 Maximum,
2246 2509 2545 2569 Custodem,
2558 2508 2700 2559 Con-

1632 2595 1976 2652 servatorem‚
2019 2588 2471 2651 Propngnstorem
2517 2587 2698 2652 Augg.

1632 2663 1995 2729 Coelestinnm,
2048 2665 2449 2720 Doliochennm,
2503 2664 2700 2714 Fulmi-

1629 2749 1858 2799 nsntem,
1875 2743 2178 2792 Romsnnm.
2215 2741 2409 2792 Nescio
2424 2755 2567 2805 vero,
2590 2756 2697 2807 quo

1630 2830 1804 2866 errore
1829 2817 2028 2866 inducti
2053 2818 2249 2868 librarii
2275 2818 2329 2868 in
2351 2817 2591 2868 omnibus
2612 2832 2704 2869 eo·

1628 2889 1830 2940 dicibus
1856 2891 1985 2942 Mss.
2007 2906 2105 2954 pro
2126 2905 2256 2943 voce
2273 2894 2423 2955 Dm,
2445 2908 2699 2958 reposue-

1628 2967 1732 3015 rint
1772 2967 1963 3026 Divos,-
2003 2977 2059 3018 et
2097 2983 2194 3033 pro
2225 2968 2473 3034 singulari
2511 2973 2697 3033 asaal,

1627 3057 1897 3092 numerum
1944 3044 2297 3096 multitudinis
2350 3047 2575 3097 cosmus.
2646 3048 2694 3095 Α

1623 3134 1730 3185 qno
1768 3134 1945 3172 errore
1977 3135 2148 3187 neque
2185 3123 2484 3185 Puteolani,
2521 3137 2696 3188 neque

1624 3197 1869 3248 Bel-oaldi
1925 3198 2185 3249 editiones
2235 3207 2358 3249 sunt
2417 3202 2695 3252 immunes.

1601 3272 1809 3322 *Codex
1851 3273 2141 3324 Pstsvinus
2174 3273 2352 3332 habet,
2386 3275 2541 3326 Dim
2576 3292 2698 3340 ergo

1624 3351 1867 3408 consules,-
1898 3352 2200 3413 Vossisnus,
2234 3351 2365 3401 Divo
2392 3366 2508 3414 ergo
2527 3368 2697 3403 eoum

1625 3426 1709 3476 les.
1757 3426 1923 3476 Primi
1950 3441 2120 3477 versm
2142 3426 2421 3476 lectionem
2446 3426 2696 3491 prodide-

1628 3517 1683 3552 re
1726 3502 2026 3561 Cstsnoeus‚
2075 3502 2266 3559 Aldus,
2320 3505 2695 3567 Cuspinisnos.

1627 3580 1769 3631 Dum
1808 3595 1935 3631 vero
1971 3580 2175 3630 Plinius
2210 3579 2363 3637 dicit,
2395 3595 2484 3642 ego
2531 3584 2699 3632 ansul

1622 3673 1710 3722 pro
1730 3659 1870 3708 rebus
1890 3657 2113 3707 humanis
2132 3689 2149 3706 .
2163 3690 2180 3707 .
2198 3692 2213 3708 .
2228 3672 2423 3721 precor-,-
2457 3657 2695 3707 Romarm

1625 3735 1747 3785 stilo
1771 3735 2021 3799 iutelligit
2052 3748 2134 3784 res
2170 3734 2447 3784 Romanas.
2513 3732 2602 3783 sie
2625 3734 2697 3784 E-

1627 3812 1750 3875 pist.
1773 3825 1827 3862 x.
1851 3816 1897 3862 1.
1921 3812 2016 3874 sit,
2048 3816 2065 3840 ⁸
2086 3810 2284 3860 Precor
2304 3823 2452 3873 orgo,
2485 3818 2543 3859 nt
2576 3809 2696 3867 tibi.

1627 3896 1684 3938 et
1714 3904 1811 3955 per
1848 3898 1901 3939 le
1944 3888 2121 3953 generi
2158 3887 2403 3942 hnmano.
2436 3899 2695 3949 prospers

1627 3966 1800 4015 omnis
1823 3997 1838 4013 .
1858 3996 1872 4015 .
1898 4000 1913 4016 .
1937 3998 1953 4014 .
1972 3960 2314 4027 contingsnt.'
2380 3961 2472 4011 Sic
2500 3968 2556 4011 et
2580 3962 2692 4026 ipse

1629 4043 1853 4103 scriptor
1892 4040 2120 4104 divinus,
2157 4038 2346 4100 Lucss,
2377 4051 2443 4087 ιι.
2485 4042 2530 4088 l.
2572 4037 2696 4088 hs-

1625 4115 1892 4181 γράφοσθαι
1909 4118 2072 4167 πᾶσαν
2087 4115 2181 4176 τὴν
2203 4114 2498 4176 olnam,
2531 4120 2588 4165 ut
2609 4118 2696 4167 ds·

1627 4195 1914 4246 scriberetur
1949 4199 2080 4247 totus
2112 4200 2350 4245 terrorum
2386 4190 2537 4257 orbis,
2570 4192 2622 4242 ἰ..
2645 4207 2696 4243 e.
