3060 4902
730 408 789 456 ο.
844 407 1082 458 emt-m
1132 407 1464 461 secut-tm
1516 416 1790 467 muno.
1866 420 1913 469 1.
1944 408 2052 471 48.

304 541 416 595 illud
439 549 649 598 tuentur
670 548 878 601 codices
901 553 1156 616 Vaticani,
1178 555 1351 606 Vene-

303 623 358 682 ti,
391 623 898 690 Guelpherbytanns,
940 643 1104 692 meus,
1142 639 1198 681 et
1225 632 1349 682 libri

302 700 466 748 excusi
488 701 789 764 Puteolani,
826 704 1143 769 cuspiniani,
1176 709 1349 759 Philo·

302 776 435 838 musi,
458 777 700 841 Gryphii,
719 780 972 844 Sichardi‚
990 782 1225 841 Gruteri,
1242 785 1350 833 Pu-

301 853 449 916 taui,
489 856 702 919 Bannii‚
746 855 994 914 Pataroli,
1037 861 1212 909 Cevoe.
1278 862 1351 911 Et

300 937 432 980 certe
473 930 673 981 Plinius
715 934 861 997 qnasi
900 937 1140 985 δεικτικῶς
1167 936 1349 986 1)οωὶ-

301 1004 477 1055 tiannm
502 1009 796 1071 respexisse
818 1010 1038 1074 videtur,
1059 1025 1209 1077 quem
1239 1019 1348 1063 toto

300 1080 388 1131 boc
422 1082 534 1133 loco
570 1099 689 1134 cnm
723 1085 894 1136 bellua
933 1090 1182 1139 saeviente
1211 1105 1349 1140 com-

298 1166 452 1221 parat.
508 1159 592 1209 Ad
615 1161 754 1211 hunc
776 1164 984 1213 modum
1002 1167 1232 1229 loquitur
1253 1168 1349 1216 eti·

298 1248 373 1282 arn
410 1235 603 1285 Seneca
640 1236 708 1285 de
747 1238 1001 1289 clement.
1046 1253 1085 1289 ι.
1122 1245 1170 1289 3.
1204 1242 1350 1305 cujus

298 1312 473 1376 locum,
502 1317 614 1379 jam
650 1331 682 1365 a
714 1317 889 1379 Lipsio
931 1318 1149 1385 aliisque
1190 1335 1345 1371 anno-

300 1397 466 1447 tatum.
502 1406 604 1441 non
647 1408 855 1457 possum
895 1396 1016 1459 quin
1042 1397 1152 1459 jam
1198 1412 1349 1460 repe·

298 1474 412 1529 tam,
430 1469 567 1519 ‘Quo
591 1470 916 1532 procedente
940 1471 1201 1536 principe,
1225 1488 1350 1536 non,

299 1547 524 1607 tanquam
546 1546 739 1594 malum
765 1547 991 1611 aliquod,
1015 1557 1105 1598 aut
1140 1553 1345 1601 noxium

297 1619 467 1669 animal
492 1622 793 1684 prosilierit,
817 1621 1129 1688 diffugiunt!
1152 1626 1305 1677 Idem.

355 1697 514 1761 Nuper
534 1699 645 1763 ina]
682 1702 1035 1752 Domitianus.
1065 1704 1278 1752 Patarol.

351 1772 439 1823 lua
478 1775 824 1826 immanissima
859 1777 1035 1841 bellua]
1091 1780 1343 1829 Immanis·

291 1847 402 1898 sima
438 1850 587 1900 bellua
628 1852 804 1901 Lirin.
842 1853 892 1902 in
937 1861 1123 1916 textu3
1158 1856 1248 1904 sed
1290 1857 1342 1904 in

293 1926 528 1991 margine,
547 1929 633 1978 iun
654 1929 996 1978 immanissima
1021 1930 1173 1981 bellua
1196 1933 1264 1981 V.
1283 1933 1345 1981 C.

347 2080 537 2145 Benna]
556 2082 758 2132 Seneca
778 2081 845 2132 de
865 2083 1031 2133 Clem.
1048 2099 1086 2133 1.
1101 2089 1147 2134 3.
1172 2091 1185 2114 ‘
1203 2086 1341 2142 Nou,

290 2162 534 2223 tamqnam
558 2160 752 2209 malum
776 2161 1003 2225 aliquod,
1025 2169 1113 2211 ant
1132 2163 1340 2214 noxium

290 2234 480 2294 animal,
493 2250 523 2285 e
539 2236 700 2286 cubili
715 2237 1014 2301 prosilierit,
1028 2231 1344 2302 diffugiunt!

296 2425 301 2430 ,
345 2388 493 2451 δραι-ιι
518 2387 728 2451 inclusa]
759 2388 972 2439 Tacitus
1006 2388 1071 2437 de
1112 2389 1198 2437 illo
1231 2391 1341 2454 pul·

288 2464 399 2515 ebro
433 2481 492 2516 ac
527 2466 740 2515 decenti
763 2475 994 2516 monstro
1019 2467 1069 2515 in
1095 2466 1268 2529 Agric.
1292 2482 1341 2517 c.

288 2544 362 2591 89.
386 2551 440 2592 et
463 2547 545 2595 ⁴⁵.
580 2543 598 2572 ‘
625 2543 777 2595 Quod
817 2557 968 2592 saevae
1005 2544 1338 2606 cogitationis

287 2618 517 2669 indicium
553 2627 693 2681 erat,
726 2627 926 2668 secreto
965 2633 1056 2667 suo
1086 2620 1336 2669 satiatus:

286 2703 332 2743 et
352 2710 510 2745 saevus
533 2696 625 2746 ille
652 2696 844 2750 vultus,
868 2702 922 2744 et
946 2695 1118 2748 rubor,
1157 2710 1256 2758 quo
1282 2708 1338 2744 se

284 2780 451 2821 eontra
505 2771 758 2837 pudorem
819 2768 1115 2821 muniebat.'
1185 2769 1338 2821 Adde

285 2847 415 2899 Hist.
434 2859 512 2900 ιν.
533 2854 620 2900 40.
651 2848 806 2898 Bm.

340 2924 736 2990 Propinquorum]
788 2923 923 2974 Nam
962 2924 1173 2974 Flavius
1220 2925 1338 2975 Cle·

280 3007 491 3050 mentem
507 3009 563 3051 et
584 2999 902 3059 Arretinum,
921 3002 1181 3063 patrueles
1200 3016 1339 3064 suos,

279 3077 480 3128 occidit.
550 3078 766 3128 Sueton.
789 3078 982 3128 Domit.
1006 3092 1052 3128 c.
1074 3083 1154 3127 10.
1176 3086 1229 3128 et
1256 3084 1337 3128 15.

336 3227 739 3292 Propinquorum]
773 3229 854 3278 De
891 3229 1192 3279 Domitiano
1230 3232 1334 3280 Eu·

280 3304 467 3367 tropins
508 3302 607 3352 snb
642 3302 799 3352 finem
838 3303 929 3353 lib.
957 3317 1060 3354 vn.
1094 3306 1109 3334 ‘
1138 3305 1336 3354 Conso·

275 3378 434 3429 brinos
456 3379 910 3431 suosinterfecit.’
974 3381 1204 3431 Fuerunt
1245 3397 1333 3431 au-

278 3462 374 3504 tem
397 3457 491 3518 illi,
530 3456 717 3506 Fabius
743 3457 1004 3519 Clemens,
1041 3463 1098 3507 et
1124 3459 1334 3507 Flavius

274 3531 507 3582 Sabinus.
574 3532 656 3582 De
679 3531 768 3581 illo
793 3533 934 3595 Dio;
968 3533 1035 3581 de
1068 3533 1169 3582 isto
1206 3535 1333 3583 Sue·

276 3615 377 3657 ton.
398 3623 519 3673 cap.
539 3612 590 3658 9.
661 3609 779 3658 Nec
820 3609 987 3659 caruit
1024 3611 1334 3673 suspicione,

274 3693 509 3751 tanquam
543 3691 599 3735 et
629 3685 776 3736 fratri
800 3686 921 3737 Tito
946 3687 1139 3737 exitum
1168 3695 1333 3738 matu-

273 3764 478 3814 raverit.
547 3763 725 3813 Innnit
767 3764 1049 3814 Suetonius
1085 3765 1138 3814 in
1190 3767 1332 3830 Tito,

271 3855 384 3905 cap.
416 3847 469 3892 9.
509 3841 603 3891 sed
647 3842 879 3905 apertius
922 3842 1032 3892 Dio
1078 3842 1145 3891 de
1192 3844 1330 3901 Tito,

268 3927 282 3949 ⁶
304 3915 438 3968 fama
470 3925 571 3973 est,
609 3915 824 3967 fratrem
856 3924 1076 3967 mortem
1112 3918 1159 3967 ei
1193 3925 1330 3967 attu-

270 3993 420 4043 lisse-⁹
478 3992 703 4045 Firmius
732 3992 893 4042 Snida
914 3993 981 4042 de
1007 3994 1331 4055 Domitiano,

270 4073 285 4096 ¹
309 4068 554 4119 Invideas
577 4067 749 4134 fratri,
781 4082 982 4119 veneno
1004 4084 1122 4119 eum
1157 4069 1333 4121 tollit-³

274 4144 485 4195 Patent.

332 4224 620 4288 &minem
634 4220 882 4287 lamberet]
899 4223 1131 4281 Scilicet,
1145 4228 1202 4275 ut
1215 4223 1328 4276 fera

267 4300 429 4366 tigris.
460 4302 761 4354 Catanaeus.
791 4301 993 4353 Seneca
1018 4301 1178 4355 Herc.
1203 4302 1326 4354 Fur.

2360 410 2492 477 725

1427 572 1501 610 vs.
1512 566 1597 611 97.
1612 564 1627 592 ‘
1653 563 1845 616 Veniat
1861 563 2081 616 invisum
2100 568 2299 631 Scelus,
2318 581 2490 619 sunm-

1425 653 1528 702 qne
1565 640 1792 690 lambens
1815 645 2115 706 sanguinem
2140 645 2390 710 Impietas
2416 645 2491 696 fe·-

1426 727 1516 763 rox
1536 715 1565 762 !’
1598 715 1840 767 Sclcwarz.

1496 793 1903 859 Clarissimorum]
1951 796 2236 860 sannatia,
2268 799 2377 849 Sat.
2410 813 2491 848 lv.

1426 871 1442 896 ‘
1460 866 1720 931 Tempora
1736 872 1968 935 saevitiae,
1991 874 2155 921 claras
2168 874 2354 939 quibus
2375 876 2496 926 abs*

1425 942 1547 990 tulit
1596 944 1710 992 urbi
1755 945 2094 1010 Illustresque
2146 950 2343 999 animas
2396 951 2491 1000 im·

1427 1032 1583 1082 pune,
1608 1029 1663 1070 et
1686 1022 1888 1073 vindice
1914 1025 2094 1075 nullo!
2127 1027 2278 1076 Bern.

1497 1096 1710 1162 Civium]
1756 1101 2031 1156 Nimirum,
2070 1102 2262 1151 Civicae
2301 1103 2490 1152 Cerea-

1424 1168 1508 1228 lis,
1535 1173 1818 1225 Salvidieni
1851 1177 2027 1241 Orfiti,
2057 1179 2212 1228 Acilii
2251 1179 2491 1229 Glabrio·

1425 1247 1524 1308 uis,
1542 1257 1950 1315 ceterorumque,
1968 1269 2097 1317 quos
2114 1252 2354 1304 referunt
2370 1269 2489 1305 auc-

1428 1329 1565 1370 tores
1587 1326 1755 1374 citati.
1810 1328 2029 1378 Patarol.

1493 1398 1900 1463 Obversabantur]
1926 1403 2069 1451 Male
2088 1403 2248 1452 editio
2267 1405 2487 1469 Gryphii

1423 1473 1542 1521 anni
1569 1479 1713 1524 1551.
1737 1484 1789 1525 et
1812 1478 1925 1525 aliae
1962 1478 2200 1542 quaedam
2240 1495 2488 1544 reposue-

1423 1558 1545 1600 runt
1584 1552 1985 1602 Observabautur.
2066 1555 2211 1606 Idem
2252 1571 2397 1606 error
2438 1559 2489 1606 in

1421 1626 1683 1691 Panegyr.
1737 1629 1921 1679 Pacati
1947 1631 2122 1681 statim
2150 1632 2198 1681 in
2221 1634 2387 1696 princ.
2414 1633 2487 1684 ibi

1419 1702 1435 1731 ‘
1453 1703 1822 1768 observarique
1845 1703 2091 1756 dictur0.’
2124 1710 2293 1758 Juret.

1491 1778 1816 1829 Obncrsabnnt
1823 1797 1879 1830 ur
1884 1781 2101 1846 foribus]
2131 1783 2193 1832 In
2213 1785 2335 1835 Jod.
2355 1784 2488 1835 Bad-

1419 1852 1656 1904 Ascensii
1704 1856 1935 1906 editione
1983 1873 2067 1907 an.
2110 1863 2253 1909 1533.
2294 1862 2485 1925 legitur

1417 1930 1786 1982 observabantur
1813 1934 2024 1991 foribus.
2096 1937 2198 1986 Sed
2248 1938 2486 1988 confusio

1417 2006 1597 2057 horum
1618 2010 1911 2072 verborum,
1935 2010 1949 2036 ‘
1969 2010 2233 2061 obversari
2251 2014 2264 2035 ’
2285 2023 2338 2062 et
2364 2019 2378 2043 ⁸
2395 2014 2486 2063 ob·

1418 2084 1649 2139 servari,’
1665 2100 1728 2133 ex
1746 2087 2020 2136 oscitantia
2037 2088 2361 2140 librariorum
2379 2089 2482 2140 fre·

1416 2174 1578 2223 quens
1601 2153 1830 2211 occurrit
1857 2163 1905 2211 in
1932 2165 2199 2214 codicibus
2227 2167 2356 2214 Mss.
2412 2168 2485 2216 Et

1418 2236 1550 2285 hanc
1570 2237 1905 2287 variationem
1919 2239 2029 2301 jam
2055 2241 2212 2289 etiam
2240 2241 2483 2291 observa⁴

1417 2313 1491 2361 vit
1527 2314 1743 2365 Juretus
1782 2315 1831 2361 in
1875 2315 2100 2364 editione
2141 2316 2366 2380 Grypbii
2400 2332 2482 2368 an.

1418 2393 1562 2437 1551.
1602 2388 1845 2437 Schwurz.

1478 2466 1718 2514 Admissis
1770 2471 1817 2516 et
1872 2466 2099 2532 exclusis]
2156 2469 2298 2520 Quos
2347 2470 2480 2519 enim

1415 2541 1680 2591 blandiore
1715 2544 1860 2591 vultu
1899 2542 2197 2600 admiserat,
2233 2545 2355 2593 nihil
2389 2548 2482 2595 mi·

1413 2633 1508 2666 nus
1550 2619 1820 2675 timebant,
1860 2635 2014 2685 quam
2054 2622 2139 2685 qni
2177 2637 2205 2669 a
2241 2623 2481 2686 superbis

1414 2697 1523 2756 ejus
1544 2694 1857 2743 satellitibus
1876 2697 2074 2744 exclusi
2096 2696 2319 2747 fuerant.
2351 2699 2480 2751 Erat

1413 2772 1550 2821 enim
1576 2772 1772 2835 perfide
1797 2779 1851 2821 et
1873 2772 2086 2824 subdole
2110 2777 2353 2825 crudelis.
2390 2777 2479 2826 Sic

1415 2850 1735 2899 Clementem
1757 2858 1811 2898 et
1833 2849 2127 2900 Arretinum
2155 2853 2478 2909 amicissime,

1414 2933 1472 2974 ut
1499 2925 1794 2987 videbatur,
1818 2927 1868 2974 in
1894 2927 2138 2987 palatium
2172 2928 2479 2990 accersitos,

1411 3008 1579 3051 morte
1599 3017 1693 3065 per
1712 3017 1959 3050 summam
1984 3001 2247 3065 perfidiam
2270 3011 2478 3066 postero

1413 3079 1496 3127 die
1515 3078 1801 3126 damnavit.
1820 3079 1935 3129 Jac.
1954 3081 2036 3128 De
2060 3079 2108 3127 la
2128 3080 2326 3128 Baune.
2361 3082 2474 3130 Me-

1413 3153 1630 3203 tuebant
1651 3153 1771 3203 hinc
1795 3154 2031 3217 utrique;
2067 3161 2120 3203 et
2156 3154 2386 3216 admissi,
2411 3170 2476 3204 ne

1413 3230 1573 3280 verbo
1599 3239 1689 3280 aut
1724 3242 1874 3293 gestu
1910 3229 2266 3294 offendet-enm
2307 3240 2361 3283 et
2386 3248 2478 3282 ex-

1410 3307 1561 3367 clusi,
1579 3320 1643 3356 ue
1657 3308 1767 3369 jam
1792 3315 1944 3356 antea
1969 3306 2325 3361 offendissent.
2363 3311 2464 3367 Id.=

1474 3385 1556 3432 Ad
1578 3383 1702 3445 hoec]
1738 3384 1817 3433 Ad
1835 3384 1920 3432 hoc
1943 3384 2010 3433 V.
2045 3385 2210 3435 Licin.

1475 3460 1557 3509 Aa
1590 3458 1715 3522 haec]
1751 3460 1795 3509 1.
1825 3474 1872 3507 e.
1909 3469 2184 3524 praeterea.
2251 3463 2472 3514 Codices

1406 3536 1673 3599 Vaticani,
1706 3537 2031 3593 parisiensis,
2059 3537 2290 3587 Venetus
2330 3550 2470 3590 nter·

1409 3627 1527 3678 que,
1558 3619 1613 3662 et
1645 3612 2154 3677 Guelpuerbytanus‚
2188 3615 2379 3666 habeut
2409 3621 2473 3668 ud

1405 3689 1508 3736 hoc.
1574 3687 1676 3737 Sed
1705 3694 1759 3737 et
1792 3703 1885 3751 pro
1921 3704 2128 3745 occursu,
2153 3690 2390 3740 Vaticani
2416 3701 2472 3743 et

1409 3764 1898 3828 Guelplterbytauus
1959 3767 2151 3817 liabent
2209 3785 2432 3819 concursu
2449 3786 2471 3827 ,-

1407 3854 1559 3906 quam
1615 3855 1737 3889 vero
1794 3842 2134 3904 posteriorem
2192 3844 2468 3894 lectionem

1405 3915 1738 3978 negligentia
1827 3916 2151 3966 librariorum
2250 3920 2470 3983 imputo.

1402 3992 1643 4043 Schwarz.

1477 4068 1687 4130 Visaque
1706 4065 1959 4129 terribilis]
1984 4068 2197 4116 Tacitus
2220 4067 2268 4115 in
2290 4068 2471 4131 Agric.

1404 4161 1450 4196 c.
1469 4152 1553 4195 45.
1590 4147 1605 4172 ‘
1627 4146 1756 4194 Cum
1785 4151 1862 4193 tot
1887 4144 2148 4193 hominum
2184 4146 2463 4207 palloribus

1404 4217 2010 4292 denotandissnfficeret
2045 4234 2212 4268 saevus
2246 4222 2331 4272 ille
2357 4224 2463 4272 vul·

1403 4298 1521 4350 tus!
1554 4296 1690 4360 Lips-
