3060 4902
520 290 653 355 960

589 452 680 500 Ille
701 447 832 511 cero]
867 448 1057 498 Mirum
1098 453 1202 505 est,
1233 461 1348 497 cnm
1382 447 1586 496 Plinius

524 526 590 576 de
633 525 852 588 Trajano
892 531 1150 586 praesente
1189 524 1453 585 loquatur,
1490 536 1587 572 cur

524 618 647 661 non,
669 603 805 651 sicut
838 601 887 649 in
924 600 1179 663 principio
1214 600 1360 660 hujus
1384 600 1587 660 capitis.

525 678 813 744 principem
840 678 889 725 in
912 676 1138 725 secunda
1159 690 1375 737 persona
1396 676 1587 738 alloqui

525 761 714 820 pergat
735 770 750 812 ς
776 763 866 802 aut
890 767 983 801 cur
1008 767 1110 801 non
1134 753 1318 800 saltem
1350 753 1446 800 hoc
1471 752 1590 800 loco

523 847 620 894 pro
656 831 746 879 lue
783 845 911 884 vero,
946 828 1137 878 dixerit
1174 828 1277 877 Hic
1309 844 1435 876 vero.
1502 827 1587 876 An

524 908 667 957 forte
692 908 790 956 hoc
814 905 1005 956 factum
1031 920 1094 954 ex
1121 919 1203 963 eo,
1226 904 1358 968 quod
1389 904 1587 952 Plinius

524 985 576 1033 in
607 983 829 1032 limando
852 983 948 1032 hoc
975 981 1298 1044 Panegyrico
1322 979 1407 1029 diu
1433 994 1589 1028 occu·

526 1068 680 1126 patus
723 1057 898 1121 fuisse,
943 1065 996 1107 et
1039 1058 1087 1105 ei
1135 1058 1260 1105 alias
1306 1056 1589 1104 sententias

527 1135 793 1196 demsisse,
838 1135 966 1182 alias
1012 1133 1303 1190 inseruisse,
1349 1132 1588 1179 videtur?

527 1213 646 1263 Qua
681 1211 745 1259 de
784 1224 836 1256 re
873 1208 980 1257 dixi
1016 1223 1114 1256 non
1150 1207 1276 1255 nihil
1315 1222 1486 1270 supra,
1521 1206 1587 1255 ad

528 1303 644 1351 cap.
668 1291 749 1335 39.
800 1285 862 1333 ln
883 1286 1139 1333 Vossiano
1165 1284 1316 1344 libro,
1336 1291 1386 1331 et
1407 1283 1589 1331 codice

527 1362 803 1419 Patavino,
840 1374 991 1409 voces
1024 1359 1102 1409 bae
1134 1360 1208 1409 sic
1248 1368 1589 1421 transponun-

529 1447 632 1498 tur,
656 1439 749 1487 Ille
773 1452 879 1487 vero
900 1439 1061 1486 consul
1085 1437 1174 1499 ita,
1194 1438 1275 1498 ⁸5⁶·
1311 1434 1569 1483 Schwart-

594 1516 735 1574 Insrn
768 1515 1022 1577 consulem]
1071 1514 1132 1562 ln
1157 1511 1378 1573 antiquis
1404 1509 1591 1558 editio·

526 1592 674 1642 nibus
699 1593 994 1646 Puteolani,
1018 1588 1277 1643 Beroaldi,
1305 1586 1593 1649 Aldi,Jun-

532 1677 617 1724 tae,
642 1668 964 1730 crispiniani,
1003 1664 1257 1723 Rhenani,
1283 1662 1592 1723 Philomusi,

529 1745 791 1808 proditum
818 1751 897 1793 est
925 1743 1054 1800 infra
1085 1756 1195 1796 eos,-
1232 1754 1382 1803 quam
1407 1739 1592 1787 lectio·

529 1835 645 1869 nem
670 1821 821 1869 etiam
859 1829 1100 1868 recenter
1134 1816 1341 1865 admisit
1372 1814 1593 1865 Arntze·

528 1897 661 1952 nius,
698 1911 914 1959 eamque
952 1894 1260 1958 superstites
1293 1892 1421 1939 Mss.
1447 1891 1591 1940 codi-

527 1987 636 2033 ces,
679 1985 893 2035 quorum
938 1969 1059 2017 milti
1107 1969 1262 2029 copia
1307 1964 1445 2014 facta
1488 1974 1591 2029 est,

527 2056 719 2112 praeter
745 2048 966 2101 unicum,
995 2051 1373 2108 representant
1396 2056 1593 2093 omnes.

529 2126 602 2172 At
625 2125 734 2188 jam
771 2124 1067 2183 Catanaeus,
1100 2122 1149 2169 in
1187 2121 1352 2184 prima
1381 2119 1590 2183 quidem

529 2201 779 2259 editione,
801 2200 983 2249 omissa
1002 2212 1127 2247 voce
1144 2198 1395 2255 consulem,
1413 2196 1590 2244 edide-

530 2287 610 2325 rat
636 2278 728 2325 nisi
746 2279 867 2339 quod
888 2276 1020 2336 infra
1041 2280 1198 2331 esset,-
1230 2275 1282 2322 ln
1302 2272 1592 2321 subsecutis

531 2362 703 2402 antem
728 2353 1040 2402 editionibus
1065 2350 1328 2413 evulgavit
1350 2350 1444 2397 nisi
1473 2350 1592 2412 qued

527 2431 662 2491 infra
691 2433 918 2480 consulem
953 2435 1090 2479 essee.
1159 2428 1333 2491 Atque
1358 2427 1488 2475 hanc
1514 2426 1588 2488 ip-

527 2521 632 2553 sam
677 2507 945 2554 lectionem
1004 2505 1331 2567 public-arunt
1386 2515 1591 2567 quoque

529 2579 845 2641 Cratander,
869 2582 931 2628 R.
969 2587 1022 2627 et
1058 2579 1126 2626 H.
1158 2577 1427 2639 Stephani,
1454 2578 1592 2640 Gry·

530 2655 695 2718 pltius,
721 2654 1018 2709 Ascensius,
1060 2653 1357 2715 Sicltardus,
1395 2653 1591 2702 Grute-

530 2743 636 2791 rus,
659 2730 935 2792 pluresque
956 2728 1218 2777 subsecuti
1243 2728 1486 2777 editores.
1522 2730 1591 2777 Et

528 2813 671 2856 recte
697 2807 810 2869 jam
849 2806 1110 2854 Livineius
1146 2806 1197 2853 in
1228 2806 1459 2867 margine
1483 2820 1592 2854 mo-

527 2884 658 2937 nuit,
682 2897 774 2943 pro
798 2898 892 2946 eos,
915 2882 1103 2931 eximie
1125 2882 1225 2944 legi
1249 2883 1502 2940 consulem,
1527 2897 1589 2930 ac

526 2956 720 3007 sontem
744 2957 944 3006 mendae
970 2972 1081 3006 esse
1107 2957 1333 3006 obvium.
1369 2958 1589 3006 Veteres

527 3046 731 3096 nempe,
765 3034 900 3099 quod
928 3034 1079 3096 vulgo
1102 3040 1326 3089 constat,
1361 3033 1404 3082 si
1427 3032 1589 3097 siglis,

528 3111 905 3174 compendiosae
939 3111 1214 3172 scriptura·
1250 3122 1450 3164 caussa,
1473 3118 1588 3157 nte·

529 3195 726 3242 rentur,
755 3185 1059 3235 vocabulum
1089 3185 1251 3234 consul
1275 3185 1326 3233 in
1352 3184 1590 3234 omnibus

526 3262 733 3311 casibus
755 3263 1023 3325 singularis
1045 3262 1260 3314 numeri,
1285 3276 1379 3325 per
1400 3263 1486 3309 lias
1508 3276 1590 3313 so·

527 3337 603 3385 las
664 3338 840 3386 literas
888 3350 1000 3386 cos.
1044 3344 1200 3401 atque
1247 3338 1296 3384 iu
1349 3336 1589 3386 omnibus

525 3412 726 3460 casibus
752 3413 963 3475 pluralis
988 3413 1185 3460 numeri
1213 3425 1307 3474 per
1336 3424 1475 3462 coss.
1496 3411 1588 3459 de-

525 3488 808 3548 signarunt.
877 3487 939 3535 ld
982 3488 1176 3536 librarii
1218 3495 1402 3550 postea
1429 3487 1589 3536 etiam

524 3563 574 3611 in
599 3562 824 3612 Gotliica
855 3565 1134 3626 scriptura,
1164 3573 1217 3613 et
1247 3566 1442 3614 minore
1466 3565 1589 3614 cha·

523 3646 748 3698 ractere,
794 3637 1070 3700 aliquando
1114 3648 1236 3688 sunt
1276 3641 1487 3696 imitati,
1532 3650 1590 3692 ut

524 3714 809 3764 scriberent
831 3728 924 3762 cos.
962 3729 1067 3777 quo
1092 3715 1241 3763 modo
1269 3717 1366 3764 hoc
1401 3732 1587 3766 nornen

523 3790 797 3839 evidenter
815 3803 1116 3852 expressum
1152 3796 1229 3837 est
1253 3790 1303 3838 in
1329 3792 1480 3840 unico
1502 3806 1587 3841 co-

523 3866 640 3914 dice
679 3864 1079 3928 salisburgensi,
1116 3863 1206 3914 ubi
1235 3865 1452 3915 denotat
1476 3882 1582 3915 con-

519 3943 684 3990 sulem.
754 3943 896 3993 Quas
929 3940 1084 4003 siglas
1116 3957 1233 3991 cnm
1270 3957 1370 3991 non
1413 3951 1583 3992 atten-

520 4017 710 4065 derent
755 4017 1209 4084 intelligerentque
1253 4019 1484 4069 rudiores
1524 4020 1582 4068 li-

1223 303 1441 354 NOTAE
1491 303 1592 351 VA
1607 303 1900 354 monost
1950 306 2031 355 nt

1660 448 1819 497 libros
1843 447 2149 513 inquinavit.
2191 449 2322 500 Cum
2346 449 2524 511 igitur,
2549 452 2735 515 agnito

1663 526 1854 573 erroris
1889 525 2055 588 fonte,
2083 539 2253 575 veram
2289 534 2346 574 et
2377 528 2736 578 commodissi-

1664 614 1792 650 mam
1831 614 2008 649 vocem
2047 601 2218 650 Plinio
2256 602 2595 664 vindicamus,
2626 618 2734 653 non

1663 676 1990 726 obtrudimus
2015 677 2180 726 invito
2216 677 2410 735 Plinio,
2446 681 2585 741 quod
2607 694 2732 729 cen·

1664 754 1766 802 suit
1793 753 2126 815 Arntaenius,
2151 754 2222 810 id,
2245 754 2383 818 quod
2406 755 2563 804 modo
2584 755 2731 805 nobis

1663 828 1953 890 elegantius
2005 828 2252 887 videtum
2295 828 2388 877 sed
2436 829 2733 893 Panegyri-

1663 919 1777 953 cum
1805 904 1961 953 Plinii
1994 919 2026 952 a
2047 903 2325 953 manifesto
2353 905 2543 953 mendo
2572 906 2733 955 libra·

1665 980 1874 1043 riorum,
1896 988 1953 1029 et
1990 980 2057 1029 ab
2095 981 2354 1029 insolenti‘
2373 983 2619 1046 loquendi
2647 996 2731 1030 ra-

1667 1057 1825 1112 tione.
1864 1059 2011 1119 cujus
2042 1059 2271 1106 nonnulli
2295 1065 2733 1107 commentatores

1664 1133 1812 1181 nimis
1838 1132 2080 1182 videntur
2103 1140 2357 1188 amantes.
2376 1132 2501 1195 jure
2523 1133 2734 1182 merito·

1666 1224 1766 1277 que
1791 1208 2089 1258 liberamus.
2125 1208 2274 1257 Iden.

1732 1285 1872 1345 Inj‘m
1900 1285 2135 1333 conulem
2153 1281 2299 1345 met]
2335 1283 2477 1343 Infra
2508 1299 2588 1333 ees
2608 1291 2731 1335 esset

1668 1360 1837 1409 Livin.
1858 1363 1908 1408 in
1938 1366 2118 1418 textu3
2145 1358 2307 1407 sedin
2333 1364 2585 1423 margine,
2600 1361 2733 1419 iissre

1667 1439 1905 1486 consulem
1925 1440 2046 1486 esset
2069 1434 2138 1484 G.
2173 1434 2368 1483 eximie
2406 1443 2462 1484 et
2499 1434 2617 1484 fons
2642 1438 2732 1486 ob-

1666 1514 1777 1562 vius
1801 1512 2023 1562 mendae.

1733 1588 2114 1652 Proecmmm]
2149 1586 2544 1651 Apparitorntn‚
2564 1595 2619 1638 et
2642 1602 2734 1639 an·

1666 1664 2070 1714 tesmbulonum.
2101 1666 2239 1726 Lips.

1733 1742 2092 1790 Praecursoram
2134 1741 2388 1805 tumultus]
2440 1742 2505 1792 In
2549 1740 2731 1793 codice

1668 1818 1943 1881 Patavino,
1981 1825 2036 1867 et
2072 1831 2206 1879 tneo,
2247 1819 2374 1867 item
2414 1828 2471 1868 et
2511 1820 2563 1867 in
2598 1821 2730 1870 libro

1667 1894 1936 1948 vossiano,
1974 1908 2075 1942 non
2108 1909 2469 1958 precursor-m,
2502 1895 2594 1944 scd
2625 1911 2734 1959 pcr-

1665 1984 1923 2026 castorum.
1947 1970 2196 2034 scriptum
2218 1979 2330 2030 est;
2367 1970 2462 2019 sed
2487 1980 2633 2021 recte
2658 1974 2733 2021 lo·

1667 2062 1782 2096 curn
1820 2061 1967 2095 snum
2008 2054 2087 2096 tot
2127 2047 2444 2111 reliquorum
2483 2048 2732 2098 libroruin

1667 2136 1916 2172 consensu
1944 2129 2123 2179 tuetur
2140 2124 2300 2173 lectio
2322 2124 2550 2186 vnlgata.
2586 2123 2734 2172 Pre-

1667 2214 1903 2248 cursores
1928 2200 2084 2256 enim,
2102 2205 2161 2247 nt
2190 2198 2326 2249 bene
2357 2200 2731 2262 interpretatur

1668 2275 1895 2338 Lipsius,
1924 2283 2074 2324 erant
2105 2275 2538 2340 praesmbulones‚
2562 2287 2616 2325 et
2640 2291 2732 2341 ap-

1665 2354 1939 2414 paritores,
1962 2353 2068 2417 qni,
2083 2359 2140 2402 nt
2158 2352 2291 2401 viam
2310 2353 2580 2415 aperirent
2604 2367 2733 2417 pre·

1667 2427 2032 2493 munirentque
2069 2425 2291 2491 principi
2316 2427 2602 2485 incedenti,
2625 2435 2735 2478 tnr-

1668 2502 1782 2551 bam
1834 2504 2224 2553 submovebant.
2289 2501 2497 2566 Alioqui
2542 2506 2558 2532 ‘
2600 2518 2731 2567 pre.

1666 2595 1900 2629 cursores
1922 2579 1934 2599 ’
1955 2581 2112 2629 etiam
2138 2580 2189 2628 in
2214 2579 2405 2629 militia
2418 2579 2732 2631 dicebantur

1667 2657 1857 2704 milites
1880 2656 2084 2720 quidam
2108 2655 2364 2718 expediti,
2383 2656 2612 2720 quiante
2629 2657 2729 2719 sig·

1667 2745 1731 2779 na
1750 2739 2142 2793 prtrcurrerent.
2189 2730 2406 2780 Salmas.
2427 2730 2494 2779 de
2523 2730 2604 2780 Re
2628 2732 2729 2781 Mi-

1668 2806 1742 2855 lit.
1772 2807 1919 2856 Rom.
1943 2820 2060 2870 cap.
2094 2811 2174 2855 13.
2247 2806 2403 2870 Apud
2427 2806 2538 2856 Cic.
2577 2808 2732 2856 Verr.

1667 2896 1717 2932 v.
1750 2887 1834 2930 41.
1879 2889 1894 2910 ·
1921 2880 2296 2944 praecnrsorcs’
2339 2884 2730 2946 conjunguntur

1665 2973 1781 3007 cum
1814 2959 1830 2985 ⁸
1846 2957 2157 3014 emlssariis.'
2175 2958 2263 3023 qui
2286 2960 2617 3021 emittuntur,
2639 2968 2730 3011 ant

1662 3034 2028 3093 subornantur,
2085 3041 2176 3083 aut
2233 3034 2455 3085 vexandi
2515 3035 2731 3086 alterins

1662 3125 1863 3172 caussa,
1898 3118 1988 3160 aut
2023 3125 2218 3160 arcana
2253 3111 2471 3161 aliorum
2514 3126 2730 3176 cognos-

1662 3186 1833 3236 cendi.
1867 3186 2112 3236 Schmun-2.

1728 3262 1789 3310 In
1813 3262 2001 3327 limine]
2031 3261 2265 3319 nabiter,
2282 3268 2454 3312 utrum
2472 3261 2527 3312 in
2553 3263 2732 3315 limine

1661 3335 1844 3386 domus
1879 3353 2004 3394 suae,
2040 3338 2149 3387 sive
2183 3339 2384 3401 palatii,
2404 3338 2492 3388 nbi
2526 3340 2728 3389 habita-

1660 3412 1783 3473 bat;
1826 3428 1890 3462 an
1936 3415 1986 3463 in
2029 3415 2201 3463 limine
2244 3415 2426 3478 curio,
2466 3415 2730 3479 Trajanns

1659 3490 1982 3537 consultassc
2026 3488 2235 3538 dicatur
2292 3503 2431 3538 ares.
2528 3491 2729 3555 Utique

1662 3566 1994 3629 magistratus
2041 3566 2258 3616 Romani
2315 3563 2559 3615 videntur
2605 3581 2732 3616 eon·

1661 3640 1887 3690 suevisse
1922 3655 2030 3690 rem
2065 3640 2294 3690 divinam
2340 3639 2534 3696 facere,
2570 3647 2731 3707 atque

1663 3731 1806 3778 aves,
1852 3724 1940 3766 aut
1984 3725 2127 3777 exta,
2169 3717 2513 3774 consuluisse,
2558 3717 2733 3780 prins·

1662 3806 1813 3856 qnam
1852 3792 2252 3857 ingrederentur
2282 3793 2495 3842 curiam.
2564 3792 2731 3858 Appi·

1662 3882 1786 3916 anus
1817 3866 2102 3918 Alexandr.
2129 3868 2193 3916 de
2214 3867 2348 3918 Bell.
2369 3867 2522 3917 civil.
2541 3867 2576 3917 l.
2599 3881 2662 3917 n.
2678 3884 2727 3932 p.

1659 3947 1773 3992 501.
1803 3943 1892 3993 ubi
1930 3943 2126 3994 coedem
2161 3943 2290 3996 Julii
2328 3944 2556 3993 enatis
2589 3959 2726 3994 cont·

1660 4026 1929 4074 memorat.
1948 4019 2042 4082 ait,
2055 4020 2307 4083 quendam
2333 4019 2553 4076 Ctesari.
2572 4025 2587 4047 ‘
2604 4028 2728 4071 ante

523 4092 699 4148 brarii,
724 4092 846 4142 illud
880 4109 972 4142 cos.
999 4108 1272 4158 perperam
1309 4103 1582 4144 converte·
1656 4095 1855 4143 curiam
1892 4094 2245 4160 sacrificanti,’
2278 4095 2525 4146 obtulisse
2560 4094 2727 4146 tabel-

521 4176 642 4219 ruut
665 4169 719 4218 in
747 4184 843 4219 eos.
897 4169 1037 4220 Hinc
1070 4171 1159 4221 illa
1181 4173 1478 4237 corruptela
1501 4178 1582 4221 tot

1657 4173 1751 4229 las.
1776 4173 2077 4224 insidiarum
2102 4174 2337 4236 indices;
2367 4174 2457 4224 sed
2482 4176 2627 4226 illuns
2650 4178 2726 4226 ni·
