3060 4902
795 369 861 414 G.
910 365 1151 414 PL1N11
1200 364 1535 414 8301]an
1585 364 1857 413 PANBG.

359 510 482 559 dam
510 508 818 573 jamdudum
843 524 910 557 ex
930 523 1031 558 uno
1054 516 1301 572 corrupto
1326 523 1414 558 ex·

359 588 577 650 emplari
606 586 894 649 prodierint
919 589 1082 649 plura.
1116 587 1354 636 Schmun-z.

430 665 477 712 Ο
499 678 606 712 vere
636 664 886 725 principis,
905 669 1047 726 atque
1081 665 1223 713 etiam
1251 679 1416 712 comu-

357 739 446 801 lis]
492 741 610 789 Vere
646 740 837 789 dicitur
877 739 959 788 hic
1006 756 1100 802 pro
1143 744 1157 766 ⁶
1186 755 1366 789 revera
1383 739 1416 801 ς’

354 826 470 878 ant,
493 816 536 865 si
557 816 631 864 ita
657 816 834 870 mavis.
855 816 1154 864 adverbium
1177 831 1303 875 cere,
1324 831 1417 879 per

357 893 625 955 enallagen
654 892 862 953 ponitur
897 907 989 954 pro
1012 893 1274 954 adjectivo
1297 893 1413 943 veri.

356 971 446 1019 Sic
484 980 880 1028 suprs,xxxvr.
941 968 1174 1016 Plinius:
1224 969 1238 994 ‘
1265 968 1416 1018 Nunc

360 1046 611 1105 templum
639 1042 778 1100 illud,
804 1057 937 1091 nunc
965 1057 1084 1092 vere
1106 1043 1288 1095 Deus!
1330 1045 1416 1095 Sic

360 1133 416 1173 et
439 1125 649 1172 Terent.
674 1121 903 1170 Eunuch.
930 1135 1009 1170 ιιι.
1035 1126 1084 1171 4.
1106 1126 1190 1171 58.
1236 1129 1250 1151 ⁴
1283 1123 1414 1172 Tum

356 1201 445 1263 pol
485 1213 581 1261 ego
615 1199 656 1248 is
691 1213 856 1257 essem
897 1212 1035 1253 vere,
1069 1198 1417 1263 (Eunuchus.)

356 1278 445 1339 qui
471 1273 784 1324 simulabar.’
853 1275 986 1323 Item
1023 1276 1298 1325 Eumenius
1319 1290 1414 1340 pro

359 1355 603 1405 Restaur.
641 1354 811 1403 Schol.
845 1370 957 1418 cap.
975 1360 1024 1403 6.
1059 1357 1073 1382 ‘
1102 1357 1412 1419 Constantii,

357 1445 481 1479 vere
526 1430 774 1495 principis
822 1430 1134 1494 juventutis,
1187 1433 1413 1483 incredi-

355 1507 511 1557 bilem
564 1522 685 1570 erga
739 1509 1068 1570 juventutem
1125 1510 1409 1561 Galliarum

359 1598 562 1632 suarum
614 1584 998 1634 solicitudinem
1041 1595 1199 1650 atque
1243 1587 1409 1637 indul·

357 1661 584 1723 gentiam
614 1662 788 1710 mirari
812 1662 936 1711 satis
960 1663 1192 1727 nequeo)
1239 1666 1411 1715 Multa

359 1740 598 1801 exempla
635 1739 927 1801 hujusmodi
979 1742 1260 1805 manages,
1316 1758 1410 1804 per

356 1829 508 1878 quam
548 1815 795 1864 adverbia
835 1831 929 1877 pro
969 1816 1238 1878 adJectivis
1268 1819 1406 1881 apud

354 1892 591 1955 probata>
624 1892 927 1941 Latinitatis
949 1900 1187 1941 auctores
1213 1908 1409 1955 ponun-

355 1978 463 2031 tur,
500 1970 608 2033 jam
654 1978 1020 2018 enumerarunt
1060 1972 1407 2033 grammatici,

352 2062 467 2110 quae
504 2061 640 2096 nunc
682 2054 936 2111 repetere.
970 2061 1403 2111 supervacaneum

352 2127 531 2176 duco..
571 2130 710 2189 Ergo
761 2143 859 2176 nou
917 2141 1129 2176 necesse
1180 2128 1406 2176 habuere

353 2204 653 2263 Ascensius,
687 2204 949 2266 Gryphius
983 2219 1114 2252 auno
1154 2208 1295 2253 1542.
1336 2205 1405 2253 H.

354 2282 666 2342 Stephanus,
696 2282 927 2336 Rivinus,
950 2282 1179 2341 Hearne‚
1197 2291 1248 2329 et
1268 2281 1403 2332 forte

355 2358 459 2418 alii,
486 2373 575 2420 pro
599 2373 723 2417 tere,
748 2372 997 2420 reponere
1016 2358 1134 2407 veri.
1199 2358 1404 2420 Sigilla-

354 2436 443 2483 tim
483 2435 690 2485 Hearne
734 2435 859 2484 satis
897 2433 1132 2494 frigidam
1176 2434 1405 2486 reddidit

352 2513 655 2567 orationem,
696 2513 781 2574 qui
815 2519 1070 2574 praeterea
1101 2511 1402 2573 particulam

352 2589 671 2638 exclamandi
708 2605 734 2636 ο
764 2603 968 2647 prorsus
999 2587 1187 2635 omisit.
1256 2588 1404 2636 Dici-

353 2674 439 2716 tur
476 2676 649 2714 autem
688 2665 1013 2716 ἐλλειπτικῶς,
1037 2679 1064 2710 ο
1093 2678 1198 2711 vere
1225 2664 1403 2726 princi-

346 2744 440 2805 pis.
459 2747 602 2805 utque
623 2743 764 2789 eliam
780 2741 999 2795 consulis,
1018 2740 1239 2800 scilicet,
1253 2755 1403 2803 opus,

349 2833 554 2878 muniis,
578 2826 665 2866 aut
685 2819 869 2866 simile.
931 2818 1122 2865 Mirum
1150 2832 1268 2865 vero
1303 2825 1401 2878 est,

351 2910 446 2944 cur
470 2896 520 2944 in
546 2896 799 2955 omnibus,
821 2894 1000 2958 quihus
1025 2910 1145 2943 usus
1167 2910 1296 2956 suin,
1318 2910 1403 2944 co·

350 2972 555 3022 dicibus
583 2973 709 3020 Mss.
735 2974 956 3036 itemque
982 2973 1030 3020 in
1055 2973 1207 3021 editis
1231 2989 1400 3022 exem·

350 3050 578 3113 pluribus
605 3049 898 3110 Puteolani,
915 3049 1179 3106 Beroaldi‚
1201 3049 1402 3099 Rhena-

347 3128 420 3180 ni,
459 3134 513 3173 et
547 3125 843 3185 Philomusi,
883 3140 975 3186 pro
1017 3141 1142 3174 voce
1183 3130 1402 3183 consulis,

347 3203 577 3265 legamus
599 3202 794 3250 decoris.
866 3203 983 3250 Non
1003 3202 1259 3265 dispicere
1285 3220 1401 3266 pos·

347 3294 480 3335 sum,
501 3279 620 3342 quid
649 3280 764 3327 huic
799 3279 1029 3327 varietati
1071 3278 1399 3329 introducen-

348 3356 427 3405 dae
476 3357 683 3405 dederit
729 3357 1083 3415 occasionem3
1130 3357 1222 3405 nisi
1263 3357 1398 3421 qnod

346 3434 722 3497 suspicer,jam
749 3433 866 3481 olim
894 3434 1167 3496 quendam,
1189 3434 1238 3482 in
1259 3436 1400 3484 codi-

345 3524 407 3559 ce
452 3525 565 3571 suo,
601 3525 772 3571 supra,
804 3509 882 3556 vel
905 3509 1061 3572 juxta
1098 3512 1399 3561 vocabulum

342 3587 564 3641 consulis,
597 3585 901 3647 supplendae
927 3585 1181 3648 ἐλλείψεως
1204 3603 1399 3644 caussa.

346 3668 590 3723 tanquam
636 3662 853 3723 glossam
897 3663 1162 3724 scripsisse
1212 3678 1398 3714 nomen

341 3739 518 3795 decan
553 3738 696 3801 quasi
723 3737 889 3785 animo
913 3737 985 3785 ita
1012 3739 1297 3801 supplenda
1320 3754 1400 3788 es-

343 3822 464 3864 seut
498 3816 590 3863 ista
618 3814 772 3862 Plinii
806 3813 984 3873 verba,
1024 3816 1069 3862 Ο
1094 3830 1202 3864 vere
1218 3817 1399 3879 princi-

332 3889 432 3953 pis,
453 3895 590 3952 atque
611 3889 756 3938 etium
775 3890 994 3949 consulis,
1022 3891 1163 3941 decus
1178 3892 1203 3942 Ι
1268 3894 1398 3942 Cum

339 3965 531 4014 deinde
568 3980 632 4014 ex
673 3964 761 4014 tali
796 3965 975 4013 codice
1004 3967 1132 4015 alius
1170 3967 1307 4016 rudis
1343 3968 1398 4017 li·

339 4044 542 4093 brarius
565 4041 885 4090 describeret
909 4045 1192 4104 exemplar,
1216 4045 1397 4107 opina-

342 4127 425 4169 tus
458 4122 618 4176 deciis,
654 4120 771 4167 loco
798 4120 1020 4181 consulis,
1045 4120 1165 4182 poni
1188 4120 1396 4177 debere,

339 4197 438 4246 hoc
476 4210 659 4245 nomen
695 4195 897 4243 consutis
932 4197 1082 4257 plane
1116 4198 1303 4262 omisit,
1341 4209 1397 4249 et

341 4289 437 4338 pro
459 4288 541 4337 eo,
565 4276 709 4323 decus
741 4271 790 4320 in
825 4273 1006 4322 decoris
1037 4276 1314 4333 convertit,
1338 4284 1397 4327 ut

1934 366 1984 411 1.
2028 348 2137 415 80.
2416 348 2549 414 985

1493 524 1608 559 curu
1660 509 1867 559 nomine
1932 508 2164 573 principis
2227 510 2548 562 conveniret.

1495 587 1639 637 Hine
1674 589 1895 637 varietas
1932 589 2032 638 ista
2062 589 2113 637 in
2145 595 2218 637 tot
2242 589 2547 652 superstites

1493 664 1701 714 codices
1745 665 1981 713 derivata
2021 674 2116 713 est.
2181 665 2379 715 Rursus
2416 665 2547 714 alius

1493 741 1748 802 librarius,
1795 756 1908 790 cum
1948 742 1998 789 in
2037 742 2209 804 aliquo
2244 741 2422 790 codice
2456 740 2549 790 ad·

1492 819 1592 867 huc
1617 833 1790 867 vocem
1820 820 2041 880 corisulis,
2063 818 2113 866 in
2136 818 2239 866 alio
2259 819 2438 867 decoris
2469 819 2545 868 in-

1494 896 1710 954 veniret,
1735 910 1827 957 pro
1850 896 2098 958 sapientia
2120 909 2210 943 sua
2232 905 2443 943 conatus
2462 904 2546 947 est

1493 970 1618 1020 istas
1658 973 1916 1021 variantes
1959 972 2203 1020 lectiones
2247 972 2545 1033 conciliare,

1491 1058 1647 1115 atque
1687 1049 1805 1098 inde
1839 1048 2055 1105 effinxit,
2097 1051 2268 1098 Oeere
2296 1051 2543 1113 principis,

1491 1132 1632 1189 atque
1655 1125 1798 1174 eliam
1820 1126 2081 1175 consularis
2099 1125 2317 1176 decoris!
2372 1128 2539 1179 Quam

1492 1203 1769 1252 lectionem
1796 1203 2081 1266 publicavit
2105 1203 2470 1266 Cuspinianus,
2488 1212 2553 1255 et

1490 1280 1544 1328 in
1588 1289 1762 1329 vetere
1801 1281 1981 1329 codice
2024 1295 2117 1328 sno
2160 1280 2355 1329 invenit
2405 1281 2543 1330 Livi·

1490 1357 1656 1405 neius.
1720 1357 1821 1404 Sed
1844 1370 2008 1420 neque
2032 1354 2144 1405 haec
2169 1355 2314 1404 nobis
2337 1355 2507 1418 placet
2529 1373 2545 1418 ς

1489 1432 1744 1493 inprimis,
1787 1447 1901 1480 cum
1944 1439 2068 1481 tune
2107 1433 2423 1495 conjunctim
2468 1435 2543 1483 le·

1489 1509 1711 1572 gendum
1755 1507 2011 1571 videatur,
2050 1510 2095 1556 Ο
2128 1524 2236 1559 vere
2265 1511 2543 1573 principalis

1485 1593 1628 1649 atque
1647 1586 1788 1634 etiam
1808 1585 2066 1634 consularis
2079 1588 2256 1635 decoris
2270 1586 2296 1636 Ι
2345 1587 2544 1638 Admit-

1490 1669 1544 1711 to
1577 1676 1701 1727 ergo
1748 1662 2009 1723 vulgatam
2051 1662 2343 1724 lectionem,
2384 1678 2539 1729 quam

1487 1739 1642 1788 etiam
1703 1739 2011 1788 Arntzeuius
2058 1740 2234 1788 Plinio
2280 1742 2539 1802 asseruit3

1487 1814 1770 1876 publicavit
1789 1830 1909 1863 vero
1927 1815 2143 1877 primum
2162 1817 2436 1866 Catanoeus
2457 1831 2540 1866 an.

1488 1895 1633 1940 1506.
1671 1892 1858 1940 deiude
1898 1892 2077 1955 Aldus,
2111 1893 2291 1956 Junts,
2317 1895 2537 1944 Cratan-

1486 1968 1597 2031 der,
1621 1970 1684 2016 R.
1701 1977 1755 2018 et
1774 1968 1843 2018 H.
1862 1969 2132 2032 Stephani,
2152 1970 2414 2034 ceterique
2434 1986 2540 2020 om-

1486 2060 1577 2095 nes
1592 2062 1607 2106 3
1630 2060 1727 2096 nec
1742 2047 1906 2094 minus
1925 2045 2196 2095 Rhenanus
2213 2054 2265 2096 et
2282 2047 2539 2096 Philomu-

1483 2138 1572 2173 sus
1598 2125 1649 2172 in
1676 2125 1903 2184 margine
1928 2132 2257 2173 annotarunt.
2300 2125 2539 2174 Schwarz·

1554 2201 1599 2247 Ο
1631 2215 1738 2249 vere
1775 2199 2025 2262 principis]
2064 2201 2237 2261 Forte,
2280 2200 2389 2249 Hoc
2430 2215 2538 2250 vere

1476 2276 1728 2338 principis.
1762 2278 1922 2324 Livin-

1553 2353 1788 2415 Consulis]
1840 2352 2112 2402 Consularis
2150 2349 2329 2400 decoris
2372 2351 2438 2399 V.
2475 2352 2537 2401 C.

1479 2430 1643 2480 Livia.

1547 2509 1763 2558 AEmulas
1787 2508 2033 2571 civitates]
2067 2507 2168 2559 Qui
2194 2505 2422 2568 morbus,
2455 2513 2534 2555 et·

1483 2587 1526 2635 si
1553 2588 1602 2635 in
1631 2587 1839 2650 publica
1865 2588 1955 2635 illa
1987 2587 2264 2645 servitute,
2292 2585 2534 2635 civitates

1482 2664 1689 2714 tenebat
1713 2681 1724 2710 ε
1761 2666 2100 2728 queriturque
2124 2662 2190 2711 de
2213 2677 2304 2712 sua
2328 2662 2540 2711 Graecia

1479 2741 1810 2791 Plutarchus.
1877 2742 1980 2789 Sed
2025 2750 2077 2790 et
2115 2741 2328 2789 Tacitus
2363 2745 2535 2803 notat,

1479 2816 1722 2881 quasdam
1772 2817 1856 2867 ‘ad
1882 2818 2094 2867 exitium
2119 2817 2253 2867 inter
2268 2830 2322 2865 se
2338 2815 2532 2865 discor-

1477 2892 1608 2941 des!
1639 2896 1774 2957 Lips-

1544 2971 1873 3020 Reccmciliare
1910 2970 2103 3018 amulas
2143 2965 2385 3028 civitates]
2433 2967 2533 3016 Co·

1478 3046 1580 3095 dex
1620 3049 1898 3096 Vaticanus
1938 3051 2084 3095 3461.
2124 3045 2279 3093 habet
2319 3043 2531 3092 verbum

1476 3124 1695 3187 simplex
1734 3124 2004 3173 conciliare.
2090 3121 2343 3181 Exempla
2375 3135 2531 3167 aeruu-

1477 3202 1639 3251 larum
1667 3204 1928 3251 civitatum
1951 3201 2171 3248 Graeciae
2191 3197 2343 3248 affert
2358 3199 2531 3251 Tacit.

1481 3278 1662 3328 Annal.
1687 3294 1773 3328 ιιι.
1803 3284 1996 3328 60.-63.
2031 3279 2273 3327 Schmun.

1547 3358 1878 3422 Tumentesque
1891 3357 2103 3421 populos]
2130 3357 2190 3405 In
2214 3364 2431 3419 utroque
2445 3370 2530 3405 co·

1476 3434 1592 3484 dice
1616 3435 1834 3490 Veneto,
1855 3433 2254 3496 Salishurgensi,
2275 3448 2406 3487 rnen,
2432 3433 2532 3482 Pa·

1478 3511 1678 3571 taviuo,
1715 3522 1767 3561 et
1811 3513 1942 3561 libro
1977 3512 2246 3569 vossiano,
2279 3500 2532 3574 scriptum

1475 3600 1559 3641 est
1582 3592 1923 3656 timentesque:
1953 3606 2103 3654 quam
2126 3591 2401 3641 lectionem
2430 3589 2530 3639 eti·

1475 3683 1556 3716 am
1601 3668 1811 3717 edidere
1854 3670 2190 3730 Puteolanus,
2249 3674 2305 3715 et
2348 3665 2531 3717 Aldus.

1476 3744 1650 3794 Ceteri
1675 3759 1851 3794 omnes
1876 3745 2015 3800 libri.
2037 3745 2217 3808 scripti
2244 3745 2434 3806 pariter
2449 3750 2529 3791 at-

1474 3836 1575 3886 que
1630 3821 1881 3885 impressi,
1936 3822 2131 3870 babent
2185 3825 2532 3881 tumentesque,-

1473 3898 1597 3961 quin
1636 3906 1691 3947 et
1728 3900 1779 3948 in
1821 3897 2000 3947 codice
2034 3899 2242 3946 Veneto
2283 3900 2328 3945 1.
2367 3895 2526 3946 Salis·

1475 3974 1736 4038 burgensi,
1766 3985 1819 4023 et
1858 3975 2132 4032 Pataviuo,
2162 3972 2228 4021 ab
2253 3972 2349 4019 alia
2373 3984 2526 4020 manu

1474 4052 1617 4114 prins
1649 4051 1886 4100 mendum
1914 4057 1995 4098 est
2019 4050 2362 4098 emendatum.
2430 4047 2526 4096 Ai-

1472 4143 1571 4191 que
1589 4128 1662 4176 ita
1680 4131 1785 4189 jam
1807 4126 2098 4175 observavit
2119 4123 2525 4176 Drsckenborch

1474 4204 1537 4252 ad
1561 4204 1652 4252 Sil.
1679 4217 1739 4253 ιι.
1765 4207 1879 4253 626.
1917 4201 2359 4252 familiarissimum
2388 4201 2439 4251 id
2465 4203 2526 4253 u-

1472 4279 1674 4336 brariis,
1697 4286 1753 4330 ut
1777 4292 1930 4330 voces
1963 4278 1977 4305 ‘
1995 4279 2147 4330 timor
2165 4277 2177 4298 '
2201 4293 2263 4330 ao
2283 4286 2297 4309 ‘
2320 4279 2525 4344 tumor,’
