3060 4902
723 359 790 404 c.
843 354 1081 404 ι’ωΝιι
1133 354 1465 405 saeuum
1517 354 1796 404 pauno.
1876 353 1925 403 ι.
1952 339 2061 403 71.

2363 336 2498 404 929

282 500 442 551 adem
473 497 572 548 ista
594 498 860 548 mandasset
872 514 893 557 ,-
926 513 1142 563 quorum
1169 497 1356 548 verbo·
1431 498 1656 546 numeris
1691 497 1900 561 perfici3
1937 497 2093 559 unde,
2121 494 2259 562 qnod
2294 495 2499 547 absolu-

283 589 394 625 rnm
437 574 845 637 explicationem
903 573 1078 623 videre
1122 575 1247 623 iicet
1301 574 1353 622 in

284 651 666 702 commentario
689 651 871 714 Lipsii.
937 650 1075 700 Satis
1097 657 1221 714 apta
1245 649 1356 699 haec

284 726 428 778 foret
474 727 754 789 correctio,
815 726 1093 777 dnmmodo
1149 733 1357 775 vetusto

284 803 512 869 quodam
537 802 728 852 indicio
752 801 1122 852 suffulcire-tur.
1155 803 1357 852 Utcun-

284 894 389 944 que
428 879 679 934 est.nii1ii
717 876 900 927 dubito
943 877 1198 942 profiteri,
1222 879 1357 927 huuc

285 956 458 1005 Iocum
484 955 604 1003 mihi
631 953 798 1004 adhuc
825 957 1194 1018 perobscurum
1217 953 1356 1002 vide.-

290 1034 371 1092 ri;
409 1031 560 1094 cujus
585 1031 889 1080 obscuritati
919 1045 1084 1095 neque
1108 1044 1138 1079 e
1161 1029 1357 1080 codici·

290 1107 385 1158 bns
418 1108 547 1157 Mss.
570 1121 741 1169 neque
780 1122 810 1156 e
840 1108 1112 1157 commoda
1149 1109 1359 1171 conjec-

292 1194 432 1242 tura,
455 1186 738 1235 remedium
776 1193 977 1235 certum
1015 1182 1200 1235 afferre
1232 1197 1359 1249 que-

291 1275 394 1310 am.
443 1261 508 1310 Iu
531 1260 714 1310 codice
734 1262 1127 1325 salisburgensi,
1151 1276 1245 1324 pro
1268 1275 1359 1309 nu-

291 1350 438 1387 mero
474 1337 720 1399 singuiari
757 1338 865 1399 alii,
896 1337 962 1385 ab
1002 1339 1170 1387 altera
1205 1351 1362 1386 manu

291 1414 704 1477 superscriptum
742 1422 824 1463 est
856 1414 1005 1471 aliis‚·
1044 1414 1133 1462 sed
1165 1427 1265 1462 non
1289 1414 1362 1461 vi-

291 1489 414 1551 deo,
452 1505 568 1555 quae
603 1492 769 1554 major
806 1493 890 1539 lux
930 1492 1044 1539 ioco
1082 1490 1201 1539 huic
1241 1489 1362 1539 iude

293 1565 581 1631 affulgeat3
635 1568 735 1617 nisi
781 1578 956 1631 putes,
998 1567 1071 1617 ita
1109 1567 1363 1630 explicari

293 1645 508 1701 debere,
528 1652 582 1695 at
604 1644 648 1696 εἰ
678 1645 793 1695 aliis
826 1645 1005 1710 (quam
1040 1645 1367 1694 senatoribus

293 1722 445 1772 nutui
471 1729 563 1772 tuo
601 1725 788 1785 sponte
823 1719 1266 1786 obsequentibus,)
1288 1738 1366 1772 ea-

293 1802 401 1849 dem
435 1799 534 1848 ista
569 1801 854 1848 mandasses.
922 1800 1191 1861 Ceterum,
1219 1812 1314 1847 cur
1335 1815 1367 1850 a

299 1876 500 1940 vulgari
537 1873 716 1924 borum
749 1874 1026 1927 verborum
1064 1875 1363 1938 interpunc-

298 1951 439 2002 tione
463 1950 790 2011 recesserim,
812 1964 913 1999 non
933 1956 1075 1999 certe
1091 1950 1259 1999 nullas
1284 1965 1365 2000 ra-

300 2028 465 2078 tiones
488 2026 731 2076 babuisse
753 2027 873 2075 mihi
902 2024 1098 2075 videor.
1135 2026 1287 2075 Idem.

362 2092 470 2143 Atii
504 2092 695 2155 eadem]
744 2092 980 2153 Privato,
1013 2092 1099 2154 qui
1142 2092 1236 2140 tibi
1275 2090 1368 2140 ob·

301 2179 627 2235 sequeretur.
678 2168 781 2218 Sed
806 2177 932 2231 puto
958 2169 1153 2217 rectius
1176 2167 1367 2217 lectum

299 2249 384 2302 iri,
420 2253 476 2297 at
508 2247 552 2297 εἰ
588 2247 711 2296 alius
747 2249 907 2296 eodem
940 2247 1038 2296 ista
1079 2247 1366 2296 mandasset.

297 2324 404 2386 Tu,
426 2325 616 2389 inquit,
638 2325 810 2373 omnia
834 2325 908 2373 ita
938 2324 1157 2374 comiter
1192 2334 1244 2372 ct
1278 2324 1367 2372 be·

300 2401 460 2465 nigne
488 2400 741 2462 faciebas,
778 2407 1017 2464 tauquam
1051 2398 1094 2447 si
1130 2412 1234 2447 nou
1259 2413 1290 2446 a
1315 2405 1367 2447 te

299 2477 398 2528 boc
421 2475 746 2533 beneficium,
772 2477 862 2525 sed
888 2477 951 2525 ab
977 2477 1076 2524 aiio
1097 2482 1369 2539 acceptum

300 2553 659 2618 gratulareris.
720 2553 885 2603 Nemo
907 2553 1040 2600 enim
1068 2553 1218 2601 nimis
1244 2567 1369 2615 gau·

301 2629 395 2680 det
414 2638 502 2679 ant
524 2630 755 2679 exsultat
779 2629 831 2678 in
854 2643 935 2685 eo.
957 2629 1091 2694 quod
1116 2629 1227 2692 ipse
1246 2643 1366 2679 con·

309 2705 434 2757 fert.
470 2706 606 2769 Lips.

372 2784 548 2831 Omnes
577 2781 819 2831 concitatis
854 2796 1069 2832 numeros
1104 2782 1289 2845 obibus]
1322 2783 1369 2832 1.

215 2889 237 2913 ς
300 2872 350 2908 e.
374 2872 553 2908 omnes
587 2866 764 2920 partes
805 2860 1068 2909 comitatis
1101 2860 1369 2924 expiebas,

304 2942 465 2999 atque
513 2935 816 2997 peregebts.
882 2935 968 2984 Ita
1014 2936 1199 2985 Cicero
1254 2950 1372 2986 con·

294 3012 472 3076 Jungit
497 3012 592 3060 ista
621 3011 847 3067 uomina,
873 3011 1002 3060 Nat.
1021 3013 1185 3061 Deor.
1213 3026 1273 3061 ιι.
1294 3017 1374 3062 13.

304 3092 319 3117 ‘
349 3089 451 3138 Cui
492 3089 615 3137 nihil
664 3087 817 3148 absit,
865 3088 1102 3153 quodque
1147 3089 1373 3154 undique

302 3172 486 3229 aptum
512 3170 669 3228 atque
694 3163 980 3227 perfectum
1004 3166 1372 3230 expletumque

302 3245 375 3292 sit
396 3242 636 3291 omnibus
658 3242 763 3293 suis
787 3246 1012 3292 numeris
1029 3251 1083 3293 et
1105 3243 1374 3308 partibus.'

306 3319 457 3369 Idem
493 3316 649 3368 Offic.
691 3332 779 3368 ιιι.
816 3323 865 3367 3.
899 3321 915 3347 ‘
944 3319 1082 3368 Illud
1127 3319 1373 3376 officium,

304 3395 443 3461 quod
483 3402 682 3445 rectum
723 3396 888 3445 Stoici
929 3397 1217 3459 appellant,
1258 3411 1374 3461 per·

303 3470 508 3521 fectnm
542 3480 702 3535 atque
740 3471 1029 3522 absolutum
1068 3481 1167 3528 est,
1206 3480 1278 3535 et,
1314 3480 1374 3523 ut

304 3547 467 3598 iidem
493 3548 694 3612 dicunt,
715 3563 892 3598 omnes
918 3564 1155 3598 numeros
1179 3548 1377 3600 habet!

303 3626 561 3678 Quinctii.
586 3627 636 3674 in
663 3625 912 3687 principio
931 3625 1177 3674 Prooemii
1198 3624 1375 3673 Instit-

305 3703 464 3754 Orat.
489 3701 579 3750 tib.
607 3715 733 3750 vm.
766 3701 782 3728 ‘
812 3701 1088 3750 Rationem
1112 3701 1377 3749 invenien-

302 3776 399 3837 di:
414 3778 596 3841 inquit,
612 3778 628 3804 ‘
651 3785 803 3841 atque
822 3777 1036 3826 inventa
1050 3775 1376 3840 disponendi,

304 3867 408 3920 per
430 3867 606 3903 omnes
634 3867 876 3902 numeros
916 3853 1125 3915 penitus
1160 3866 1376 3915 coguos-

304 3943 451 3987 cere,
490 3928 554 3977 ad
588 3943 835 3978 summam
871 3928 1104 3977 scientiae
1139 3942 1378 3977 necessa-

304 4006 444 4057 rium
481 4005 600 4054 est!
666 4005 750 4055 Ad
782 4019 934 4069 quem
978 4005 1146 4054 locum
1176 4005 1379 4054 Turne-

305 4083 436 4135 bnsz
473 4081 490 4109 ‘
517 4080 650 4130 Hoec
689 4081 928 4145 phrasis‚’
966 4080 1151 4145 inquit,
1175 4081 1191 4108 ‘
1216 4080 1379 4130 ducta

304 4169 390 4212 est
426 4160 493 4209 ab
528 4160 776 4222 opinione
816 4158 1157 4221 Pytiiagorae,
1181 4159 1268 4224 qui
1289 4173 1382 4208 ex·

302 4237 577 4292 humavit,
601 4233 771 4283 omnia
795 4242 1039 4284 constare
1058 4234 1300 4288 numeris,
1327 4240 1382 4283 et

441 4316 616 4380 Delph-
636 4319 682 4365 et
712 4314 828 4365 Ver.
853 4316 987 4364 Clas.

1272 4315 1460 4377 Poneg.
1492 4312 1598 4364 Vet-

1435 583 1542 624 tum
1564 583 1663 632 est,
1679 576 1869 624 dicitur
1882 575 2074 624 babere
2090 589 2208 623 suos
2223 572 2500 623 numeros.'

1433 651 1686 715 Equidem
1718 652 1917 714 Lipsius
1939 650 1989 699 in
2009 650 2378 700 Comment.sd
2404 651 2500 702 Se·

1434 740 1551 776 nec.
1587 726 1652 775 de
1678 725 1866 774 Benef.
1894 739 1994 775 vn.
2019 730 2065 774 1.
2090 733 2260 790 putat,
2288 742 2502 789 prover·

1435 800 1601 858 bium,
1638 802 1654 830 ⁸
1682 802 1922 850 omnibus
1946 802 2174 851 numeris
2199 802 2507 867 perfectus,'

1435 893 1499 929 ex
1540 881 1786 943 palaestra
1825 878 1937 929 esse
1973 887 2166 940 ortum,
2203 879 2292 929 ubi
2330 887 2501 930 motus

1434 956 1528 1011 ilii,
1564 963 1620 1005 et
1655 955 2012 1012 formationes,
2035 953 2309 1020 flexusque
2343 969 2501 1006 mem·

1436 1033 1664 1096 brorum,
1690 1034 1753 1083 ad
1775 1036 1790 1063 ‘
1809 1033 2071 1083 numeros'
2094 1032 2204 1083 fieri
2224 1034 2501 1083 dicuntur:

1439 1124 1616 1158 verum
1642 1118 1695 1158 et
1723 1112 2004 1172 {vaiaestrici
2043 1110 2273 1173 magistri
2297 1110 2392 1159 hoc
2416 1125 2505 1160 no·

1438 1201 1554 1235 meu
1593 1202 1622 1234 a
1660 1186 1979 1250 philosophis
2030 1192 2085 1236 et
2129 1187 2505 1237 mathematicis

1441 1264 1723 1312 deductum
1763 1262 1826 1312 ad
1864 1272 2028 1312 artem
2064 1278 2206 1312 suam
2236 1265 2505 1327 applicare

1441 1344 1743 1402 potuerunt.
1812 1338 1855 1387 A
1895 1339 2253 1403 Pythagoraeis
2287 1339 2507 1389 eandem

1440 1415 1681 1479 loquendi
1704 1413 1974 1464 formulam
2013 1425 2328 1478 acceperuut
2347 1416 2507 1465 etiam

1441 1491 1630 1552 Stoici,
1654 1498 1709 1539 et
1734 1491 1968 1554 inprimis
2001 1491 2065 1540 ad
2104 1490 2506 1540 describendum

1440 1565 1664 1616 officium
1708 1566 1993 1631 perfectum
2034 1568 2510 1618 accommodarunt.

1442 1647 1522 1694 Ex
1548 1660 1764 1709 quorum
1791 1655 1963 1696 mente
1986 1646 2143 1696 etiam
2165 1646 2275 1697 Cic.
2297 1645 2363 1694 de
2392 1646 2507 1695 Pin.

1442 1735 1523 1770 ιν.
1566 1726 1651 1772 20.
1697 1722 1713 1748 ‘
1741 1721 1859 1770 Atia
1904 1730 2127 1785 peccata
2173 1721 2368 1785 plures,
2408 1722 2510 1770 alia

1444 1799 1715 1861 pauciores
1741 1798 1883 1861 quasi
1917 1812 2161 1846 numeros
2191 1795 2348 1846 oflicii
2380 1811 2508 1860 prae·

1445 1873 1691 1924 tereunt.'
1759 1875 1849 1924 Uti
1871 1874 2007 1923 enim
2033 1873 2265 1922 omnibus
2283 1873 2510 1923 numeris

1443 1948 1733 2013 perfectum
1768 1957 1869 2008 est,
1910 1950 1993 1999 cui
2031 1948 2158 1997 nihii
2198 1949 2339 2011 addi,
2378 1949 2510 1999 etin

1442 2040 1545 2089 quo
1585 2025 1711 2073 nihii
1750 2024 2053 2085 desiderari,
2095 2031 2303 2087 potest3
2351 2024 2428 2073 ita
2468 2023 2511 2072 is

1443 2114 1712 2150 excessum
1752 2100 1971 2155 inducit,
2005 2099 2090 2163 qui
2125 2098 2305 2160 addin
2340 2098 2513 2150 defec-

1444 2184 1575 2239 tum,
1598 2178 1681 2239 qui
1709 2175 1906 2225 adimit.
1940 2175 2187 2225 Schwart-

1532 2252 1898 2317 Suffragatores
1955 2252 2312 2301 candidatorum
2365 2255 2516 2303 nomi·

1443 2331 1530 2394 no]
1586 2330 1647 2377 In
1694 2329 1927 2377 omnibus
1978 2329 2186 2390 scriptis
2230 2329 2513 2389 impressis·

1444 2420 1545 2469 que
1565 2404 1712 2455 libris
1731 2405 1966 2468 legimus,
1985 2404 2108 2453 Cum
2129 2400 2513 2466 suffragatorum

1445 2482 1653 2538 nomina,
1712 2481 1906 2535 honore,
1971 2494 2058 2542 quo
2110 2481 2279 2543 solent,
2327 2480 2513 2543 excipe-

1445 2563 1646 2607 rentur:
1697 2571 1895 2617 verum,
1924 2557 2035 2619 Jam
2071 2555 2278 2618 Lipsius
2328 2556 2515 2604 rescri-

1447 2633 1675 2683 bendum
1723 2633 1945 2694 censuit,
1996 2633 2116 2680 Cum
2169 2631 2517 2696 suffragatores

1446 2713 1637 2762 nominc
1671 2712 1860 2766 honore,
1894 2725 1983 2775 quo
2020 2712 2186 2765 solent,
2210 2712 2517 2772 exciperent,-

1447 2794 1500 2837 ta
1521 2803 1699 2851 quoque
1721 2789 1851 2838 inter
1874 2787 2162 2850 excipientes
2183 2802 2306 2837 eras.
2347 2788 2516 2838 Immo

1449 2879 1547 2929 ego
1587 2866 1708 2913 mihi
1747 2878 1952 2927 prorsus
1995 2877 2294 2926 persuasum
2332 2865 2519 2924 liabeo,

1451 2955 1554 2989 non
1581 2940 1743 2988 solum
1774 2954 1867 3001 pro
1891 2952 2011 2985 casu
2051 2939 2315 3001 gignendi,
2337 2938 2518 3000 suffra-

1445 3023 1686 3078 gatorum,
1750 3013 2136 3062 rescribendum
2183 3026 2295 3061 esse
2340 3027 2517 3063 casum

1451 3089 1771 3150 nominandi,
1803 3089 2186 3154 suffragatorem
2218 3089 2309 3138 sed
2345 3098 2399 3138 et
2424 3103 2516 3139 no·

1451 3182 1569 3217 meu
1613 3168 1988 3220 candidatorum,
2034 3166 2260 3228 itemque
2303 3165 2517 3215 verbum

1451 3246 1677 3292 activum
1720 3242 2007 3305 exciperent,
2042 3241 2356 3305 postliminio
2401 3256 2519 3292 esse

1452 3317 1854 3377 restituendum,
1878 3325 1934 3365 ut
1960 3317 2031 3366 sic
2054 3318 2166 3366 baec
2187 3318 2347 3367 verba
2380 3320 2520 3383 iega-

1451 3410 1584 3455 mus,
1623 3395 1748 3442 Cum
1778 3392 2127 3457 suffragatores
2160 3394 2523 3444 candidatorum

1451 3472 1644 3519 nomina
1678 3469 1871 3529 honore,
1900 3483 1990 3530 quo
2024 3469 2196 3532 solent,
2229 3470 2525 3533 exciperent,

1450 3548 1533 3609 &c-
1602 3545 1721 3595 Non
1747 3544 1884 3594 enim
1910 3545 2114 3593 uomina
2142 3546 2523 3611 suffragatorum

1453 3622 1636 3686 plausu
1660 3628 1713 3670 et
1736 3620 1930 3670 honore
1951 3621 2378 3685 excipiebantur5
2410 3624 2523 3672 sive

1454 3705 1631 3762 putes,
1646 3711 1740 3761 per
1755 3696 2101 3762 suffragatores
2118 3697 2399 3762 significari
2415 3714 2525 3747 om·

1454 3787 1547 3822 nes
1569 3780 1856 3836 unctores,
1878 3774 1963 3836 qui
1988 3788 2237 3823 consensu
2257 3789 2350 3823 suo
2373 3788 2523 3822 sena·

1454 3851 1606 3907 torio,
1640 3851 1786 3915 quasi
1811 3848 2086 3914 suffragiis,
2114 3850 2525 3912 comprobabant

1455 3928 1868 3991 designationem
1894 3924 2290 3974 candidatorum
2329 3942 2356 3975 a
2384 3927 2525 3989 prin·

1455 4006 1574 4068 cipe
1589 4002 1809 4063 factam3
1833 4005 1943 4052 sive
1968 4003 2233 4065 inteiligas
2249 4004 2523 4064 speciatim

1457 4082 1576 4131 ilios
1599 4079 1965 4142 suffi‘ogutores,
1981 4077 2065 4141 qui
2091 4077 2527 4127 commendarunt

1455 4156 1679 4206 maxime
1718 4155 1944 4219 principi
1986 4152 2317 4214 candidatos,
2348 4163 2400 4203 et
2429 4170 2524 4219 pro

1455 4234 1536 4280 bis
1570 4232 2013 4289 intercesseruut3
2049 4229 2113 4279 de
2151 4229 2336 4293 quibus
2361 4231 2524 4296 ioqui·

2280 4314 2310 4358 8
2340 4309 2387 4360 N
