3060 4902
531 364 663 429 560

532 525 685 574 clam.
708 537 783 573 vr.
807 528 856 574 2.
893 521 910 552 ‘
928 521 1113 585 Unus,'
1135 522 1321 588 iuquit,
1343 524 1359 551 ‘
1377 537 1590 573 succur-

531 615 647 651 rere
672 602 879 665 utrique
904 615 1007 650 non
1028 607 1265 664 poterat;
1288 601 1490 650 invenit
1512 607 1592 650 ta·

532 693 650 728 men
674 678 935 740 ingeniosa
958 676 1164 740 pietas,’
1200 677 1233 725 i.
1257 691 1301 725 e.
1326 677 1591 741 ingenium

532 754 760 818 pietatis.
794 754 1072 803 Petronius
1095 766 1211 814 cap.
1244 756 1357 802 185.
1393 760 1407 781 ⁶
1431 753 1592 802 Mira·

531 828 636 877 bile
682 829 888 893 quidem
930 829 1251 891 paupertatis
1289 826 1590 890 ingenium.'

530 904 689 954 Haud
710 919 857 954 secus
878 905 1164 955 Claudiano
1186 904 1252 953 de
1269 904 1441 968 Raptu
1459 906 1589 953 Pro·

528 994 664 1044 serp.
685 994 771 1030 ιιι.
791 985 872 1029 al.
897 980 1089 1029 dicitur
1118 982 1132 1008 ‘
1154 980 1418 1042 ingeniosa
1440 995 1590 1044 eges-

528 1063 605 1106 tas
622 1054 656 1106 :'
683 1058 804 1106 item
823 1056 1056 1106 Martiali
1079 1060 1301 1105 xnr.62.
1323 1056 1338 1082 ‘
1358 1056 1588 1118 ingenio·

524 1147 581 1182 sa
625 1134 779 1196 gula!
833 1134 958 1197 Ipse
993 1133 1195 1182 Plinius
1239 1130 1392 1193 infra,
1430 1146 1586 1183 xux.

525 1213 574 1257 7.
620 1219 992 1260 commemorat
1036 1217 1049 1239 ⁶
1084 1209 1338 1274 exquisita
1378 1211 1587 1274 ingenia

524 1285 827 1335 coensrum.'
861 1287 1015 1336 Idem.

595 1362 737 1412 Velut
759 1363 1030 1426 admovere]
1075 1360 1210 1413 Quia
1235 1361 1477 1411 absentes
1498 1362 1585 1412 ha·

520 1438 617 1489 biti
646 1453 739 1502 pro
774 1439 1135 1502 praesentibus,
1157 1447 1213 1488 et
1248 1453 1366 1489 mox
1397 1440 1587 1489 ‘inter-

521 1517 709 1566 cedere
744 1517 985 1574 casibus,'
1018 1517 1082 1566 sd
1124 1527 1346 1581 egrotos
1380 1524 1587 1581 spectat

521 1594 602 1642 vel
626 1599 926 1656 occupatos.
964 1594 1098 1655 Lips.

598 1669 736 1718 Velut
758 1671 1027 1732 admovere]
1064 1669 1244 1719 Codex
1263 1670 1586 1734 Guelpberb.

520 1744 695 1807 prodit
718 1746 968 1794 advnonere
982 1760 1003 1802 ,·
1030 1745 1121 1794 sed
1148 1747 1302 1796 obvio
1325 1761 1501 1796 errore
1524 1748 1584 1797 li·

521 1820 827 1881 brariorum,
852 1835 883 1868 a
906 1821 957 1868 in
981 1836 1012 1870 n
1038 1823 1366 1872 mutantium.
1409 1823 1585 1872 Admo-

516 1914 643 1962 vere,
664 1900 758 1947 boc
780 1899 895 1947 loco
918 1906 1019 1961 est,
1046 1899 1238 1964 aliquid
1267 1900 1484 1949 vicinius
1509 1900 1583 1949 fa·

518 1989 642 2024 cere
660 1991 675 2036 3
700 1975 843 2035 item,
862 1975 1173 2025 accelerare.
1238 1976 1328 2025 Sic
1345 1976 1438 2025 Sil.
1459 1977 1584 2027 Ital.

520 2062 643 2099 xvt.
676 2054 760 2101 93.
793 2050 947 2107 dixit,
983 2049 1223 2100 ‘admota
1258 2050 1430 2106 bella,'
1467 2052 1499 2099 i.
1534 2066 1582 2100 e.

519 2127 690 2175 vicina
736 2135 790 2177 et
826 2127 1087 2188 contigua.
1137 2128 1254 2176 Nec
1290 2127 1456 2176 minus
1492 2128 1582 2177 alii

519 2213 761 2253 auctores
792 2218 934 2268 saepe
956 2203 1137 2253 dicunt
1161 2202 1469 2253 ‘admovere
1494 2219 1582 2252 ex·

520 2280 761 2342 ercitum,
795 2282 987 2345 copias,
1010 2280 1207 2330 aciem-⁹
1263 2274 1455 2331 Lucan.
1480 2295 1583 2332 vu.

521 2363 601 2408 10.
646 2357 661 2384 ‘
682 2358 871 2407 Mortis
898 2358 1081 2407 vicinoe
1117 2365 1462 2420 properantes
1493 2358 1583 2406 ad·

519 2441 693 2483 movet
718 2433 905 2484 boras!
959 2434 1022 2482 Id
1050 2434 1205 2496 igitur
1224 2434 1385 2484 voluit
1403 2433 1581 2484 dicere

519 2510 755 2559 Plinius:
776 2509 1133 2573 Magnificum,
1153 2511 1347 2573 Caesar,
1366 2519 1419 2560 et
1437 2518 1582 2561 tuum

515 2592 615 2640 est,
634 2600 698 2634 ex
721 2586 984 2648 ingeniosa
1015 2585 1363 2635 munificentia
1387 2585 1580 2651 facere,

517 2667 574 2710 ut
605 2663 763 2711 etiam
798 2662 1217 2725 disjunctissimae
1251 2673 1402 2714 terrae
1439 2666 1580 2715 vide·

515 2744 668 2786 antur
693 2737 809 2787 urbi
846 2738 1022 2787 Rome
1051 2739 1237 2787 vicinae
1259 2740 1580 2801 conjunctae·

516 2826 617 2876 que
653 2827 803 2873 esse;
840 2814 961 2863 dum
999 2813 1201 2863 scilicet
1235 2816 1498 2879 provides,
1522 2824 1582 2867 ut

514 2889 567 2938 iu
593 2889 953 2939 distribuendo
972 2891 1256 2954 congiario,
1269 2892 1459 2942 civium
1477 2894 1579 2943 Ro·

514 2979 776 3017 manorum
802 2967 1116 3031 absentium,
1138 2974 1193 3016 et
1216 2968 1267 3016 in
1296 2970 1577 3020 remotissi-

514 3044 610 3092 mis
632 3045 783 3093 terris
808 3045 1002 3106 negotii
1031 3058 1215 3093 caussa
1250 3047 1580 3111 morantium,

513 3135 679 3184 oeque,
712 3136 773 3170 ac
798 3122 975 3170 Romae
1006 3120 1363 3183 praesentium,
1385 3121 1578 3171 babea-

513 3200 598 3243 tur
623 3196 775 3244 ratio·
807 3196 1043 3245 Eandem
1059 3194 1169 3244 fere
1189 3197 1505 3246 sententiam
1523 3198 1576 3248 in

512 3271 851 3332 sequentibus
887 3286 1090 3336 quoque
1124 3271 1313 3334 verbis,
1336 3287 1431 3338 per
1451 3274 1575 3339 ἐξερ-

508 3344 703 3408 γασίαν,
754 3348 998 3410 exprimit
1034 3356 1227 3407 orator,
1260 3350 1576 3416 immensaque

507 3422 664 3485 spotia
685 3421 971 3473 liberalitate
992 3425 1283 3474 contrahere.
1318 3427 1576 3478 Schwart-

575 3500 877 3550 Intercedere
897 3501 1106 3564 casibus]
1152 3502 1185 3551 i.
1209 3516 1257 3552 e.
1283 3503 1577 3567 providere,

507 3579 564 3623 et
600 3572 827 3632 efficere,
862 3590 928 3623 ne
963 3590 1113 3624 casus
1148 3577 1458 3639 calamitosi,
1484 3594 1574 3630 cu-

498 3647 731 3711 jusmodi
789 3656 912 3698 suat
960 3651 1146 3714 morbi,
1191 3653 1572 3705 exundationes

506 3722 801 3786 fluviorum,
849 3726 1053 3791 aliaque
1097 3726 1318 3777 fortuita
1352 3729 1572 3794 impedi-

504 3807 702 3862 menta,
733 3800 935 3850 civibus
971 3803 1215 3854 Romanis
1243 3814 1484 3870 noceant,
1515 3815 1573 3858 et

504 3875 733 3927 fructum
753 3880 1002 3943 congiarii
1028 3881 1380 3946 intercipiant.
1420 3885 1572 3935 Simi-

504 3953 629 4003 liter
657 3952 790 4003 dixit
812 3955 1030 4005 Latinus
1062 3956 1311 4022 Pacatus,
1347 3957 1570 4012 fortasse

506 4027 735 4078 Plinium
790 4029 1038 4089 imitatus,
1083 4047 1200 4098 cap.
1242 4038 1325 4085 27.
1379 4042 1396 4065 ·
1430 4037 1569 4089 Quin

505 4117 606 4167 ego
630 4106 819 4155 nullam
844 4107 1090 4169 majorem
1115 4110 1429 4161 crediderim
1454 4127 1569 4164 esse

507 4182 798 4246 principum
828 4181 1159 4248 felicitatem,
1196 4202 1346 4252 quam
1382 4188 1565 4241 fecisse

1229 378 1447 428 NOTAE
1494 379 1535 425 V
1554 378 1900 428 antonum
1957 379 2039 428 ΙΝ

1668 522 1929 574 fortunam
1968 523 2173 585 vicisse,
2206 528 2263 572 et
2298 521 2509 573 dedisse
2542 523 2742 575 homini

1668 613 1854 649 novum
1906 598 2110 649 fatum.'
2180 599 2579 661 Elegantissima
2621 599 2739 649 haec

1667 675 1912 739 loquendi
1932 674 2153 724 formula
2178 677 2340 739 petita
2360 683 2437 725 est
2457 692 2484 723 e
2499 677 2624 738 jure
2645 677 2740 726 tri·

1669 750 1902 810 buuitio;
1940 750 2060 814 quis
2097 750 2415 799 tribunorum
2454 751 2625 814 plebis
2658 765 2739 800 so·

1666 826 1838 875 leuuia
1864 826 2020 876 verba
2054 825 2281 882 fuerunt,
2321 829 2336 854 ⁸
2358 826 2515 882 veto‚’
2536 830 2551 853 ‘
2574 829 2736 877 inter·

1666 902 1830 951 cedo.'
1874 903 1989 951 Lis.
2031 917 2109 951 vr.
2156 907 2236 952 35.
2293 904 2443 952 Tunc
2485 904 2622 953 enim
2665 904 2739 965 hi,

1666 980 1962 1040 sententiae,
1986 979 2107 1042 legi,
2123 979 2398 1042 rogationi,
2415 987 2504 1029 aut
2524 988 2735 1031 senatus

1666 1056 1921 1117 consulto,
1956 1055 1972 1083 ‘
1996 1054 2361 1119 intercedere,'
2392 1065 2483 1106 aut
2506 1071 2571 1107 ea
2606 1058 2622 1084 ‘
2644 1071 2733 1107 ve-

1667 1128 1818 1187 tare,'
1841 1130 2169 1192 dicebantur,
2189 1146 2326 1192 cum,
2351 1132 2597 1182 auxilium
2622 1133 2734 1196 ple-

1665 1204 1718 1254 bi
1765 1205 2014 1256 Romanae
2065 1208 2241 1269 laturi,
2280 1207 2391 1256 istis
2431 1209 2732 1259 solennibus

1665 1280 1836 1330 verbis
1883 1288 2177 1338 uterentur,
2232 1290 2289 1332 et
2330 1283 2733 1343 intercessione,

1663 1356 1772 1406 sive
1811 1357 2226 1407 contradictione
2258 1373 2366 1420 sua,
2396 1359 2733 1423 impedirent,

1661 1435 1930 1497 quominus
1952 1435 2067 1483 istae
2092 1449 2175 1483 res
2200 1435 2563 1497 procederent,
2589 1439 2730 1486 vale·

1660 1517 1860 1559 rentve.
1931 1510 2106 1560 Multa
2129 1510 2280 1574 hujus
2306 1511 2529 1561 notionis
2552 1525 2729 1562 exem·

1661 1586 1767 1649 pla,
1803 1587 1883 1635 vel
1920 1588 1971 1636 in
2007 1589 2120 1638 Cic.
2154 1590 2220 1637 ad
2254 1590 2395 1638 Fam.
2418 1603 2545 1639 vnr.
2569 1594 2618 1638 8.
2640 1606 2729 1641 oc-

1659 1672 1908 1726 currunt;
1932 1678 1995 1712 ex
2020 1678 2122 1729 qua
2144 1679 2278 1714 nunc
2302 1665 2411 1715 haec
2437 1668 2547 1715 sola
2565 1667 2729 1718 verba

1659 1737 1848 1788 afferre
1891 1740 2046 1790 liceat
2068 1757 2082 1790 ε
2133 1741 2149 1768 ‘
2166 1742 2395 1792 Senatus
2437 1742 2727 1808 existimat,

1657 1816 1917 1865 neminem
1940 1830 2140 1879 eorum,
2179 1818 2267 1880 qui
2294 1824 2612 1880 potestatem
2639 1821 2725 1869 lra-

1659 1890 1783 1940 beut
1804 1892 2183 1948 intercedendi,
2196 1893 2337 1957 [quae
2356 1901 2593 1957 potestas
2612 1903 2728 1948 erat

1659 1966 1979 2016 tribunorum
2034 1968 2251 2033 plebis,]
2289 1976 2341 2019 et
2386 1971 2730 2035 impediendi,

1653 2043 1792 2108 [quae
1831 2054 2064 2108 potestas
2099 2049 2255 2097 etiam
2286 2057 2401 2099 erat
2429 2051 2728 2114 augurum,]

1658 2136 1852 2170 moram
1886 2120 2073 2172 afferre
2096 2124 2310 2173 debere.
2332 2157 2346 2173 .
2363 2159 2376 2175 .
2396 2158 2412 2173 .
2433 2125 2535 2176 Qui
2560 2126 2726 2190 impe·

1657 2197 1833 2259 dier-it,
1852 2201 2194 2264 prohibuerit,
2219 2215 2335 2251 eum
2367 2209 2606 2251 senatum
2634 2218 2725 2253 ex-

1656 2274 1888 2323 istimare
1910 2285 2096 2326 contra
2119 2278 2491 2340 rempublicam
2519 2277 2723 2331 fecisse.

1656 2351 1795 2400 Huic
1818 2360 2025 2401 senatus
2061 2357 2300 2404 consulto
2337 2355 2636 2405 intercessit
2661 2357 2723 2406 C.

1658 2426 1886 2491 Coelius,'
1919 2431 2020 2479 διο.
2090 2431 2289 2481 Deinde
2322 2446 2446 2482 vero
2479 2432 2577 2483 boc
2606 2446 2724 2483 ver·

1657 2503 1797 2567 bum,
1831 2506 1987 2556 etism
2022 2506 2088 2557 ad
2125 2507 2253 2557 alias
2287 2522 2535 2572 personas
2559 2513 2615 2558 et
2637 2524 2722 2559 res

1655 2581 2121 2649 accommodatum,
2132 2584 2419 2648 generatim
2434 2590 2598 2641 notat,
2614 2587 2630 2614 ⁸
2645 2600 2726 2636 re·

1655 2658 1880 2722 sistere,'
1921 2661 1936 2688 ‘
1954 2659 2202 2723 obstare‚'
2234 2660 2563 2723 ‘cobibere3’
2591 2664 2722 2714 ‘im-

1656 2733 1860 2795 pedire,
1879 2748 1943 2783 ne
1967 2736 2089 2800 quid
2114 2735 2223 2800 fiat,
2241 2744 2332 2786 aut
2355 2736 2576 2788 noceat.'
2632 2739 2721 2789 Sic

1656 2810 1886 2875 loquitur
1912 2813 2023 2863 Jul.
2053 2814 2186 2864 Caes.
2210 2814 2275 2863 de
2298 2815 2362 2865 B.
2388 2815 2456 2866 G.
2491 2829 2620 2865 vm.
2639 2821 2724 2866 52.

1654 2892 1669 2914 ⁴
1695 2887 1848 2937 Quod
1882 2903 1947 2938 ne
1988 2888 2158 2947 tieret,
2190 2892 2428 2941 consules
2463 2892 2720 2957 amicique

1653 2964 2101 3016 intercesserunt.'
2132 2969 2347 3018 Terent.
2365 2968 2528 3018 Andr.
2544 2975 2724 3019 v.5.6.

1653 3041 1670 3067 ⁴
1694 3042 1835 3090 nulla
1876 3045 2135 3106 aegritudo
2171 3045 2292 3095 lmic
2329 3046 2517 3109 gaudio
2555 3046 2720 3096 inter-

1653 3121 1872 3170 cesserit
1889 3120 1922 3182 ;'
1940 3121 1990 3171 h.
2011 3137 2059 3172 e.
2082 3122 2181 3173 hoc
2198 3124 2439 3186 gaudium
2463 3125 2720 3188 impedie-

1652 3194 1741 3256 rit,
1762 3204 1852 3245 aut
1873 3197 2253 3248 interturbarit.
2285 3192 2375 3248 Sic
2388 3200 2555 3250 Tacit.
2570 3201 2716 3252 Hist.

1651 3284 1690 3319 ι.
1716 3275 1792 3321 19.
1813 3272 1965 3330 dixit,
1997 3273 2355 3325 ‘intercedere
2378 3276 2594 3325 consilio
2610 3277 2645 3338 ς’
2665 3292 2719 3328 c.

1648 3351 1731 3397 77.
1771 3349 2139 3400 ‘intercedere
2172 3351 2392 3401 honori.'
2460 3353 2599 3403 Flor.
2627 3367 2718 3403 rrr.

1651 3427 1731 3474 10.
1758 3425 1774 3452 ‘
1795 3426 1924 3476 Cum
1950 3427 2164 3477 aestibus
2182 3428 2449 3478 subductis
2467 3429 2718 3480 Oceanus

1650 3500 1976 3552 intercedere
2011 3503 2167 3565 bello,
2197 3504 2259 3568 (i.
2292 3517 2339 3555 e.
2376 3504 2629 3568 impedire
2660 3512 2718 3556 et

1649 3585 1827 3629 vetare
1850 3580 2122 3646 pugnam.)
2142 3582 2439 3632 videretur.'
2462 3584 2588 3643 Ipse
2605 3583 2717 3633 Pli-

1648 3656 1762 3705 nius
1784 3656 1937 3719 infra,
1955 3671 2083 3708 vm.
2102 3662 2151 3707 4.
2187 3660 2201 3686 ⁸
2220 3658 2269 3707 Ο
2296 3673 2416 3708 vere
2441 3659 2713 3724 principis,

1646 3731 1974 3782 intercedere
2028 3734 2389 3798 iniquitatibus
2438 3736 2715 3797 magistra-

1648 3815 1789 3858 tuum
1808 3807 1842 3856 l'
1876 3809 1950 3859 At
1973 3823 2152 3873 supra,
2178 3824 2258 3860 tv.
2275 3815 2326 3860 2.
2349 3810 2605 3861 tribunitii
2619 3812 2712 3876 jn·

1648 3885 1718 3934 ris
1742 3886 2003 3936 notionem
2022 3887 2142 3937 huic
2161 3887 2318 3936 verbo
2334 3888 2544 3952 reliquit
2558 3903 2575 3951 ;
2590 3902 2712 3939 cum

1645 3963 1755 4025 ipse
1776 3963 2042 4028 Trajanus,
2063 3963 2139 4012 uti
2153 3977 2331 4013 omnes
2350 3964 2712 4029 imperatores,

1644 4039 1916 4089 tribunitia
1957 4046 2213 4103 potestate
2259 4049 2395 4091 esset
2440 4041 2715 4106 praeditus,

1644 4115 1731 4165 nbi
1757 4117 1850 4179 ait,
1874 4124 1890 4146 ⁴
1910 4116 2107 4166 Parcus
2132 4124 2310 4167 noster
2331 4116 2564 4180 privatas
2592 4131 2712 4182 gra·

1646 4192 1830 4242 tiarum
1867 4193 2099 4243 actiones
2134 4193 2345 4243 cohibet
2385 4199 2460 4241 et‘
2482 4194 2709 4257 compri-

502 4251 729 4325 felicem,
768 4269 823 4312 et
862 4261 1217 4316 intercessisse
1260 4265 1470 4332 inopie,
1507 4276 1566 4320 et
1641 4270 1770 4330 mit5
1808 4269 2186 4321 intercessurus
2216 4270 2371 4321 etism
2402 4269 2642 4335 publicis,
2665 4269 2712 4321 si
