3060 4902
477 366 613 431 542

479 534 663 579 onerat
683 525 1004 578 tribunatus-⁸
1019 526 1035 553 '
1065 525 1197 590 [Ubi
1213 534 1357 576 recte
1373 526 1544 576 Buch-

478 620 667 655 nerus:
704 608 718 634 ⁴
740 604 939 662 Gloria,
961 619 1114 670 quam
1145 619 1209 653 ex
1244 604 1544 653 muneribus

479 690 631 729 antea
656 681 905 743 praeclare
930 681 1088 745 gestis
1113 681 1447 745 comparasti,
1469 682 1545 730 in·

479 757 676 808 cumbit
712 758 808 808 tibi
842 759 1021 814 veluti,
1057 758 1237 822 instat,
1272 765 1443 821 urget,
1481 772 1545 807 ne

467 835 602 900 'quid
627 841 822 894 mutes;
861 834 953 883 sed
987 836 1117 884 tueri
1143 843 1196 885 et
1222 848 1430 884 servare
1457 849 1543 896 po·

477 912 577 959 tius
603 910 766 960 modis
793 910 1028 961 omnibns
1052 910 1405 974 contendas.']
1456 911 1545 961 Sic

478 995 531 1036 et
551 988 813 1038 Cis-‚Fam
832 1001 897 1036 ιι.
915 991 967 1037 4.
989 988 1005 1016 ⁴
1027 988 1122 1036 Est
1148 988 1240 1037 tibi
1261 987 1432 1050 gravis
1453 987 1543 1036 ad-

480 1064 705 1113 versaria
741 1066 1049 1121 constituta,
1075 1073 1129 1114 et
1163 1071 1341 1128 parata
1375 1065 1544 1113 incre-

477 1139 649 1189 dibilis
692 1141 926 1206 qnaedam
970 1140 1306 1205 expectatio!
1388 1140 1543 1191 Adde

476 1219 741 1284 Panegyr.
766 1233 970 1271 Lxxm.
988 1225 1037 1269 6.
1073 1221 1206 1271 Quin
1232 1227 1287 1269 et
1307 1219 1383 1268 his
1408 1235 1541 1284 prae·

478 1303 624 1345 terea
658 1296 779 1346 addi
819 1304 1029 1360 possunt
1066 1298 1204 1348 Plin.
1239 1297 1407 1361 Epist.
1432 1311 1470 1346 1.
1495 1302 1544 1346 8.

479 1377 527 1419 6.
552 1376 688 1422 ι.13.
710 1376 788 1421 10.
814 1387 902 1423 m.
925 1376 973 1425 7.
1006 1373 1295 1438 Symmacli.
1320 1375 1418 1437 Ep.
1441 1388 1544 1424 vn.

476 1452 559 1500 60.
605 1448 911 1500 ‘Onerabat
950 1451 1312 1501 verecundiam
1358 1465 1545 1514 meam,

476 1524 613 1589 quod
640 1525 782 1587 prior
809 1525 1127 1590 scripseras!
1197 1527 1344 1576 Idem
1371 1527 1543 1590 Epist.

476 1614 565 1650 111.
594 1605 675 1650 43.
708 1600 724 1628 ‘
751 1603 920 1666 Urget
956 1611 1008 1651 te
1042 1605 1360 1666 expectatio,
1396 1603 1544 1653 bonis

475 1691 685 1741 semper
707 1692 956 1738 onerosa;
991 1692 1105 1726 nam
1131 1681 1231 1728 etsi
1258 1679 1438 1742 dignos
1462 1695 1542 1729 re·

477 1755 663 1817 spicit3
700 1754 931 1817 periculo
968 1761 1139 1804 tamen
1177 1757 1413 1817 proxima
1438 1763 1540 1813 est,

476 1829 598 1878 dum
625 1829 841 1892 amplius
866 1830 965 1879 sibi
994 1830 1306 1894 pollicetur.’
1369 1832 1541 1881 Etiam

477 1905 819 1956 Germanicus
835 1905 1116 1971 interpres.
1132 1908 1418 1970 Dammius,
1431 1923 1541 1957 rem

477 1980 611 2030 bene
658 1981 949 2045 expressits
1010 1984 1107 2032 Ein
1148 1985 1330 2033 solcher
1370 1986 1544 2045 einzug·

473 2058 638 2108 wiirde
674 2058 826 2108 einem
864 2061 1043 2109 andern
1084 2075 1251 2122 soegen
1291 2063 1375 2109 der
1400 2062 1544 2122 folge

474 2149 562 2182 zur
583 2136 680 2183 last
696 2136 935 2197 gereiehet
958 2151 1089 2200 seyn.
1132 2138 1376 2186 Ceterum
1403 2152 1540 2194 mox,

476 2209 563 2259 ubi
588 2209 723 2259 bene
748 2210 944 2259 editum
970 2220 1049 2260 est
1072 2212 1329 2272 ςὶιιεηιοάίς
1353 2223 1541 2262 contra

474 2299 778 2335 consensum
818 2293 1110 2335 ceterorum
1151 2287 1419 2352 librorum,
1454 2288 1541 2336 hu·

462 2361 672 2421 Jusmodi
689 2360 882 2410 liabent
905 2362 1074 2411 codex
1096 2363 1383 2426 salisburg.
1409 2364 1540 2413 Rhe·

474 2450 657 2499 nanus,
702 2437 932 2501 Lipsius,
981 2439 1303 2504 Bernegger,
1352 2441 1435 2491 De
1490 2441 1541 2490 la

474 2511 675 2573 Baune,
699 2513 932 2561 Patarol.
974 2513 1213 2564 Schwarz.

543 2589 769 2643 Quotidie
798 2590 1124 2639 admirabilior
1157 2597 1201 2641 et
1238 2591 1425 2656 melior]
1455 2593 1543 2643 Ὦς

473 2663 693 2726 χαλεπὸν
719 2664 893 2713 ἐσθλὸν
915 2664 1125 2727 ἐμμένοι..
1158 2670 1447 2731 praesertim
1486 2671 1539 2719 in

474 2740 583 2788 alta
605 2740 691 2788 illa
717 2741 962 2789 statione.
1032 2741 1104 2790 At
1135 2743 1381 2807 Trajanus
1418 2759 1539 2807 pro·

472 2813 633 2876 fecit3
668 2816 792 2865 item
833 2816 1221 2881 ‘Vespasianus
1258 2820 1395 2869 solus
1433 2834 1540 2867 om-

473 2892 613 2941 nium
658 2899 781 2942 ante
826 2906 880 2942 se
930 2894 1220 2957 principum
1265 2895 1315 2943 in
1356 2896 1539 2945 melius

472 2969 740 3026 mutatus,’
772 2970 938 3020 Tacit.
975 2970 1119 3019 Hist.
1153 2985 1192 3020 1.
1215 2975 1297 3022 31.
1364 2971 1538 3022 Hodie

471 3045 584 3096 fere
620 3061 898 3111 personam
937 3046 1340 3110 Agamemnonis
1376 3056 1539 3112 agunt

470 3123 612 3186 apud
650 3124 831 3187 Enrip.
866 3124 916 3172 in
953 3122 1075 3172 Aul.
1112 3139 1185 3171 vs.
1216 3127 1329 3173 337.
1397 3124 1536 3173 vide

475 3212 632 3263 supra
658 3213 789 3249 xcv.
816 3205 862 3248 3.
898 3207 951 3248 et
985 3200 1199 3250 Gruter.
1228 3201 1457 3252 Discurs.
1483 3202 1536 3251 in

473 3275 645 3325 Tacit.
671 3289 718 3323 c.
741 3279 792 3324 4.
828 3276 985 3324 Bern.

542 3352 720 3406 Quales
753 3351 840 3400 alii
876 3350 1143 3416 principes]
1191 3354 1536 3406 Quemadmo-

472 3425 592 3476 dum
616 3427 765 3476 multi
803 3429 1061 3494 principes
1098 3432 1322 3494 optimos
1358 3433 1534 3497 benig·

470 3504 811 3569 nissimosqne
836 3504 1039 3556 futuros
1072 3522 1129 3557 se
1167 3509 1384 3570 polliciti
1410 3510 1537 3576 sint,

472 3587 526 3629 at
550 3580 793 3645 deinceps
826 3584 1030 3646 imperii
1055 3584 1401 3635 diuturnitate
1427 3588 1535 3650 ple-

469 3670 688 3720 rumque
730 3658 782 3705 in
821 3657 1051 3708 deterius
1089 3663 1278 3710 mutari
1321 3676 1534 3712 consue-

472 3732 664 3797 verint,
679 3733 855 3782 multis
871 3737 1127 3799 exemplis
1152 3739 1537 3804 sententiisque

469 3816 707 3859 veterum
759 3812 1116 3875 comprobavit
1167 3815 1423 3865 Gruterus
1482 3817 1533 3865 in

469 3884 702 3934 Discurs.
725 3886 882 3936 Polit.
903 3888 966 3937 sd
984 3889 1159 3939 Tacit.
1178 3905 1225 3938 e.
1242 3895 1292 3940 4.
1345 3893 1434 3941 Sic
1460 3891 1534 3942 iu·

471 3959 652 4025 primis
680 3962 860 4025 Eurip.
896 3964 1069 4028 Iplnig.
1102 3966 1154 4014 in
1183 3965 1300 4015 Aul.
1319 3982 1393 4016 vs.
1417 3972 1533 4018 357.

469 4036 683 4101 pulchre
712 4035 960 4087 describit
984 4040 1444 4104 Agamemnonem,
1467 4045 1534 4094 ab

470 4111 641 4174 initio,
663 4126 777 4162 cum
804 4113 1072 4179 imperinm
1097 4117 1401 4168 Graecorum
1427 4135 1530 4168 am·

470 4188 646 4251 bierit,
679 4191 992 4254 modestum,
1026 4192 1320 4255 humanum,
1351 4194 1534 4246 affabi-

465 4267 610 4328 ·lem;
657 4265 845 4321 deinde
883 4283 1026 4336 vero,
1066 4270 1156 4322 nbi
1188 4271 1272 4324 hic
1309 4273 1416 4326 voti
1448 4275 1528 4325 sni

1179 380 1396 428 No'rAE
1443 378 1858 428 VARIORUM
1910 380 1995 430 ΙΝ

1617 540 1832 588 compos
1864 524 2038 575 factus
2071 520 2249 581 suerit,
2272 524 2482 588 elatum,
2504 523 2692 575 diffici-

1620 604 1722 652 lem
1750 601 1917 663 aditn,
1939 601 2287 650 inhumanum.
2351 600 2525 650 Tacit.
2550 602 2693 651 Hist-

1621 691 1661 727 1.
1704 668 2013 738 81.'tradit‚
2056 683 2071 706 ⁸
2098 675 2477 740 Vespasianum
2524 676 2690 726 solnm

1620 754 1846 803 omnium
1884 760 2006 803 ante
2031 768 2088 803 se
2114 754 2407 818 principum
2431 754 2483 802 in
2508 753 2693 802 melius

1620 831 1915 882 mutatum!
1980 831 2113 882 Quae
2142 831 2254 894 jam
2289 845 2498 896 quinque
2532 845 2693 881 anno-

1622 909 1754 958 tavit
1779 909 2098 971 Bernegger.
2133 907 2378 957 Schwart-

1688 985 1787 1034 Res
1821 984 2192 1047 diversissimas]
2233 985 2384 1035 Inter
2420 983 2550 1034 duas
2595 984 2690 1033 bas

1623 1075 1770 1110 voces
1795 1062 2102 1125 particulam
2120 1063 2232 1110 olim
2249 1061 2576 1124 interjectam
2599 1074 2688 1111 ex·

1619 1139 1802 1188 hibent
1839 1138 2036 1203 aliquot
2071 1138 2358 1200 editiones;
2405 1153 2558 1202 quam
2598 1153 2692 1187 au·

1623 1223 1726 1265 tem
1753 1215 1882 1265 bene
1907 1223 2154 1280 recteque
2190 1215 2533 1272 omittunt,et
2556 1214 2689 1264 dun·

1620 1299 1770 1342 taxat
1803 1293 1856 1342 in
1893 1293 2138 1356 proximis
2163 1291 2358 1349 verbis,
2384 1293 2688 1342 securitatem

1619 1370 1730 1418 olim
1751 1370 2050 1433 imperantis,
2070 1368 2329 1418 collocant
2353 1369 2563 1418 codices
2580 1370 2690 1418 Va-

1621 1446 1802 1508 ticani,
1854 1445 2182 1502 parisiensis,
2221 1446 2477 1503 Venetus,
2527 1447 2689 1496 Salis-

1618 1523 1910 1587 burgensis,
1951 1522 2292 1587 Guelphicus,
2330 1537 2497 1584 meus,
2558 1524 2686 1574 item

1618 1600 1752 1650 liber
1785 1599 2085 1665 Vossianus,
2122 1607 2178 1650 et
2215 1600 2351 1650 alter
2386 1599 2686 1664 Gudianus3

1619 1685 1794 1742 atque,
1819 1677 1870 1726 in
1905 1677 2050 1726 libris
2088 1677 2313 1732 excusis,
2343 1678 2689 1741 Puteolanus,

1618 1752 1804 1815 Aldus,
1846 1753 2215 1817 Cuspinianus,
2255 1754 2436 1810 Junta,
2478 1755 2685 1805 Rhena-

1617 1844 1732 1894 nus,
1772 1830 1903 1879 Rob.
1941 1829 2259 1893 Stephanus,
2297 1831 2522 1893 Lipsius,
2545 1831 2686 1896 Gry-

1619 1907 1788 1970 phius,
1814 1906 2118 1967 Sicltardus‚
2156 1906 2376 1969 Navius,
2404 1906 2691 1971 Livineius,

1618 1983 1941 2045 Bernegger,
1965 1982 2304 2036 parisienses,
2327 1982 2563 2043 Patarol,
2582 1986 2685 2034 διο.

1620 2058 1762 2108 Nihil
1786 2058 1921 2106 enim
1954 2058 2163 2107 auribus
2201 2057 2468 2107 accideret
2498 2059 2688 2108 moles·

1621 2135 1742 2198 tius,
1788 2149 1940 2198 quam
1986 2136 2029 2182 si
2076 2134 2260 2183 eadem
2316 2134 2588 2197 particula,
2631 2134 2686 2185 in

1618 2210 1764 2259 brevi
1811 2210 2087 2258 verborum
2144 2209 2358 2265 ambitu,
2417 2209 2516 2272 bis,
2571 2210 2685 2260 sine

1614 2284 1795 2347 figurae
1816 2293 2141 2347 ornamento,
2168 2293 2529 2350 repeteretur;
2564 2302 2686 2339 cum

1616 2376 1737 2411 mox
1779 2372 2046 2426 sequatur,
2087 2370 2177 2413 aut
2214 2372 2362 2413 certe
2405 2365 2549 2429 sequi
2593 2366 2686 2415 de·

1616 2439 1756 2497 beat,
1822 2440 2126 2491 securitatem
2201 2441 2312 2489 olim
2387 2441 2686 2506 imperantis.

1616 2516 1784 2567 Idem.

1686 2595 1783 2642 Res
1826 2593 2197 2657 diversissimas]
2247 2593 2435 2643 Phrasi
2475 2595 2588 2659 pari
2628 2602 2684 2645 et

1616 2672 1872 2733 acumine,
1904 2669 2118 2720 Tacitus
2154 2672 2206 2720 in
2242 2670 2421 2734 Agric.
2456 2687 2503 2721 c.
2532 2676 2580 2721 3.
2614 2671 2682 2722 de

1615 2747 1824 2797 Nerva:
1861 2755 1874 2775 ‘
1898 2748 2001 2797 Res
2036 2748 2156 2796 olim
2181 2748 2532 2798 dissociabiles
2564 2749 2682 2799 mis-

1614 2823 1740 2879 cuit,
1799 2823 2148 2886 principatum
2214 2830 2270 2872 et
2332 2823 2682 2877 libertatem.'

1617 2899 1846 2947 Pacatus
1871 2898 1937 2946 de
1960 2913 2073 2948 sese
2096 2915 2107 2944 :
2143 2898 2159 2925 ‘
2181 2899 2287 2948 Res
2310 2899 2684 2950 diversissimas

1609 2975 1779 3039 junxi,
1800 2982 1993 3023 metum
2018 2983 2070 3023 et
2097 2975 2490 3027 temeritatem.'
2520 2977 2660 3041 Lips.

1680 3050 1993 3099 &caritatem
2012 3051 2146 3124 ‘olim
2183 3051 2488 3117 imperantis]
2536 3053 2680 3103 Prae-

1613 3126 1901 3176 decessoris
1947 3128 2158 3176 Nervae.
2226 3129 2471 3194 Maleque
2512 3137 2590 3179 est
2627 3129 2679 3178 in

1613 3202 1769 3252 editis
1807 3202 2139 3267 quibusdam,
2170 3202 2303 3254 misc.
2339 3221 2416 3255 res
2448 3206 2562 3255 olim
2606 3205 2679 3254 di-

1612 3283 1736 3330 vers.
1758 3280 2058 3329 securitatem
2088 3280 2253 3343 imper.
2279 3281 2418 3331 nullo
2455 3295 2681 3332 commo·

1611 3355 1678 3404 do
1703 3369 1875 3405 sensu.
1909 3356 2076 3406 Livia.

1677 3431 1994 3482 Securitatem
2009 3435 2122 3482 olim
2139 3433 2442 3499 imperantis]
2466 3433 2569 3485 Qui
2587 3434 2679 3485 diu

1609 3508 1953 3573 imperarunt,
1987 3510 2155 3561 fidunt
2186 3511 2297 3574 jam
2339 3511 2457 3566 sibi,
2491 3526 2554 3560 ac
2587 3526 2679 3574 po·

1611 3585 1795 3654 tentiae
1840 3601 1946 3635 suae
1992 3594 2114 3636 sunt
2161 3586 2363 3636 securi:
2416 3589 2505 3650 qui
2549 3588 2679 3637 inci·

1611 3662 1778 3724 piuut,
1814 3670 2008 3712 metum
2051 3663 2271 3727 aliquem
2310 3670 2366 3712 et
2404 3663 2680 3729 pudorem,

1611 3745 1666 3787 ut
1692 3740 1742 3787 in
1771 3754 1825 3789 re
1852 3755 1988 3791 nova
2021 3747 2077 3790 et
2112 3740 2295 3796 ardua,
2323 3738 2534 3790 habent.
2603 3742 2677 3791 At

1611 3822 1686 3872 tu,
1719 3816 1910 3881 inquit,
1942 3823 2219 3883 utrumque
2247 3817 2429 3880 jungis
2457 3825 2513 3867 et
2547 3826 2677 3867 tem-

1609 3907 1796 3957 peras:
1841 3908 2071 3956 secnrus‚
2110 3901 2167 3943 ut
2207 3901 2357 3944 vetus
2391 3894 2640 3957 regnandi
2663 3912 2680 3957 ;

1610 3968 1954 4034 verecundus,
1999 3967 2389 4034 modestusque,
2443 3976 2504 4018 ut
2559 3972 2678 4021 tiro.

1606 4044 1742 4109 Lips-

1674 4120 1993 4171 Secaritatem
2028 4120 2143 4171 otim
2183 4121 2487 4186 imperantis]
2545 4124 2676 4173 Olim

1606 4197 1899 4261 imperantis,
1913 4197 1964 4246 id
1987 4204 2083 4256 est,
2101 4204 2116 4227 ⁸
2130 4199 2527 4262 praedeeessoris
2546 4200 2679 4248 Ner-

1605 4274 1725 4339 vae,'
1748 4276 1912 4341 inquit
1928 4275 2217 4328 Livineius:
2249 4290 2351 4328 non
2375 4286 2539 4343 recte,
2557 4292 2675 4328 mea
