3060 4902
554 310 691 374 912

551 474 606 517 et
644 467 784 518 clara
823 469 978 528 gente
1014 467 1302 528 prognatus
1339 460 1430 521 sit,
1452 458 1620 521 magis

556 554 725 595 tamen
763 543 992 598 virtutis,
1028 554 1180 605 quam
1217 536 1439 600 generis,
1469 535 1619 584 clari-

551 629 661 671 tate
704 633 954 670 summum
1002 615 1208 680 imperii
1253 612 1622 664 conscenderit

548 698 834 761 fastigium.
902 696 1170 756 Ceterum,
1202 690 1368 741 codex
1406 688 1619 738 Patavi·

549 789 667 837 nus,
687 774 871 823 omisso
896 770 1197 833 pronomine
1223 767 1314 830 tui,
1345 765 1505 814 babet
1533 779 1619 827 ge·

550 851 680 901 neris
701 849 986 898 claritatem.
1027 847 1195 895 Idem.

617 929 715 985 Qun·
749 933 958 990 posteros
986 924 1156 974 habere
1185 920 1358 969 nobiles
1384 933 1618 968 mereren-

547 1006 655 1069 tur]
709 1005 916 1054 Erravit
955 1000 1201 1055 Baudius,
1234 997 1494 1060 opinatus,
1533 994 1618 1043 hic

549 1080 812 1146 designari
839 1080 1064 1128 homines
1088 1076 1311 1139 spurios,
1337 1071 1479 1135 qnasi
1505 1072 1617 1119 sine

550 1167 704 1222 patre
723 1165 887 1207 natos.
936 1157 951 1182 ‘
973 1155 1037 1210 Ii,
1055 1153 1142 1217 qui
1167 1160 1399 1214 posteros
1427 1146 1618 1197 habere

550 1235 747 1284 nobiles
762 1228 1061 1285 merentur‚'
1087 1241 1186 1275 nou
1206 1230 1344 1285 sunt,
1361 1223 1456 1271 nisi
1475 1222 1616 1270 ‘novi

548 1307 819 1368 homines,'
865 1306 951 1370 qui
993 1306 1209 1353 honesto
1258 1301 1486 1365 quidem,
1523 1299 1616 1348 sed

548 1399 649 1435 non
696 1384 978 1446 majoribus
1027 1378 1414 1442 magistratibus
1457 1377 1616 1437 gestis

547 1463 687 1512 claro
721 1474 911 1523 genere
945 1465 1064 1505 sunt
1101 1455 1361 1518 prognati,
1384 1452 1471 1500 sed
1508 1466 1615 1499 suae

547 1546 749 1588 tantum
790 1535 1017 1593 virtutis,
1051 1545 1361 1594 suorumque
1405 1528 1614 1576 merito·

548 1630 677 1669 rum,
700 1609 1146 1663 commendatione
1169 1606 1490 1654 nobilitatem
1517 1603 1615 1652 sibi

547 1698 885 1755 pepererunt,
921 1692 1305 1746 merenturque,
1344 1688 1399 1729 ut
1431 1678 1616 1728 nobili·

546 1777 710 1818 tatem
737 1768 889 1815 istam
915 1779 942 1810 a
967 1777 1021 1811 se
1049 1769 1244 1824 partam
1273 1757 1466 1821 posteri
1490 1771 1615 1820 quo-

543 1859 643 1909 que
660 1843 801 1906 digni
821 1847 1128 1903 propagent.
1164 1834 1503 1898 Contra,‘qui
1526 1850 1615 1897 pa·

544 1928 719 1970 rentes
737 1929 791 1968 et
810 1917 1027 1979 iuajores
1051 1911 1377 1974 liabuerunt,’
1400 1911 1618 1971 nobiles,

543 2002 693 2048 erant
725 2004 780 2047 et
812 1993 1144 2044 habebantur
1177 1990 1314 2053 apud
1353 1988 1614 2037 Romanos

535 2076 646 2138 jam
683 2073 783 2137 ipsi
819 2072 1037 2121 nobiles.
1107 2069 1195 2119 Sic
1233 2067 1377 2116 Plut.
1411 2066 1612 2113 Catone

543 2153 765 2216 Majore,
789 2167 842 2215 p.
865 2153 979 2199 336.
1009 2152 1251 2208 testatur,
1281 2143 1614 2193 consuevisse

544 2228 804 2277 Romanos
843 2224 1056 2289 ignobili
1097 2234 1288 2286 genere
1324 2228 1488 2274 ortos,
1523 2217 1611 2282 qui

545 2305 852 2368 inceperunt
877 2301 1075 2352 actibus
1099 2296 1483 2359 honoribusque
1506 2296 1610 2343 suis

544 2380 909 2434 inclarescere,
933 2376 1195 2440 appellare
1217 2374 1232 2400 ‘
1257 2373 1487 2422 homines
1522 2385 1609 2419 no-

544 2458 669 2520 vos,'
702 2459 776 2507 uti
808 2458 966 2506 etiam
998 2453 1306 2516 appellarint
1338 2450 1608 2500 Catonem.

544 2535 755 2586 Catonis
789 2534 923 2581 enim
959 2543 1111 2593 pater
1144 2529 1245 2576 fuit
1280 2525 1611 2589 ‘ignobilis3’

540 2611 654 2672 ipse
678 2612 695 2638 ‘
715 2622 875 2657 novus
892 2607 921 2668 3’
960 2605 1153 2669 posteri
1180 2601 1294 2662 ejus
1317 2603 1611 2651 extiterunt

539 2686 556 2714 ⁴
583 2682 821 2734 nobiles.’
881 2680 962 2731 Ad
989 2680 1165 2737 verba,
1187 2679 1268 2744 qui
1286 2684 1508 2742 parentes
1524 2678 1610 2726 Ιια·

539 2761 767 2822 hument,
782 2758 1050 2808 annotavit
1074 2757 1287 2807 Isaacus
1306 2756 1538 2814 Vossius,
1557 2755 1607 2803 in

539 2837 671 2886 libro
706 2836 895 2900 saepius
932 2833 1179 2896 indicato,
1201 2846 1381 2901 vocem
1410 2830 1605 2886 nobi-les,

541 2914 684 2975 quasi
710 2911 982 2976 legendum
1003 2916 1160 2970 esset,
1184 2908 1264 2971 qui
1285 2912 1503 2970 parentes
1522 2922 1604 2955 no-

539 2991 654 3040 biles
686 2991 976 3040 habuissent.
1043 2987 1297 3037 Convenit
1330 2999 1446 3033 cnm
1473 2985 1605 3032 Vos·

539 3069 683 3117 siano
714 3067 848 3117 libro
879 3065 1046 3115 codex
1076 3064 1380 3113 Patavinns.
1447 3061 1604 3123 Equi·

539 3144 658 3194 dem
691 3145 793 3193 ista
827 3157 922 3191 vox
946 3141 1124 3190 nobiles
1149 3154 1214 3188 ex
1248 3134 1604 3187 antecedenti·

539 3220 633 3269 bus
657 3228 849 3281 mente,
876 3226 930 3267 et
949 3216 1043 3266 ἀπὸ
1064 3216 1239 3279 κοινοῦ,
1258 3222 1336 3264 est
1361 3219 1603 3275 repeten-

537 3298 621 3354 da,
663 3305 893 3345 attamen
934 3308 1035 3344 non
1076 3295 1125 3343 in
1177 3297 1476 3342 contextum
1513 3287 1602 3337 ad·

536 3371 827 3432 mittenda;
860 3370 981 3434 quia
1016 3369 1206 3417 nullius
1242 3368 1372 3417 alius
1406 3364 1601 3415 codicis

533 3445 735 3507 scripti.
761 3446 993 3509 aliusque
1028 3444 1146 3493 libri
1171 3442 1431 3507 impressi,
1453 3441 1602 3491 testi-

534 3523 705 3570 monio
720 3520 1086 3581 confirmatur;
1121 3534 1288 3584 neque
1306 3517 1601 3568 necessario

533 3601 585 3648 in
617 3598 823 3647 conciso
858 3598 1015 3647 Plinii
1043 3597 1165 3647 stilo
1187 3604 1268 3645 est
1293 3596 1490 3645 diserte
1523 3610 1599 3643 re-

532 3674 781 3741 petenda.
846 3673 908 3722 Id
939 3672 1073 3736 quod
1104 3673 1257 3721 etiam
1283 3671 1599 3721 Arntzeuius

532 3760 675 3803 recte
709 3749 1021 3802 observavit.
1089 3750 1196 3798 Pro
1229 3750 1389 3796 verbo
1413 3748 1600 3805 habere,

531 3829 817 3881 Beroaldus
852 3825 1017 3875 edidit
1039 3827 1172 3880 dare,
1199 3825 1248 3871 in
1275 3825 1368 3871 bac
1392 3831 1598 3872 senten-

530 3908 625 3968 tla,
647 3906 729 3970 qui
764 3909 972 3968 posteros
1003 3903 1121 3950 dore
1151 3900 1331 3949 nobiles
1365 3915 1598 3950 mereren-

530 3988 641 4032 tur:
673 3996 774 4030 non
801 3981 953 4043 male,
978 3986 1035 4028 ut
1065 3982 1209 4041 puto·
1277 3976 1386 4025 Pro
1420 3976 1600 4039 verbo,

528 4062 837 4117 mererentur,
882 4054 934 4104 in
989 4052 1253 4104 codicibus
1299 4052 1597 4115 Vaticanis,

530 4133 930 4196 Salisburgensi,
945 4131 1220 4192 Patavino,
1235 4136 1287 4179 et
1303 4143 1435 4184 meo,
1451 4128 1597 4177 item·

530 4221 632 4273 que
648 4209 701 4258 iu
720 4208 898 4273 paucis
914 4207 1061 4258 libris
1082 4205 1361 4272 impressis,
1376 4203 1595 4269 legimus

1261 317 1477 366 NOTAE
1526 312 1930 365 vammum
1982 313 2063 362 IN

1695 461 1964 515 merentum
1999 457 2041 506 si
2077 469 2174 520 pro
2203 455 2303 505 boc
2335 454 2589 518 scriptum
2626 464 2765 506 esset

1674 531 1977 591 'mer-eantur,
1998 533 2292 596 hujtismodi
2318 534 2656 581 variationem
2678 534 2767 582 mi·

1695 622 1791 656 nus
1817 609 2133 658 dubitassem
2161 608 2412 671 recipere.
2449 609 2603 657 Idem.

1759 684 2093 748 Mererentur]
2122 686 2335 734 Virtute
2376 687 2608 749 propria.
2649 686 2765 749 Lip-

1694 778 1812 811 sius.
1950 799 1956 804 .
2420 797 2425 800 μ

1759 837 2089 901 Mem-eatur]
2135 837 2238 890 Qui
2275 852 2342 887 ex
2381 837 2580 900 optime
2615 844 2762 901 gesta

1694 916 1960 979 republica
1994 913 2201 964 familia!
2232 912 2557 963 nobilitatem
2593 916 2762 977 auspi·

1694 1000 1959 1052 carentur,
1983 999 2040 1040 ut
2072 1000 2128 1040 et
2161 997 2392 1054 posteros
2423 1004 2543 1039 suos
2566 989 2763 1040 nobiles

1694 1069 1887 1117 habere
1913 1074 2258 1116 mererentur.
2293 1067 2513 1116 Putas-01.

1757 1145 1883 1193 Haec
1902 1143 2115 1207 nunties]
2140 1144 2187 1193 1.
2204 1158 2251 1191 e.
2268 1144 2379 1192 hoec
2400 1143 2596 1206 alleges
2615 1157 2760 1192 sena-

1696 1221 1821 1283 tui2·
1855 1218 2047 1269 Confer
2069 1227 2240 1267 notam
2265 1218 2573 1281 proximam.
2645 1219 2759 1268 Non

1694 1306 1867 1346 autem
1904 1297 2053 1359 capio
2088 1309 2327 1350 acumen,
2350 1293 2483 1358 quod
2521 1293 2762 1345 librarius

1693 1375 1889 1425 codicis
1940 1372 2252 1423 Parisieusis
2298 1372 2543 1437 quesivit
2585 1372 2639 1420 in
2684 1388 2761 1421 se·

1694 1449 1970 1514 quentibus
2015 1449 2183 1498 verbis
2226 1450 2304 1499 sic
2349 1447 2765 1511 transponendis,

1694 1527 1801 1575 Nec
1831 1525 1979 1588 poeuis
2006 1523 2247 1586 bonorum,
2269 1524 2350 1572 sed
2378 1524 2612 1572 malorum
2637 1540 2762 1588 pre·

1691 1608 1821 1667 sniis,
1845 1605 2173 1664 bonossacias.
2210 1604 2470 1653 Schwarz.

1759 1686 2024 1747 Erexitque
2045 1677 2253 1740 annuos]
2289 1681 2335 1730 1.
2359 1694 2405 1731 e.
2424 1681 2761 1732 animosiores

1692 1760 2076 1823 alacrioresque
2131 1756 2378 1808 ostendit.
2472 1757 2659 1820 Nepos
2713 1759 2762 1807 iu

1689 1835 1942 1884 Tliemist.
1965 1849 2012 1885 c.
2034 1839 2081 1883 1.
2117 1834 2133 1860 ‘
2153 1834 2283 1885 Quae
2313 1835 2630 1883 contumelia
2661 1849 2761 1885 nou

1693 1913 1855 1977 fregit
1890 1927 2024 1969 eum,
2046 1910 2136 1961 sed
2177 1909 2382 1961 erexit!
2448 1911 2638 1962 Cicero
2667 1926 2761 1976 pro

1692 1990 1899 2038 Cluent.
1918 2002 1963 2037 c.
1981 1992 2062 2036 21.
2095 1987 2112 2013 ‘
2129 1986 2380 2048 Erigebat
2405 1986 2632 2034 animum
2649 1987 2759 2050 jam

1690 2065 1968 2114 demissum
1994 2069 2047 2112 et
2071 2076 2375 2126 oppressum
2401 2060 2765 2125 Oppianicus!

1691 2140 1874 2190 Erexit
1899 2139 2095 2188 animos
2113 2140 2128 2166 ‘
2150 2137 2212 2187 ad
2240 2136 2631 2201 aemulandnm,'
2652 2139 2690 2188 i.
2713 2153 2760 2196 e.

1689 2217 1753 2266 ad
1780 2215 1906 2265 illud
1933 2213 2250 2279 sequendum
2275 2227 2571 2277 magnoque
2587 2212 2760 2263 studio

1687 2291 2012 2346 imitandum.
2046 2291 2182 2354 quod
2218 2288 2416 2337 laudari
2452 2304 2484 2337 a
2522 2290 2759 2354 principe

1690 2369 1916 2419 videbat.
1984 2368 2088 2417 Pro
2113 2365 2273 2414 verbo
2300 2365 2506 2420 videbat,
2531 2366 2673 2430 quod
2708 2366 2760 2415 in

1684 2444 1920 2494 omuibus
1964 2442 2176 2507 reliquis
2225 2440 2371 2491 libris
2423 2442 2759 2505 exprimitur,

1687 2521 2013 2572 Parisienses
2067 2520 2118 2569 iu
2174 2517 2402 2567 editione
2466 2531 2555 2566 au.
2613 2521 2759 2568 1642.

1686 2613 1837 2663 quam
1877 2597 2167 2646 Puteanam
2206 2593 2333 2643 alias
2372 2607 2565 2643 vocare
2599 2593 2759 2649 soleo.

1685 2676 1809 2723 item
1851 2672 1903 2721 e't
1938 2673 2058 2724 Jac.
2090 2672 2170 2720 De
2207 2671 2257 2719 la
2301 2671 2501 2726 Baune‚
2544 2671 2758 2733 evulga-

1685 2741 1823 2814 runt,
1864 2751 2038 2799 nescio
2082 2746 2240 2809 unde,
2276 2745 2478 2797 volebat.
2562 2746 2756 2796 Posset

1683 2826 1794 2876 liaec
1828 2826 1987 2875 lectio
2018 2824 2258 2885 tolerari5
2294 2821 2384 2870 sed
2412 2821 2531 2884 quis
2556 2835 2662 2871 non
2684 2822 2757 2870 vi·

1683 2903 1795 2965 det,
1839 2903 2103 2965 vulgatam
2139 2912 2253 2948 esse
2297 2897 2758 2962 praestantiore-i?

1684 2979 1789 3029 Sed
1815 2986 1870 3027 et
1894 2974 2178 3039 rejicienda
2201 2981 2283 3023 est
2308 2974 2397 3022 illa
2422 2974 2629 3023 varians
2654 2974 2757 3023 lec.

1683 3056 1777 3118 tio,
1801 3054 1887 3103 ubi
1924 3053 1976 3101 iu
2010 3052 2190 3102 codice
2222 3049 2632 3112 salisburgensi,
2664 3063 2758 3113 pro

1679 3134 1941 3195 erexitque,
1961 3130 2243 3193 repositum
2262 3134 2344 3176 est
2359 3129 2672 3190 σπεείίῃις
2688 3133 2759 3182 ,εἰ

1681 3211 1734 3259 in
1760 3224 1875 3258 meo
1897 3208 2077 3257 codice
2102 3205 2380 3267 arr-istique.
2416 3203 2593 3255 Idem.

1744 3283 1982 3346 Madau-i]
2014 3282 2100 3332 Ab
2124 3282 2463 3344 imperatore.
2496 3280 2721 3331 Peto-01.

1749 3362 1924 3410 Omnia
1967 3365 2016 3409 te
2056 3357 2203 3421 scire]
2247 3358 2378 3407 Cum
2419 3358 2755 3419 praecesserit

1677 3439 1927 3503 quidquid,
1951 3452 2045 3501 per
2078 3437 2324 3500 syllepsin
2355 3436 2560 3484 utimeri
2583 3435 2756 3499 sequi-

1681 3522 1765 3564 tur
1798 3512 2014 3578 pluralis
2049 3511 2226 3567 omnia,
2253 3509 2337 3559 ubi
2370 3507 2642 3560 ordinarie
2674 3509 2756 3559 di·

1677 3592 1896 3643 cendum
1934 3588 2136 3651 fuisset,
2175 3600 2323 3646 omae,
2357 3585 2467 3634 sive
2504 3586 2563 3635 id
2602 3602 2756 3641 em.

1677 3673 1851 3732 prout,
1885 3682 1934 3714 v.
1973 3681 2023 3727 g.
2057 3664 2288 3728 loquitur
2320 3660 2436 3710 Cic.
2472 3674 2573 3723 pro
2610 3661 2756 3725 Lege

1678 3745 1864 3794 Manil.
1896 3758 1945 3793 c.
1970 3746 2052 3792 24.
2087 3746 2102 3768 ⁸
2126 3740 2240 3802 Ego
2277 3743 2456 3784 autem
2492 3734 2754 3801 quidquid

1675 3821 1728 3870 in
1765 3834 1846 3869 me
1878 3825 1958 3868 est
1989 3814 2170 3867 studii.
2193 3810 2420 3871 consilii,
2440 3811 2650 3868 laboris,
2672 3811 2753 3861 in·

1676 3896 1845 3959 genii3
1882 3890 2129 3958 quidquid
2153 3891 2251 3938 hoc
2281 3885 2542 3936 beneficio
2571 3886 2754 3951 populi

1678 3972 1916 4035 Romani,
1940 3979 2095 4035 atque
2129 3967 2520 4029 hacpotestate
2557 3973 2756 4027 prato-

1675 4049 1769 4109 ria,
1808 4046 2058 4111 quidquid
2095 4041 2429 4095 auctoritate.
2464 4038 2591 4101 fide,
2622 4054 2753 4091 cou-

1673 4126 1887 4181 stantis.
1926 4137 2128 4187 possum
2150 4140 2165 4182 ;
2210 4118 2460 4168 idemne
2502 4116 2572 4166 ad
2612 4116 2753 4168 lianc

1672 4214 1781 4254 rem
1814 4199 2188 4253 conficiendam
2214 4195 2312 4248 tibi
2334 4200 2392 4245 ct
2413 4194 2614 4260 populo
2638 4195 2753 4246 Ro·
