3060 4902
738 381 801 428 c,
851 379 1097 429 smmi
1144 377 1474 429 saeuum
1526 379 1801 427 muno.
1879 380 1925 426 t.
1969 364 2078 430 60.

290 525 655 576 adversantes.
725 524 805 574 De
828 524 973 574 Julio
1006 522 1212 571 Caesare
1236 523 1362 572 Sue-

298 610 403 652 tou.
425 614 473 650 c.
493 603 579 650 28.
604 601 620 628 ⁴
640 600 717 649 M.
733 600 975 651 Claudius
993 601 1274 650 Marcellus
1296 599 1361 649 ad

309 681 534 727 senatu'm
564 677 768 738 retulit,
793 711 809 726 .
826 707 840 725 .
858 707 874 724 .
898 691 963 725 ne
1000 676 1225 726 absentis
1247 677 1362 726 Cae-

308 753 429 802 saris
466 754 603 802 ratio
645 754 944 809 baberetur,
999 754 1204 817 quando
1261 767 1360 802 nec

309 828 578 891 plebiscito
596 828 880 892 Pompeius
908 839 1092 892 postea
1119 830 1361 893 abrogas-

308 911 398 954 set.
468 905 750 954 Acciderat
785 913 977 966 autem,
1013 914 1071 954 ut
1110 905 1150 953 is
1192 907 1362 968 legem

309 979 500 1044 dejure
523 981 916 1044 magistratuum
950 979 1142 1037 ferens,
1180 997 1242 1032 eo
1278 997 1362 1032 ca·

311 1056 550 1120 pite,quo
575 1072 605 1106 a
633 1058 889 1120 petitione
908 1058 1159 1107 honorum
1180 1057 1365 1106 absen-

308 1139 379 1181 tes
394 1132 756 1196 submovebat,
778 1147 843 1181 ne
869 1134 1130 1183 Caesarern
1156 1134 1361 1197 quidem

309 1199 603 1271 exciperet)
669 1208 742 1258 At
781 1209 848 1257 de
882 1209 1119 1272 Augusto
1153 1210 1287 1258 idem
1314 1224 1361 1258 c.

306 1287 382 1333 2⁶.
413 1292 428 1313 ‘
450 1285 567 1335 Nec
590 1298 764 1334 omnes
785 1286 978 1341 Romae,
1001 1286 1092 1335 sed
1117 1294 1360 1349 quartum

309 1362 623 1428 consulatum
638 1361 690 1408 in
709 1360 854 1415 Asia,
870 1362 1102 1425 quintum
1125 1361 1364 1409 ininsula

309 1436 473 1492 Samo,
496 1445 739 1485 octavum
772 1444 827 1484 et
851 1451 1040 1485 nonum
1063 1437 1361 1485 Tarracone

308 1511 455 1563 iniit.'
525 1512 714 1576 Itaque
772 1511 974 1560 Plinius
1027 1511 1093 1559 de
1135 1511 1361 1574 TraJano

307 1589 459 1652 magis
484 1591 692 1651 proprie
717 1587 946 1636 dicturus
961 1586 1163 1647 fuisset,
1195 1588 1362 1638 absens

302 1678 462 1724 ger-ere
484 1663 688 1713 nolebas.
744 1663 923 1712 Voluit
944 1663 1076 1711 euim
1096 1663 1362 1726 Trajanus,

305 1739 580 1789 “cundum
603 1739 841 1804 antiquas
876 1742 1037 1801 leges,
1071 1745 1127 1788 et
1147 1753 1362 1789 consue·

307 1817 557 1879 tudinem,
576 1818 686 1880 ipse
712 1832 937 1881 proesens
956 1818 1177 1866 comitiis
1200 1817 1360 1867 inter·

307 1907 436 1951 esse,
465 1895 755 1958 consulque
777 1894 910 1953 fieri,
937 1901 992 1941 ut
1029 1907 1158 1942 unus
1192 1907 1254 1941 ex
1281 1908 1360 1942 se·

306 1970 589 2027 tatoribus,
611 1985 737 2032 quos
759 1969 886 2020 fecit
908 1970 1144 2018 consules
1162 1984 1178 2031 ;
1199 1970 1364 2018 voluit

305 2046 558 2095 accedere
582 2046 647 2095 ad
671 2046 896 2095 consulis
928 2047 1128 2104 sellam,
1168 2053 1225 2094 et
1254 2045 1361 2094 adi-

304 2123 526 2184 gendum
542 2137 596 2172 se
623 2121 1239 2186 prebereJurejurandm
1275 2136 1363 2172 vo·

303 2197 400 2248 luit
430 2199 638 2263 legibus
674 2214 729 2248 se
766 2199 1047 2261 subjicere,
1088 2213 1187 2247 nec
1227 2197 1363 2247 idem

304 2274 495 2324 Cesari
537 2276 737 2324 consuli
784 2276 961 2335 licere,
995 2273 1130 2339 quod
1173 2275 1364 2324 ceteris

301 2361 400 2398 non
422 2350 591 2408 licuit,
613 2352 710 2399 διο.
744 2365 862 2414 quae
886 2365 952 2398 ex
976 2364 1093 2412 cap.
1117 2362 1282 2399 ant.
1310 2357 1367 2399 et

300 2427 661 2493 sequentibus,
711 2426 1086 2490 intelliguntur.
1143 2426 1365 2477 Schwar-

300 2519 417 2555 stas.

370 2580 623 2646 votisque]
674 2581 808 2632 Quae
831 2580 1118 2629 solenniter
1141 2593 1362 2643 concep·

298 2657 622 2707 taFortunae
649 2656 843 2714 reduci,
882 2662 972 2704 aut
1007 2655 1126 2706 Jovi
1165 2655 1282 2717 ipsi,
1308 2660 1367 2703 ut

297 2731 443 2781 solet.
501 2730 841 2781 Desiderium
867 2737 1041 2777 autem
1068 2730 1165 2777 lioc
1188 2729 1364 2792 populi

294 2807 541 2870 exprimit
559 2806 823 2855 Martialis
844 2818 901 2854 x.
918 2808 969 2855 6.
989 2808 1004 2832 ⁴
1021 2804 1244 2856 Quando
1265 2805 1367 2853 erit

293 2882 378 2931 ille
413 2883 550 2939 dies,
593 2897 698 2946 quo
735 2896 967 2943 campus,
1009 2889 1062 2929 et
1109 2881 1279 2941 arbor,
1311 2886 1368 2929 et

294 2959 457 3008 omnis
497 2958 727 3008 Lucebit
766 2956 918 3005 Latia
952 2957 1091 3004 culta
1132 2954 1367 3005 fenestra

292 3035 460 3083 nuru?
497 3033 726 3086 Quando
750 3046 906 3081 morae
930 3032 1131 3094 dulces,
1155 3031 1369 3094 longus-A

290 3124 388 3174 que
409 3124 442 3159 a
464 3110 684 3158 Caesare
719 3108 924 3168 pulvis?
989 3108 1222 3170 Totaque
1256 3109 1369 3157 Fla·

287 3186 450 3237 minis
476 3187 646 3236 Roma
668 3184 893 3234 videnda
920 3185 1004 3231 via
1019 3183 1056 3231 ?’
1089 3184 1224 3247 Lips.

355 3263 548 3312 Porum
572 3261 670 3324 est]
705 3262 751 3310 1.
773 3277 821 3310 e.
845 3276 948 3310 non
983 3259 1193 3311 sufficit.
1261 3260 1368 3310 Re·

289 3337 523 3403 spondet
585 3337 723 3388 enim
768 3346 944 3386 orator
1001 3352 1094 3400 per
1133 3336 1369 3399 πρόληψιν

283 3413 534 3476 Trajano,
594 3412 865 3462 excusanti
921 3426 978 3461 se
1033 3413 1325 3462 consulatui
1351 3428 1367 3473 ς

285 3490 434 3554 quasi
461 3504 571 3540 non
600 3502 813 3539 necesse
838 3489 923 3550 sit,
946 3497 1002 3537 ut
1022 3490 1246 3538 consulis
1276 3490 1368 3539 ho·

283 3580 466 3616 norem
493 3567 774 3629 suscipiat,
808 3580 924 3615 cum
951 3567 1084 3628 jam,
1121 3575 1366 3627 tanquam

283 3644 568 3708 princeps.
617 3644 775 3692 etiam
824 3644 934 3691 siue
978 3644 1271 3702 consulatu,
1317 3644 1366 3691 in

281 3722 482 3772 curiam
524 3722 727 3777 venire,
767 3720 1019 3769 interesse
1060 3720 1280 3773 senatui,
1316 3726 1370 3769 et

282 3808 569 3849 senatores
618 3804 894 3845 censentes
935 3797 1133 3858 audire,
1189 3796 1371 3860 possit.

281 3873 358 3924 At
404 3874 569 3932 dicit,
617 3872 734 3920 liaec
780 3886 882 3921 non
931 3870 1170 3921 sufficere
1191 3889 1207 3929 ς
1239 3885 1368 3935 opus

280 3965 419 4011 esse,
444 3956 507 3999 ut
553 3948 721 3998 etiam
754 3956 987 3997 senatum
1013 3956 1288 4004 convocet.
1311 3954 1369 3998 ut

279 4025 589 4089 proesideat
615 4025 842 4087 senatui,
870 4032 927 4072 ut
954 4032 1200 4088 pei-roget
1224 4038 1370 4072 sena·

279 4110 443 4154 tores.
520 4101 665 4151 Cum
690 4114 813 4149 vero
838 4099 979 4154 talia,
1012 4113 1127 4163 quae
1158 4099 1368 4162 proprie

279 4179 344 4229 ad
376 4178 568 4228 munia
595 4177 868 4228 consulum
903 4175 1256 4240 pertinebant,
1275 4176 1369 4224 eti·

277 4269 362 4308 sm
379 4268 550 4322 agere
572 4258 790 4318 possent
813 4251 1157 4316 principes,et
1179 4251 1370 4315 saepius

2373 362 2507 430 829

1440 522 1685 585 egissent,
1712 522 1912 571 etiamsi
1933 536 2031 570 non
2054 529 2297 583 gererent
2321 536 2506 573 consu·

1438 599 1599 647 latum
1620 615 1635 658 ;
1662 601 1828 648 noluit
1851 608 2024 648 tannen
2043 598 2295 661 'I'rajanus
2313 613 2378 648 ex
2402 600 2507 649 sin·

1439 676 1607 737 gulari
1621 675 1973 724 moderatione
1989 676 2087 723 ista
2103 674 2199 723 sibi
2217 674 2504 737 vindicare,

1439 750 1538 798 nisi
1562 758 1615 798 et
1643 751 1754 813 ipse
1778 758 1913 799 esset
1934 751 2133 799 consul.
2188 751 2325 800 Nam
2346 750 2505 814 infra,

1438 837 1638 874 Lxxix.
1684 832 1732 874 5.
1782 829 1803 853 “
1819 834 1924 876 tam
1969 826 2189 888 diligens
2242 835 2504 890 tempera·

1438 901 1633 950 menti'
1668 901 1832 951 fuisse
1870 902 2083 960 dicitur,
2120 909 2209 950 ‘ut
2251 916 2349 950 nec
2382 916 2507 951 con-

1438 980 1566 1029 sulis
1584 977 1806 1028 officium
1834 981 2095 1042 princeps,
2116 992 2210 1027 nec
2237 979 2505 1043 principis,

1440 1057 1641 1116 consul,
1668 1056 1989 1118 appetierit.’
2023 1056 2268 1105 Schts-urz.

1507 1134 1624 1182 Nisi
1641 1139 1689 1181 et
1710 1133 1952 1195 convoces]
1986 1132 2173 1182 Adbuc
2197 1133 2246 1181 in
2266 1131 2500 1181 omnibus

1439 1207 1703 1271 impressis
1741 1210 1884 1258 libris
1922 1209 2135 1272 legimus
2159 1221 2416 1265 couneus,-
2450 1213 2506 1257 et

1440 1286 1515 1333 sic
1559 1285 1606 1333 in
1647 1286 1986 1347 sequentibus
2030 1284 2222 1344 verbis,
2259 1284 2505 1347 praesides,

1434 1375 1680 1424 perrogas.
1748 1361 1821 1409 At
1861 1361 1911 1409 in
1953 1360 2220 1409 codicibus
2247 1360 2374 1408 Μαι.
2398 1360 2505 1408 Va·

1440 1439 1647 1499 ticanis,
1673 1437 2158 1501 Guelplierbytano,
2192 1451 2330 1497 meo,
2362 1443 2419 1487 et
2452 1437 2504 1486 in

1438 1513 1581 1562 libris
1626 1513 1901 1568 Gudianis‚
1959 1526 2021 1561 ac
2068 1513 2340 1574 vossiano,
2383 1526 2505 1562 con·

1429 1588 1699 1652 junctivus
1725 1589 1906 1637 modus
1930 1589 2106 1635 horum
2141 1588 2294 1637 trium
2321 1588 2505 1637 verbo·

1440 1679 1572 1724 rum,
1594 1679 1831 1721 convoces,
1853 1665 2128 1726 ρναείάεαε,
2151 1678 2393 1725 per-roges,
2416 1676 2505 1712 ex-

1438 1752 1644 1803 pressus
1668 1746 1747 1787 est
1770 1756 1784 1800 ;
1823 1740 1906 1800 qui
1932 1740 2110 1788 modus
2135 1737 2349 1788 mirifice
2381 1739 2506 1788 mibi

1439 1816 1649 1878 placen
1687 1814 1880 1877 placuit
1916 1823 1970 1864 et
1995 1814 2300 1870 Arntzenio‚
2322 1814 2388 1864 ab
2419 1829 2506 1863 eo-

1437 1906 1538 1955 que
1577 1891 1828 1940 admissus
1866 1899 1964 1940 est.
2033 1892 2315 1953 Dionysius
2358 1890 2505 1939 Hali·

1437 1982 1666 2017 carnass.
1694 1967 1787 2016 lib.
1809 1981 1865 2016 x.
1910 1983 1962 2031 p.
1985 1971 2101 2016 657.
2141 1965 2325 2028 refert,
2371 1966 2503 2016 anti·

1440 2044 1612 2107 quitus
1631 2044 1840 2106 quidem
1856 2045 1945 2107 jus
1966 2058 2124 2106 penes
2142 2043 2375 2092 tribunos
2400 2044 2506 2104 ple-

1439 2118 1517 2167 bis
1576 2117 1737 2168 fuisse
1795 2118 2142 2168 convocandae
2199 2119 2465 2167 concionis
2488 2134 2504 2180 ς

1440 2204 1652 2247 senatus
1676 2205 1849 2248 autem
1885 2196 1949 2245 ad
1985 2195 2255 2244 dicendam
2295 2204 2507 2245 senten·

1443 2276 1565 2324 tiam
1622 2273 1936 2323 convocandi
1989 2271 2293 2321 facultatem
2348 2286 2507 2336 penes

1443 2351 1682 2400 consules
1699 2358 1902 2400 tantum
1923 2347 2101 2405 fuisse,
2121 2349 2289 2397 donec
2312 2348 2362 2396 id
2382 2364 2506 2412 quo·

1440 2441 1543 2492 que
1568 2440 1702 2476 anno
1748 2428 1813 2476 U.
1839 2428 1899 2477 C.
1919 2429 2032 2475 300.
2067 2426 2388 2475 obtinuerint
2422 2426 2511 2476 tri·

1442 2505 1565 2554 buni
1613 2504 1801 2566 plebis.
1886 2504 2132 2563 Demum,
2166 2517 2366 2552 summa
2409 2504 2507 2551 rei-

1443 2579 1667 2643 publice
1722 2579 1787 2628 ad
1845 2579 2185 2642 imperatores
2238 2579 2510 2641 translata,

1443 2657 1601 2705 etiam
1629 2656 2168 2720 facultatem,quoties
2194 2656 2370 2719 vellet,
2385 2670 2506 2706 con·

1442 2735 1660 2781 vocandi
1681 2733 2010 2796 habendique
2025 2741 2298 2793 senatus,a
2321 2738 2507 2781 senatu

1442 2808 1616 2857 datam
1660 2808 1898 2871 Augusto
1933 2807 2110 2864 fuisse,
2156 2807 2260 2856 Dio
2302 2808 2508 2857 Cassius

1443 2898 1540 2933 ut.
1563 2900 1613 2947 p.
1645 2889 1762 2935 622.
1789 2893 2050 2944 testatur-3
2084 2898 2235 2947 quam
2259 2883 2507 2947 deinceps

1443 2960 1599 3007 etiam
1625 2959 1948 3020 Vespasiano
1975 2959 2222 3021 peculiari
2248 2959 2360 3019 lege
2385 2971 2507 3005 con·

1442 3032 1694 3083 firmatam
1723 3049 1837 3082 esse
1862 3041 2092 3083 constat.
2148 3032 2252 3081 Sed
2276 3042 2327 3079 et
2353 3030 2508 3079 Tibe-

1443 3109 1575 3158 rium
1625 3111 1747 3172 jure
1792 3112 1807 3137 ⁸
1848 3108 2135 3158 tribunitioe
2193 3104 2469 3169 potestatis
2492 3103 2509 3127 ’

1442 3186 1662 3235 eandem
1703 3185 2010 3235 facultatem
2052 3183 2364 3237 exercuisse,
2405 3188 2508 3231 tes·

1445 3268 1590 3311 tatur
1612 3263 1780 3311 Tacit.
1799 3261 1988 3311 Annal.
2010 3274 2048 3310 1.
2070 3265 2120 3309 7.
2139 3259 2154 3287 ‘
2178 3260 2258 3309 Ne
2279 3259 2506 3308 edictum

1443 3337 1671 3401 quidem,
1696 3351 1797 3399 quo
1832 3344 2007 3399 patres
2042 3337 2092 3384 in
2125 3336 2319 3384 curiam
2354 3349 2508 3384 voce·

1446 3415 1551 3476 bat,
1592 3414 1684 3461 nisi
1727 3412 2012 3462 tribunitiae
2061 3411 2337 3475 potestatis
2376 3424 2508 3473 proe·

1444 3490 1729 3553 scriptione
1758 3488 1926 3550 posuit
1946 3489 2042 3537 sub
2066 3489 2305 3550 Augusto
2325 3501 2512 3549 accep·

1447 3565 1553 3615 tae.'
1617 3566 1720 3615 Sed
1756 3566 2034 3629 Trajanus,
2074 3564 2210 3629 quod
2237 3572 2356 3613 ante
2380 3563 2511 3625 dixi,

1445 3657 1540 3706 pro
1561 3642 1912 3690 moderatione
1936 3656 2045 3702 sua,
2064 3641 2159 3690 nisi
2185 3651 2236 3689 et
2260 3641 2373 3704 ipse
2387 3653 2510 3690 con-

1442 3720 1520 3767 sul
1542 3725 1696 3778 esset,
1719 3732 1887 3782 neque
1903 3719 2021 3781 jure
2048 3718 2318 3781 principis,
2343 3730 2512 3780 neque

1435 3795 1557 3858 jure
1590 3795 1874 3844 tribunitia*
1912 3794 2211 3856 potestatis,
2250 3794 2323 3841 uti
2351 3792 2512 3841 voluit

1444 3872 1509 3921 ad
1534 3881 1768 3921 senatum
1805 3869 2213 3929 convocandum,
2233 3883 2295 3916 ne
2321 3868 2510 3928 injura

1446 3956 1604 4013 atque
1629 3947 1800 3995 munia
1839 3945 2062 3994 consulis
2099 3943 2417 3992 involaturus
2437 3941 2512 3989 vi·

1444 4027 1678 4075 deretur.
1714 4024 1863 4072 Idem.

1515 4096 1776 4158 Couooces]
1803 4098 1935 4146 Nam
1958 4096 2054 4144 hoc
2078 4093 2301 4144 officium
2328 4106 2510 4142 consu·

1444 4177 1576 4234 lare,
1598 4180 1835 4222 senatum
1874 4171 2068 4219 babere
2093 4176 2149 4219 et
2172 4182 2376 4229 vocare,
2393 4182 2509 4218 cum

1445 4263 1593 4315 opus.
1661 4248 1796 4302 Quae
1821 4253 2054 4311 potestas
2091 4244 2248 4296 etiam
2284 4243 2510 4310 principi
