3060 4902
694 363 761 413 0.
809 359 1050 412 emm!
1102 359 1438 412 summm
1492 359 1776 410 PANBG.

291 515 462 570 torum,
478 506 749 569 recusavit,
762 519 929 572 eoque
952 504 1155 555 interim
1179 504 1335 555 cessit

292 585 507 649 privatis.
527 583 768 632 Schmun-z.

349 659 610 723 menanti]
629 661 778 708 Tunc
803 657 1042 723 quidem3
1076 656 1168 705 sed
1195 670 1334 706 rece·

293 736 361 801 pit
383 746 575 802 postea,
597 744 652 786 et
674 736 884 801 quidem
927 749 1094 799 usque
1127 733 1190 783 ad
1221 750 1337 785 sex-

293 822 408 872 tum,
430 826 484 865 ut
508 830 570 864 ex
596 814 767 864 Fastis
791 822 960 877 patet.
987 813 1206 862 Paean-01.

353 892 462 941 Can
481 891 646 954 agere]
674 889 883 945 Melius,
910 887 1338 951 mejudice,lioec

293 980 393 1017 cum
417 968 646 1030 sequenti
681 965 897 1030 periodo
933 965 1339 1025 continuari,re-

294 1043 471 1094 masti-
533 1043 654 1092 Cam
674 1058 814 1105 agere
849 1048 947 1091 tam
970 1041 1139 1090 bonum
1171 1055 1341 1089 cousu-

289 1121 544 1182 lenpoues,
564 1134 789 1181 magnum
803 1124 893 1167 est.
964 1118 1096 1167 Nam
1122 1119 1215 1166 boc
1235 1118 1340 1165 lau·

295 1195 392 1250 dat.
423 1196 536 1248 Jam
571 1197 987 1260 experimentum
1023 1195 1096 1243 tui
1127 1208 1342 1257 ceperas

294 1280 342 1322 et
357 1271 579 1327 dederas,
597 1272 649 1320 in
670 1271 866 1335 duplici
885 1270 1155 1320 consulatu
1178 1286 1190 1314 ε
1227 1283 1343 1316 cum

295 1361 409 1410 ergo
447 1347 516 1396 sic
544 1361 640 1410 pro
664 1362 777 1411 spe,
803 1355 891 1395 aut
915 1359 1071 1408 supra
1095 1358 1239 1406 spem
1266 1341 1344 1391 fu·

296 1425 541 1489 crit,quid
569 1424 742 1473 renuis
781 1423 1016 1484 tertium,
1043 1429 1225 1485 parata
1256 1435 1343 1469 no-

294 1513 352 1550 ta
368 1509 536 1565 segete
558 1501 736 1564 gloriae
759 1500 777 1547 ἰ
817 1500 953 1562 Lips-

354 1578 590 1627 &ntalem
625 1574 807 1640 posses]
849 1575 1112 1624 Librarius
1151 1573 1345 1623 codicis

293 1651 580 1704 Parisiensis
598 1654 677 1701 bis
697 1653 909 1701 vocibus
928 1651 1236 1716 particulam
1254 1667 1346 1699 non

294 1729 638 1793 imprudenter
667 1727 895 1786 infarsit,
913 1739 964 1776 ut
984 1729 1214 1790 legamus
1237 1743 1344 1776 con-

294 1807 424 1854 sulem
447 1821 535 1854 non
552 1820 733 1869 posses.
805 1805 1005 1867 Lipsius
1038 1806 1148 1853 llaec
1189 1804 1347 1852 verba

295 1895 402 1930 cum
431 1881 671 1945 sequenti
714 1880 926 1944 periodo
971 1880 1348 1940 continuanda,

295 1957 432 2006 etsie
456 1957 889 2021 interpungenda,
911 1957 1134 2017 censuit,
1151 1957 1349 2005 tertium

291 2035 568 2090 consalutant
608 2034 854 2084 recusasti.
925 2034 1045 2082 Cum
1068 2048 1212 2095 agere
1250 2039 1348 2082 tum

292 2107 449 2159 bonam
465 2111 698 2160 cumulem
720 2125 893 2174 posses,
907 2125 1131 2172 magnam
1148 2115 1236 2166 est,
1254 2109 1346 2168 dit*-

278 2184 410 2243 serre
447 2187 686 2249 honorem,
728 2189 811 2243 ἅτ.
883 2185 988 2234 Sed
1035 2200 1137 2233 non
1179 2185 1348 2245 video,

292 2261 407 2325 quid
443 2263 563 2312 inde
595 2265 676 2310 vel
717 2262 954 2324 accedat,
992 2263 1073 2311 vel
1110 2260 1351 2324 decedat,

292 2340 553 2389 sententiae
594 2338 882 2400 Plinianae;
918 2341 1024 2387 sive
1059 2341 1156 2388 ista
1195 2339 1352 2386 verba

291 2412 350 2463 ad
393 2415 728 2472 anteriorem,
764 2416 873 2463 sive
913 2414 979 2464 ad
1014 2412 1352 2479 posteriorem

292 2490 548 2554 periodum
568 2488 886 2540 referantur.
921 2492 1190 2541 Praeterea
1210 2500 1355 2554 puto,

292 2567 331 2618 si
354 2582 462 2617 cum
488 2568 779 2633 posteriore
805 2567 1015 2631 periodo
1038 2576 1210 2617 essent
1236 2583 1353 2617 con-

282 2644 562 2709 jungenda,
603 2651 728 2693 tunc
768 2645 993 2692 Plinium
1043 2645 1354 2706 scripturum

291 2719 441 2771 fuisse
469 2723 591 2772 Cam
615 2736 758 2783 agere
789 2726 888 2769 tum
926 2721 1091 2769 bonum
1123 2722 1356 2770 consulem

284 2812 472 2860 possen
503 2813 730 2858 magnam
752 2802 871 2854 erut,
888 2798 971 2859 dyc.
1040 2795 1357 2846 Conferatur

292 2883 341 2926 et
366 2874 679 2924 Arntzenius
702 2874 763 2921 ad
790 2874 840 2923 b.
865 2875 897 2921 Ι.
921 2874 1162 2923 Schts-urz.

353 2952 589 3013 Magnum
632 2955 725 3012 est,
765 2948 987 3014 differre]
1026 2951 1357 3015 christopho-

291 3043 372 3083 rus
409 3030 636 3079 Bebrius
661 3029 771 3078 baec
813 3030 969 3077 verba
998 3044 1095 3077 uon
1132 3032 1261 3078 male
1287 3030 1358 3079 ita

292 3106 553 3169 explicat,
613 3104 824 3166 Magnae
875 3104 1039 3153 laudis
1075 3116 1175 3162 est,
1221 3104 1357 3169 quod

288 3172 463 3231 honori
505 3181 652 3231 tertii
692 3182 994 3231 consulatus
1033 3197 1191 3246 usque
1229 3182 1358 3231 adeo

292 3270 388 3306 nou
424 3257 661 3316 initiasti,
682 3265 739 3305 ut
763 3271 877 3305 enm
906 3255 1100 3305 differri
1127 3259 1362 3307 volueris.

290 3333 501 3399 Μῃονὶς
540 3333 704 3396 istud,
739 3333 898 3398 quud,
927 3349 1042 3383 cum
1082 3338 1238 3385 tertio
1275 3336 1361 3384 illo

289 3412 556 3462 consulatu
585 3412 802 3474 gloriam
825 3426 1060 3475 magnam
1084 3413 1176 3461 tibi
1215 3421 1361 3463 certo

289 3497 689 3551 comparaturus
706 3503 872 3548 esses;
911 3498 1097 3544 tamen,
1118 3489 1237 3553 quia
1253 3503 1361 3537 cre·

287 3566 483 3629 didisti,
507 3575 567 3615 et
595 3565 739 3618 alios.
775 3576 971 3628 praeter
998 3573 1068 3626 te,
1091 3567 1271 3627 bonos,
1308 3573 1363 3615 et

287 3645 436 3694 rebus
458 3643 708 3709 gerendis
733 3652 883 3706 aptos
903 3658 1032 3699 esse,
1050 3644 1160 3692 illos
1184 3658 1362 3707 passus

290 3734 342 3770 e·
381 3734 411 3770 e
445 3718 721 3784 republica
755 3719 970 3783 gloriam
1001 3720 1150 3769 istam
1188 3736 1362 3785 repor-

288 3807 418 3853 tare,
441 3811 604 3863 quarn
629 3804 680 3844 tu
708 3810 901 3858 posses.
953 3797 1226 3847 Breviter:
1265 3812 1362 3847 uec

289 3888 460 3923 rerum
488 3872 834 3938 gerendarum
853 3873 1074 3931 laudem,
1091 3889 1205 3923 cum
1231 3875 1358 3925 invi·

284 3954 372 4011 dia
394 3969 527 4018 erga
553 3954 701 4016 alios,
727 3951 965 4004 affectas.
994 3956 1144 4005 Idem.

354 4028 595 4092 Gestnm]
617 4031 934 4080 Secundum.
955 4032 1090 4095 Lips-

321 4150 328 4155 .
355 4105 569 4169 Gestat]
598 4106 810 4155 Exactis
835 4106 1064 4168 regibus,
1079 4121 1192 4157 cnm
1210 4107 1257 4155 iu
1274 4121 1361 4155 eo·

289 4201 397 4236 rum
417 4187 592 4234 locum
608 4185 980 4230 successissent
1002 4184 1252 4238 consules,
1269 4184 1363 4232 sic-

287 4271 343 4315 ut
371 4277 400 4312 a
426 4258 646 4326 regibus
669 4257 790 4308 olim
834 4257 989 4321 bella,
1013 4259 1082 4307 ita
1117 4266 1167 4307 et
1195 4266 1311 4322 post
1333 4274 1363 4308 a

1856 361 1906 411 1.
1941 346 2050 413 56.
2345 346 2480 413 799

1411 502 1705 554 consulibus
1728 503 2247 562 administrabantur,
2265 504 2351 569 qui
2369 519 2479 555 tuos

1413 595 1443 629 a
1467 581 1635 630 Bruto
1658 581 1723 629 ad
1749 582 1993 637 Marium,
2017 582 2100 646 qni
2134 582 2401 644 quinctum
2426 591 2481 633 et

1411 666 1616 706 sextum
1642 660 1818 707 consul
1855 660 1903 706 in
1943 658 2077 707 bello
2115 657 2234 718 suit,
2258 658 2488 708 duravit.

1411 731 1665 795 Tempore
1692 748 1810 783 vero
1835 735 1991 796 Syttae
2017 735 2260 790 obtinuit,
2280 742 2337 784 ut
2359 749 2481 784 cous

1412 810 1549 860 sules
1597 809 1775 858 Romae
1822 811 2177 871 magistratum
2222 819 2486 874 gererent,

1413 901 1518 950 quo
1554 888 1838 950 respiciens
1875 887 2122 936 Libauitts
2156 888 2483 948 consulatum

1415 964 1510 1011 sub
1546 963 1944 1024 imperatoribus
1982 963 2188 1011 vocavit
2226 962 2369 1027 ’γέρας
2402 963 2484 1013 &o-

1415 1047 1560 1095 πλον,
1583 1038 1804 1087 honorem
1828 1037 1938 1086 bena·
1962 1039 2212 1087 immanem
2236 1041 2286 1088 in
2315 1039 2485 1089 Pane-

1417 1130 1528 1179 gyr.
1553 1114 1751 1166 Julian.
1785 1114 2007 1178 August.
2077 1115 2271 1164 Postea
2311 1124 2486 1165 tamen

1417 1191 1760 1254 imperatores
1795 1191 2119 1241 consulatum
2154 1199 2206 1241 et
2247 1193 2298 1241 iu
2335 1208 2485 1243 exer-

1419 1269 1529 1318 citu
1558 1268 1695 1316 inter
1717 1282 1857 1316 arma
1881 1276 2117 1331 egerunt.
2142 1269 2295 1319 Rern.

1489 1344 1691 1407 Gestus]
1728 1345 1889 1394 Casus
1933 1356 2145 1409 quartus
2184 1352 2374 1408 gestans
2419 1361 2486 1396 ex

1420 1420 1669 1483 proximis
1694 1422 1866 1470 verbis
1885 1423 2139 1486 repetitur
2154 1424 2204 1472 in
2220 1423 2486 1473 codicibus

1419 1496 1714 1558 Vaticanis,
1750 1497 2235 1562 Guelplterbytano,
2258 1506 2314 1548 et
2353 1514 2487 1549 meo.

1421 1573 1499 1621 Ex
1524 1581 1703 1622 nostro
1736 1572 1931 1621 indicio
1955 1588 2071 1623 eum
2097 1575 2255 1623 etiam
2280 1575 2488 1626 admisit

1420 1652 1704 1701 Gesnerus.
1739 1653 1807 1703 Et
1835 1654 2021 1708 fateor,
2046 1654 2181 1703 bunc
2206 1670 2379 1704 casum
2404 1669 2487 1705 ac·

1420 1730 1636 1778 cusandi
1663 1730 1784 1779 mibi
1802 1746 2004 1794 quoqne
2026 1732 2253 1795 placere,
2274 1746 2381 1795 prae
2402 1746 2488 1781 ca·

1422 1821 1480 1853 su
1499 1807 1664 1868 primo
1675 1812 1858 1867 gestas,
1874 1808 1959 1870 qui
1983 1808 2033 1856 in
2050 1806 2285 1856 omnibus
2302 1808 2415 1856 aliis
2429 1808 2489 1856 li·

1425 1880 1528 1930 bris
1547 1883 1711 1931 locum
1732 1883 1973 1933 obtinuit.
2010 1885 2198 1948 Neque
2222 1891 2393 1933 tamen
2417 1886 2488 1933 vi·

1423 1958 1522 2007 deo
1542 1960 1886 2010 necessarium
1904 1975 2033 2021 esse,
2059 1968 2114 2010 ut
2153 1962 2362 2026 vulgata
2386 1962 2490 2011 lec·

1425 2035 1497 2084 tio
1514 2036 1578 2084 de
1598 2036 1918 2098 possessione
1935 2037 2227 2101 dejiciatur.
2248 2038 2491 2088 Schwart-

1489 2112 1763 2176 Bau-baras]
1785 2114 2092 2163 Germanas.
2115 2114 2250 2176 Lips.

1490 2187 1741 2238 Burburus
1766 2190 1959 2253 gentes]
1986 2189 2046 2238 In
2079 2189 2382 2251 Germania,
2405 2189 2492 2241 ubi

1429 2265 1675 2315 Romanis
1700 2269 1863 2330 copiis
1887 2277 2131 2331 praeerat.
2154 2268 2373 2316 Puturol.

1494 2343 1603 2405 Illi]
1629 2345 1849 2392 Veteres
1874 2344 2129 2393 consules.
2160 2342 2298 2406 Lips.

1494 2418 1865 2483 paludamento]
1889 2420 1991 2472 Qui
2030 2426 2339 2485 pra-textam
2373 2433 2494 2470 con·

1428 2496 1648 2545 sularem
1678 2495 1963 2559 ponebant,
1984 2505 2037 2544 et
2074 2495 2204 2545 votis
2229 2510 2495 2558 nuncupa·

1430 2574 1517 2634 tis,
1544 2573 1773 2637 paludati
1802 2573 2261 2637 proficiscebantur
2284 2574 2346 2623 ad
2386 2573 2496 2622 bel·

1428 2650 1553 2698 lum.
1620 2654 1635 2677 ‘
1658 2648 2091 2699 paludamentum
2112 2649 2124 2671 '
2144 2658 2336 2710 autem,
2357 2651 2497 2699 chla-

1431 2741 1542 2787 mys
1560 2726 1636 2790 (iu
1658 2727 1844 2776 statuis
1869 2728 2190 2791 nummisque
2217 2727 2494 2790 imperato·

1431 2817 1542 2852 rum
1570 2806 1819 2867 apparet)
1844 2804 1910 2855 ab
1930 2806 2154 2854 humeris
2175 2804 2500 2867 dependens,

1431 2880 1603 2928 colore
1621 2881 1782 2937 cocci,
1804 2881 1855 2930 id
1874 2888 1973 2941 est,
1989 2882 2251 2945 sanguinis
2270 2882 2496 2947 bellique

1432 2966 1574 3006 nota.
1645 2958 1756 3021 Ego
1800 2959 1864 3007 de
1902 2959 2096 3008 Militia
2129 2958 2217 3007 lib.
2252 2971 2315 3007 ιι.
2352 2958 2496 3007 Dial.

1435 3033 1633 3081 ultimo.
1662 3033 1811 3080 Idem.

1512 3107 1884 3170 Puludumento]
1930 3106 2382 3169 paludamentum,
2420 3108 2498 3156 in-

1435 3185 1547 3249 quit
1566 3186 1943 3247 Lipsius,⁴erat
1970 3181 2237 3247 chlamys:
2258 3186 2377 3233 utin
2396 3192 2499 3234 sta-

1437 3260 1540 3310 tuis
1581 3262 1904 3323 nummisque
1935 3261 2300 3323 imperatorum
2337 3275 2499 3324 appa·

1438 3346 1535 3393 ret,
1572 3339 1671 3385 ‘ab
1708 3337 1931 3385 humeris
1973 3336 2292 3401 dependens,
2327 3340 2500 3388 colore

1436 3415 1599 3471 cocci,
1616 3413 1664 3461 id
1686 3424 1784 3476 est,
1803 3415 2081 3477 sanguinis,
2100 3413 2324 3478 bellique
2342 3415 2501 3465 nota-⁹

1438 3493 1682 3543 Colorem
1717 3491 1859 3539 cocci
1905 3490 2277 3552 paludamento
2323 3492 2501 3542 datum

1438 3569 1605 3617 innuit
1632 3566 1769 3615 Ptin.
1793 3579 1936 3615 xxn.
1961 3571 2009 3615 2.
2033 3566 2249 3615 Putat-ol.

1493 3645 1843 3694 Paludamento
1857 3648 2043 3691 matare
2056 3643 2365 3707 proetextum]
2387 3645 2502 3695 Hoc

1434 3721 1762 3781 permanseritis
1799 3719 2011 3781 dicitur,
2050 3734 2140 3782 pro
2182 3723 2196 3747 ‘
2226 3720 2359 3770 bello
2413 3738 2502 3784 pn·

1437 3811 1548 3845 cem
1596 3794 1837 3845 mutarc.’
1906 3795 2063 3851 Nam,
2099 3796 2236 3860 quod
2266 3798 2376 3860 jam
2416 3799 2502 3847 alii

1438 3880 1774 3928 annotarunt,
1812 3872 1971 3921 duces
2012 3875 2353 3929 exercituum,
2381 3888 2502 3922 con-

1437 3950 1592 4005 sules,
1612 3958 1663 3996 et
1685 3950 1781 4011 ipsi
1804 3949 2163 4011 imperatores,
2180 3949 2373 3998 ituriin
2400 3950 2507 3999 bel·

1439 4028 1564 4090 luni,
1582 4028 1712 4075 votis
1730 4027 2060 4089 nuncupatis,
2080 4025 2343 4088 positaque
2370 4041 2503 4087 prae·

1440 4112 1604 4164 texta,
1627 4102 1911 4152 induebant
1928 4103 2364 4165 paludamentum,
2393 4116 2504 4152 ves·

1441 4187 1559 4231 tem*
1583 4187 1920 4240 castrensem,
1949 4187 2002 4227 et
2040 4177 2248 4241 quidem
2283 4179 2504 4242 impera·

1441 4258 1642 4310 teriam.
1713 4259 1881 4309 Quem
1906 4269 2098 4307 morem
2133 4257 2364 4319 respexit
2394 4257 2443 4319 M
2456 4274 2505 4308 a·
