<?xml version="1.0" encoding="UTF-8"?>
<!DOCTYPE html PUBLIC "-//W3C//DTD XHTML 1.0 Transitional//EN"
    "http://www.w3.org/TR/xhtml1/DTD/xhtml1-transitional.dtd">
<html xmlns="http://www.w3.org/1999/xhtml" xml:lang="en" lang="en">
 <head>
  <title>
</title>
<meta http-equiv="Content-Type" content="text/html;charset=utf-8" />
  <meta name='ocr-system' content='tesseract 3.04.00' />
  <meta name='ocr-capabilities' content='ocr_page ocr_carea ocr_par ocr_line ocrx_word'/>
</head>
<body>
  <div class='ocr_page' id='page_1' title='image "./panegyriciveter02unkngoog_0568.png"; bbox 0 0 3060 4902; ppageno 0'>
   <div class='ocr_carea' id='block_1_1' title="bbox 534 325 709 393">
    <p class='ocr_par' dir='ltr' id='par_1_1' title="bbox 534 325 709 393">
     <span class='ocr_line' id='line_1_1' title="bbox 534 325 709 393; baseline -0.006 -1"><span class='ocrx_word' id='word_1_1' title='bbox 534 325 709 393; x_wconf 78' lang='lat'>1022</span> 
     </span>
    </p>
   </div>
   <div class='ocr_carea' id='block_1_2' title="bbox 516 482 1606 4199">
    <p class='ocr_par' dir='ltr' id='par_1_2' title="bbox 532 482 1606 1919">
     <span class='ocr_line' id='line_1_2' title="bbox 538 482 1604 548; baseline -0.002 -14"><span class='ocrx_word' id='word_1_2' title='bbox 538 493 751 546; x_wconf 66' lang='lat' dir='ltr'>teneus,</span> <span class='ocrx_word' id='word_1_3' title='bbox 768 483 998 548; x_wconf 87' lang='lat' dir='ltr'>itemque</span> <span class='ocrx_word' id='word_1_4' title='bbox 1014 482 1299 533; x_wconf 86' lang='lat' dir='ltr'>Ascensius</span> <span class='ocrx_word' id='word_1_5' title='bbox 1321 490 1376 532; x_wconf 87' lang='lat' dir='ltr'>et</span> <span class='ocrx_word' id='word_1_6' title='bbox 1400 482 1604 532; x_wconf 84' lang='lat' dir='ltr'>Chonet</span> 
     </span>
     <span class='ocr_line' id='line_1_3' title="bbox 540 558 1606 624; baseline 0 -16"><span class='ocrx_word' id='word_1_7' title='bbox 540 562 823 610; x_wconf 80' lang='lat' dir='ltr'>retinuere.</span> <span class='ocrx_word' id='word_1_8' title='bbox 877 560 981 609; x_wconf 83' lang='lat' dir='ltr'>Sed</span> <span class='ocrx_word' id='word_1_9' title='bbox 1006 558 1205 622; x_wconf 88' lang='lat' dir='ltr'>optime</span> <span class='ocrx_word' id='word_1_10' title='bbox 1219 560 1330 624; x_wconf 77' lang='lat' dir='ltr'>jam</span> <span class='ocrx_word' id='word_1_11' title='bbox 1357 558 1525 607; x_wconf 82' lang='lat' dir='ltr'>Aldus</span> <span class='ocrx_word' id='word_1_12' title='bbox 1550 565 1606 608; x_wconf 87' lang='lat' dir='ltr'>et</span> 
     </span>
     <span class='ocr_line' id='line_1_4' title="bbox 538 635 1604 701; baseline -0.001 -15"><span class='ocrx_word' id='word_1_13' title='bbox 538 636 880 699; x_wconf 68' lang='lat' dir='ltr'>cuspinianus</span> <span class='ocrx_word' id='word_1_14' title='bbox 941 637 1221 701; x_wconf 79' lang='lat' dir='ltr'>prodidere</span> <span class='ocrx_word' id='word_1_15' title='bbox 1286 635 1567 697; x_wconf 77' lang='lat' dir='ltr'>contagione</span> <span class='ocrx_word' id='word_1_16' title='bbox 1584 651 1604 692; x_wconf 79' lang='lat'>,-</span> 
     </span>
     <span class='ocr_line' id='line_1_5' title="bbox 536 715 1602 777; baseline 0.002 -17"><span class='ocrx_word' id='word_1_17' title='bbox 536 728 686 777; x_wconf 77' lang='lat' dir='ltr'>qusm</span> <span class='ocrx_word' id='word_1_18' title='bbox 713 715 991 763; x_wconf 84' lang='lat' dir='ltr'>lectionem</span> <span class='ocrx_word' id='word_1_19' title='bbox 1028 729 1129 764; x_wconf 89' lang='lat' dir='ltr'>non</span> <span class='ocrx_word' id='word_1_20' title='bbox 1169 721 1370 764; x_wconf 77' lang='lat' dir='ltr'>tantum</span> <span class='ocrx_word' id='word_1_21' title='bbox 1406 723 1602 762; x_wconf 67' lang='lat' dir='ltr'>cetera</span> 
     </span>
     <span class='ocr_line' id='line_1_6' title="bbox 537 789 1604 847; baseline 0 -11"><span class='ocrx_word' id='word_1_22' title='bbox 537 790 792 839; x_wconf 77' lang='lat' dir='ltr'>editiones</span> <span class='ocrx_word' id='word_1_23' title='bbox 815 798 936 839; x_wconf 89' lang='lat' dir='ltr'>sunt</span> <span class='ocrx_word' id='word_1_24' title='bbox 959 800 1169 847; x_wconf 67' lang='lat' dir='ltr'>secutae,</span> <span class='ocrx_word' id='word_1_25' title='bbox 1190 790 1280 839; x_wconf 85' lang='lat' dir='ltr'>sed</span> <span class='ocrx_word' id='word_1_26' title='bbox 1300 805 1436 839; x_wconf 87' lang='lat' dir='ltr'>nunc</span> <span class='ocrx_word' id='word_1_27' title='bbox 1460 789 1604 839; x_wconf 87' lang='lat' dir='ltr'>codi-</span> 
     </span>
     <span class='ocr_line' id='line_1_7' title="bbox 536 867 1603 930; baseline -0.001 -15"><span class='ocrx_word' id='word_1_28' title='bbox 536 880 622 915; x_wconf 88' lang='lat' dir='ltr'>ces</span> <span class='ocrx_word' id='word_1_29' title='bbox 643 880 847 930; x_wconf 86' lang='lat' dir='ltr'>quoque</span> <span class='ocrx_word' id='word_1_30' title='bbox 874 868 1000 916; x_wconf 85' lang='lat' dir='ltr'>Mss.</span> <span class='ocrx_word' id='word_1_31' title='bbox 1024 868 1350 917; x_wconf 81' lang='lat' dir='ltr'>confirmant.</span> <span class='ocrx_word' id='word_1_32' title='bbox 1418 867 1603 915; x_wconf 89' lang='lat' dir='ltr'>Cicero</span> 
     </span>
     <span class='ocr_line' id='line_1_8' title="bbox 538 943 1604 1006; baseline 0.001 -17"><span class='ocrx_word' id='word_1_33' title='bbox 538 943 725 1005; x_wconf 71' lang='lat' dir='ltr'>sas-pius</span> <span class='ocrx_word' id='word_1_34' title='bbox 750 943 846 991; x_wconf 79' lang='lat' dir='ltr'>nac</span> <span class='ocrx_word' id='word_1_35' title='bbox 872 946 1173 1006; x_wconf 79' lang='lat' dir='ltr'>metaphora</span> <span class='ocrx_word' id='word_1_36' title='bbox 1199 959 1317 993; x_wconf 82' lang='lat' dir='ltr'>usus</span> <span class='ocrx_word' id='word_1_37' title='bbox 1342 952 1452 1005; x_wconf 76' lang='lat' dir='ltr'>est3</span> <span class='ocrx_word' id='word_1_38' title='bbox 1485 958 1534 993; x_wconf 85' lang='lat' dir='ltr'>e.</span> <span class='ocrx_word' id='word_1_39' title='bbox 1554 958 1604 1006; x_wconf 73' lang='lat' dir='ltr'>g.</span> 
     </span>
     <span class='ocr_line' id='line_1_9' title="bbox 538 1019 1604 1083; baseline 0.004 -17"><span class='ocrx_word' id='word_1_40' title='bbox 538 1032 634 1080; x_wconf 88' lang='lat' dir='ltr'>pro</span> <span class='ocrx_word' id='word_1_41' title='bbox 667 1019 910 1079; x_wconf 75' lang='lat' dir='ltr'>Murena,</span> <span class='ocrx_word' id='word_1_42' title='bbox 932 1034 1051 1081; x_wconf 80' lang='lat' dir='ltr'>cap.</span> <span class='ocrx_word' id='word_1_43' title='bbox 1081 1024 1161 1070; x_wconf 76' lang='grc'>87.</span> <span class='ocrx_word' id='word_1_44' title='bbox 1196 1024 1212 1049; x_wconf 81' lang='lat'>⁸</span> <span class='ocrx_word' id='word_1_45' title='bbox 1240 1020 1419 1069; x_wconf 83' lang='lat' dir='ltr'>Latius</span> <span class='ocrx_word' id='word_1_46' title='bbox 1455 1028 1604 1083; x_wconf 72' lang='lat' dir='ltr'>patet</span> 
     </span>
     <span class='ocr_line' id='line_1_10' title="bbox 536 1096 1602 1159; baseline 0.001 -16"><span class='ocrx_word' id='word_1_47' title='bbox 536 1096 672 1143; x_wconf 77' lang='lat' dir='ltr'>iilius</span> <span class='ocrx_word' id='word_1_48' title='bbox 712 1097 920 1143; x_wconf 76' lang='lat' dir='ltr'>sceleris</span> <span class='ocrx_word' id='word_1_49' title='bbox 966 1097 1228 1159; x_wconf 69' lang='lat' dir='ltr'>contagio,</span> <span class='ocrx_word' id='word_1_50' title='bbox 1269 1111 1421 1158; x_wconf 76' lang='lat' dir='ltr'>quam</span> <span class='ocrx_word' id='word_1_51' title='bbox 1464 1097 1602 1158; x_wconf 87' lang='lat' dir='ltr'>quis·</span> 
     </span>
     <span class='ocr_line' id='line_1_11' title="bbox 539 1171 1599 1234; baseline 0.001 -16"><span class='ocrx_word' id='word_1_52' title='bbox 539 1185 690 1234; x_wconf 80' lang='lat' dir='ltr'>quam</span> <span class='ocrx_word' id='word_1_53' title='bbox 737 1171 923 1234; x_wconf 63' lang='lat' dir='ltr'>putat)</span> <span class='ocrx_word' id='word_1_54' title='bbox 992 1173 1158 1221; x_wconf 78' lang='lat' dir='ltr'>Attio.</span> <span class='ocrx_word' id='word_1_55' title='bbox 1206 1185 1246 1221; x_wconf 80' lang='grc' dir='ltr'>ι.</span> <span class='ocrx_word' id='word_1_56' title='bbox 1286 1176 1367 1221; x_wconf 82' lang='grc'>16.</span> <span class='ocrx_word' id='word_1_57' title='bbox 1424 1172 1439 1199; x_wconf 86' lang='lat'>‘</span> <span class='ocrx_word' id='word_1_58' title='bbox 1465 1171 1599 1220; x_wconf 91' lang='lat' dir='ltr'>Boni</span> 
     </span>
     <span class='ocr_line' id='line_1_12' title="bbox 536 1250 1602 1313; baseline 0 -16"><span class='ocrx_word' id='word_1_59' title='bbox 536 1251 847 1312; x_wconf 80' lang='lat' dir='ltr'>contagione</span> <span class='ocrx_word' id='word_1_60' title='bbox 891 1250 1227 1313; x_wconf 72' lang='lat' dir='ltr'>turpitudinis</span> <span class='ocrx_word' id='word_1_61' title='bbox 1271 1251 1602 1299; x_wconf 75' lang='lat' dir='ltr'>vehementer</span> 
     </span>
     <span class='ocr_line' id='line_1_13' title="bbox 536 1325 1604 1387; baseline 0 -13"><span class='ocrx_word' id='word_1_62' title='bbox 536 1325 1005 1387; x_wconf 60' lang='lat' dir='ltr'>permovebantuff</span> <span class='ocrx_word' id='word_1_63' title='bbox 1040 1328 1219 1376; x_wconf 79' lang='lat' dir='ltr'>Caessr</span> <span class='ocrx_word' id='word_1_64' title='bbox 1239 1327 1303 1375; x_wconf 89' lang='lat' dir='ltr'>B.</span> <span class='ocrx_word' id='word_1_65' title='bbox 1327 1327 1397 1376; x_wconf 83' lang='lat' dir='ltr'>G.</span> <span class='ocrx_word' id='word_1_66' title='bbox 1423 1340 1497 1375; x_wconf 84' lang='lat' dir='ltr'>vt.</span> <span class='ocrx_word' id='word_1_67' title='bbox 1524 1331 1604 1375; x_wconf 78' lang='grc'>13.</span> 
     </span>
     <span class='ocr_line' id='line_1_14' title="bbox 533 1401 1601 1465; baseline 0.002 -17"><span class='ocrx_word' id='word_1_68' title='bbox 533 1403 547 1426; x_wconf 82' lang='lat'>⁸</span> <span class='ocrx_word' id='word_1_69' title='bbox 573 1401 657 1448; x_wconf 85' lang='lat' dir='ltr'>Ab</span> <span class='ocrx_word' id='word_1_70' title='bbox 683 1403 745 1450; x_wconf 84' lang='lat' dir='ltr'>iis</span> <span class='ocrx_word' id='word_1_71' title='bbox 771 1417 948 1451; x_wconf 86' lang='lat' dir='ltr'>omnes</span> <span class='ocrx_word' id='word_1_72' title='bbox 977 1402 1262 1465; x_wconf 86' lang='lat' dir='ltr'>decedunt,</span> <span class='ocrx_word' id='word_1_73' title='bbox 1285 1403 1480 1452; x_wconf 77' lang='lat' dir='ltr'>aditum</span> <span class='ocrx_word' id='word_1_74' title='bbox 1514 1416 1601 1451; x_wconf 87' lang='lat' dir='ltr'>eo-</span> 
     </span>
     <span class='ocr_line' id='line_1_15' title="bbox 538 1477 1599 1543; baseline 0.002 -19"><span class='ocrx_word' id='word_1_75' title='bbox 538 1491 647 1525; x_wconf 87' lang='lat' dir='ltr'>rum</span> <span class='ocrx_word' id='word_1_76' title='bbox 671 1492 1064 1543; x_wconf 71' lang='lat' dir='ltr'>sermonemque</span> <span class='ocrx_word' id='word_1_77' title='bbox 1079 1477 1372 1542; x_wconf 82' lang='lat' dir='ltr'>defugiunt,</span> <span class='ocrx_word' id='word_1_78' title='bbox 1391 1493 1455 1527; x_wconf 88' lang='lat' dir='ltr'>ne</span> <span class='ocrx_word' id='word_1_79' title='bbox 1474 1477 1599 1541; x_wconf 87' lang='lat' dir='ltr'>qnid</span> 
     </span>
     <span class='ocr_line' id='line_1_16' title="bbox 535 1554 1599 1618; baseline 0.002 -17"><span class='ocrx_word' id='word_1_80' title='bbox 535 1569 599 1601; x_wconf 80' lang='lat' dir='ltr'>ex</span> <span class='ocrx_word' id='word_1_81' title='bbox 634 1558 940 1614; x_wconf 75' lang='lat' dir='ltr'>contagione</span> <span class='ocrx_word' id='word_1_82' title='bbox 969 1555 1274 1605; x_wconf 85' lang='lat' dir='ltr'>incommodi</span> <span class='ocrx_word' id='word_1_83' title='bbox 1299 1554 1599 1618; x_wconf 61' lang='lat' dir='ltr'>accipiant)</span> 
     </span>
     <span class='ocr_line' id='line_1_17' title="bbox 535 1630 1600 1696; baseline 0 -18"><span class='ocrx_word' id='word_1_84' title='bbox 535 1630 675 1679; x_wconf 84' lang='lat' dir='ltr'>Piin.</span> <span class='ocrx_word' id='word_1_85' title='bbox 701 1631 874 1693; x_wconf 81' lang='lat' dir='ltr'>Epist.</span> <span class='ocrx_word' id='word_1_86' title='bbox 903 1645 956 1680; x_wconf 81' lang='lat' dir='ltr'>x.</span> <span class='ocrx_word' id='word_1_87' title='bbox 980 1636 1067 1680; x_wconf 89' lang='grc'>97.</span> <span class='ocrx_word' id='word_1_88' title='bbox 1100 1640 1115 1663; x_wconf 80' lang='lat'>⁸</span> <span class='ocrx_word' id='word_1_89' title='bbox 1140 1632 1325 1696; x_wconf 83' lang='lat' dir='ltr'>Neque</span> <span class='ocrx_word' id='word_1_90' title='bbox 1361 1631 1600 1680; x_wconf 82' lang='lat' dir='ltr'>civitates</span> 
     </span>
     <span class='ocr_line' id='line_1_18' title="bbox 536 1708 1601 1770; baseline -0.002 -15"><span class='ocrx_word' id='word_1_91' title='bbox 536 1714 761 1762; x_wconf 74' lang='lat' dir='ltr'>tantum,</span> <span class='ocrx_word' id='word_1_92' title='bbox 789 1708 877 1754; x_wconf 84' lang='lat' dir='ltr'>sed</span> <span class='ocrx_word' id='word_1_93' title='bbox 906 1709 1044 1757; x_wconf 79' lang='lat' dir='ltr'>vicos</span> <span class='ocrx_word' id='word_1_94' title='bbox 1070 1708 1224 1756; x_wconf 82' lang='lat' dir='ltr'>etiam</span> <span class='ocrx_word' id='word_1_95' title='bbox 1251 1716 1406 1770; x_wconf 76' lang='lat' dir='ltr'>etque</span> <span class='ocrx_word' id='word_1_96' title='bbox 1431 1721 1601 1768; x_wconf 76' lang='lat' dir='ltr'>agros,</span> 
     </span>
     <span class='ocr_line' id='line_1_19' title="bbox 532 1783 1601 1847; baseline 0.001 -18"><span class='ocrx_word' id='word_1_97' title='bbox 532 1783 919 1843; x_wconf 80' lang='lat' dir='ltr'>superstitionis</span> <span class='ocrx_word' id='word_1_98' title='bbox 948 1784 1093 1832; x_wconf 69' lang='lat' dir='ltr'>istius</span> <span class='ocrx_word' id='word_1_99' title='bbox 1133 1787 1374 1846; x_wconf 75' lang='lat' dir='ltr'>contagio</span> <span class='ocrx_word' id='word_1_100' title='bbox 1415 1797 1601 1847; x_wconf 77' lang='lat' dir='ltr'>perva-</span> 
     </span>
     <span class='ocr_line' id='line_1_20' title="bbox 532 1857 967 1919; baseline -0.007 -13"><span class='ocrx_word' id='word_1_101' title='bbox 532 1865 652 1919; x_wconf 78' lang='lat' dir='ltr'>gata</span> <span class='ocrx_word' id='word_1_102' title='bbox 667 1857 781 1905; x_wconf 69' lang='lat' dir='ltr'>est-⁹</span> <span class='ocrx_word' id='word_1_103' title='bbox 819 1858 967 1904; x_wconf 81' lang='lat' dir='ltr'>Idem.</span> 
     </span>
    </p>

    <p class='ocr_par' dir='ltr' id='par_1_3' title="bbox 528 1933 1600 2069">
     <span class='ocr_line' id='line_1_21' title="bbox 593 1933 1600 1997; baseline 0.001 -15"><span class='ocrx_word' id='word_1_104' title='bbox 593 1933 672 1982; x_wconf 78' lang='lat' dir='ltr'>Ab</span> <span class='ocrx_word' id='word_1_105' title='bbox 694 1935 822 1981; x_wconf 84' lang='lat' dir='ltr'>omni</span> <span class='ocrx_word' id='word_1_106' title='bbox 842 1934 1145 1997; x_wconf 73' lang='lat' dir='ltr'>contagione]</span> <span class='ocrx_word' id='word_1_107' title='bbox 1182 1933 1358 1983; x_wconf 86' lang='lat' dir='ltr'>Editio</span> <span class='ocrx_word' id='word_1_108' title='bbox 1389 1933 1600 1984; x_wconf 76' lang='lat' dir='ltr'>Veneta</span> 
     </span>
     <span class='ocr_line' id='line_1_22' title="bbox 528 2009 1288 2069; baseline 0 -14"><span class='ocrx_word' id='word_1_109' title='bbox 528 2009 751 2056; x_wconf 81' lang='lat' dir='ltr'>habebat</span> <span class='ocrx_word' id='word_1_110' title='bbox 775 2010 1082 2069; x_wconf 73' lang='lat' dir='ltr'>cogitatione.</span> <span class='ocrx_word' id='word_1_111' title='bbox 1116 2009 1288 2059; x_wconf 85' lang='lat' dir='ltr'>Juret.</span> 
     </span>
    </p>

    <p class='ocr_par' dir='ltr' id='par_1_4' title="bbox 531 2084 1598 2210">
     <span class='ocr_line' id='line_1_23' title="bbox 595 2084 1598 2148; baseline 0.001 -15"><span class='ocrx_word' id='word_1_112' title='bbox 595 2084 733 2133; x_wconf 77' lang='lat' dir='ltr'>Alios</span> <span class='ocrx_word' id='word_1_113' title='bbox 764 2084 1022 2148; x_wconf 78' lang='lat' dir='ltr'>proestore]</span> <span class='ocrx_word' id='word_1_114' title='bbox 1069 2086 1228 2134; x_wconf 86' lang='lat' dir='ltr'>Forte</span> <span class='ocrx_word' id='word_1_115' title='bbox 1256 2085 1405 2134; x_wconf 87' lang='lat' dir='ltr'>deest</span> <span class='ocrx_word' id='word_1_116' title='bbox 1438 2085 1598 2136; x_wconf 76' lang='lat' dir='ltr'>bones.</span> 
     </span>
     <span class='ocr_line' id='line_1_24' title="bbox 531 2161 664 2210; baseline -0.008 -1"><span class='ocrx_word' id='word_1_117' title='bbox 531 2161 664 2210; x_wconf 85' lang='lat' dir='ltr'>Ritt.</span> 
     </span>
    </p>

    <p class='ocr_par' dir='ltr' id='par_1_5' title="bbox 516 2237 1598 4199">
     <span class='ocr_line' id='line_1_25' title="bbox 597 2237 1595 2303; baseline 0 -16"><span class='ocrx_word' id='word_1_118' title='bbox 597 2238 736 2287; x_wconf 78' lang='lat' dir='ltr'>Alios</span> <span class='ocrx_word' id='word_1_119' title='bbox 767 2243 1019 2301; x_wconf 78' lang='lat' dir='ltr'>proestare,</span> <span class='ocrx_word' id='word_1_120' title='bbox 1052 2253 1193 2301; x_wconf 80' lang='lat' dir='ltr'>quom</span> <span class='ocrx_word' id='word_1_121' title='bbox 1223 2239 1299 2303; x_wconf 85' lang='lat' dir='ltr'>se]</span> <span class='ocrx_word' id='word_1_122' title='bbox 1337 2237 1595 2302; x_wconf 85' lang='lat' dir='ltr'>Equidem</span> 
     </span>
     <span class='ocr_line' id='line_1_26' title="bbox 530 2314 1594 2379; baseline 0.002 -17"><span class='ocrx_word' id='word_1_123' title='bbox 530 2317 741 2364; x_wconf 84' lang='lat' dir='ltr'>verbum</span> <span class='ocrx_word' id='word_1_124' title='bbox 760 2321 1010 2379; x_wconf 68' lang='lat' dir='ltr'>punem-e,</span> <span class='ocrx_word' id='word_1_125' title='bbox 1030 2330 1146 2364; x_wconf 91' lang='lat' dir='ltr'>cum</span> <span class='ocrx_word' id='word_1_126' title='bbox 1171 2321 1318 2365; x_wconf 84' lang='lat' dir='ltr'>notat</span> <span class='ocrx_word' id='word_1_127' title='bbox 1343 2315 1359 2342; x_wconf 85' lang='lat'>‘</span> <span class='ocrx_word' id='word_1_128' title='bbox 1386 2314 1594 2364; x_wconf 80' lang='lat' dir='ltr'>exbibe-</span> 
     </span>
     <span class='ocr_line' id='line_1_27' title="bbox 529 2390 1598 2456; baseline -0.003 -15"><span class='ocrx_word' id='word_1_129' title='bbox 529 2406 605 2456; x_wconf 88' lang='lat' dir='ltr'>re,</span> <span class='ocrx_word' id='word_1_130' title='bbox 627 2392 642 2414; x_wconf 76' lang='lat'><strong><em>⁹</em></strong></span> <span class='ocrx_word' id='word_1_131' title='bbox 680 2395 696 2420; x_wconf 82' lang='lat'>⁸</span> <span class='ocrx_word' id='word_1_132' title='bbox 727 2393 979 2455; x_wconf 69' lang='lat' dir='ltr'>praebere,</span> <span class='ocrx_word' id='word_1_133' title='bbox 1001 2392 1014 2413; x_wconf 89' lang='lat'>’</span> <span class='ocrx_word' id='word_1_134' title='bbox 1049 2406 1155 2440; x_wconf 86' lang='lat' dir='ltr'>non</span> <span class='ocrx_word' id='word_1_135' title='bbox 1201 2405 1318 2439; x_wconf 75' lang='lat' dir='ltr'>raro</span> <span class='ocrx_word' id='word_1_136' title='bbox 1361 2390 1598 2456; x_wconf 75' lang='lat' dir='ltr'>adjungit</span> 
     </span>
     <span class='ocr_line' id='line_1_28' title="bbox 530 2467 1596 2531; baseline -0.001 -15"><span class='ocrx_word' id='word_1_137' title='bbox 530 2469 917 2530; x_wconf 86' lang='lat' dir='ltr'>pronominibus</span> <span class='ocrx_word' id='word_1_138' title='bbox 943 2468 1042 2515; x_wconf 79' lang='lat' dir='ltr'>alis</span> <span class='ocrx_word' id='word_1_139' title='bbox 1064 2468 1328 2531; x_wconf 78' lang='lat' dir='ltr'>adjectiva</span> <span class='ocrx_word' id='word_1_140' title='bbox 1362 2474 1451 2516; x_wconf 82' lang='lat' dir='ltr'>sut</span> <span class='ocrx_word' id='word_1_141' title='bbox 1474 2467 1596 2517; x_wconf 83' lang='lat' dir='ltr'>sub·</span> 
     </span>
     <span class='ocr_line' id='line_1_29' title="bbox 528 2542 1596 2606; baseline 0.001 -15"><span class='ocrx_word' id='word_1_142' title='bbox 528 2544 784 2604; x_wconf 78' lang='lat' dir='ltr'>stantivs3</span> <span class='ocrx_word' id='word_1_143' title='bbox 821 2559 871 2591; x_wconf 81' lang='lat' dir='ltr'>v.</span> <span class='ocrx_word' id='word_1_144' title='bbox 888 2558 940 2605; x_wconf 85' lang='lat' dir='ltr'>g.</span> <span class='ocrx_word' id='word_1_145' title='bbox 961 2544 976 2570; x_wconf 88' lang='lat'>‘</span> <span class='ocrx_word' id='word_1_146' title='bbox 1002 2558 1057 2590; x_wconf 86' lang='lat' dir='ltr'>se</span> <span class='ocrx_word' id='word_1_147' title='bbox 1080 2552 1329 2605; x_wconf 79' lang='lat' dir='ltr'>praestare</span> <span class='ocrx_word' id='word_1_148' title='bbox 1352 2542 1596 2606; x_wconf 77' lang='lat' dir='ltr'>aequum‚&#39;</span> 
     </span>
     <span class='ocr_line' id='line_1_30' title="bbox 528 2618 1596 2683; baseline 0.004 -18"><span class='ocrx_word' id='word_1_149' title='bbox 528 2618 616 2667; x_wconf 86' lang='lat' dir='ltr'>‘se</span> <span class='ocrx_word' id='word_1_150' title='bbox 645 2626 896 2680; x_wconf 80' lang='lat' dir='ltr'>praestare</span> <span class='ocrx_word' id='word_1_151' title='bbox 919 2618 1132 2666; x_wconf 88' lang='lat' dir='ltr'>dubium</span> <span class='ocrx_word' id='word_1_152' title='bbox 1168 2626 1220 2667; x_wconf 87' lang='lat' dir='ltr'>et</span> <span class='ocrx_word' id='word_1_153' title='bbox 1244 2619 1482 2683; x_wconf 78' lang='lat' dir='ltr'>varium‚&#39;</span> <span class='ocrx_word' id='word_1_154' title='bbox 1507 2620 1596 2669; x_wconf 83' lang='lat' dir='ltr'>‘se</span> 
     </span>
     <span class='ocr_line' id='line_1_31' title="bbox 527 2693 1596 2758; baseline 0.003 -18"><span class='ocrx_word' id='word_1_155' title='bbox 527 2703 777 2755; x_wconf 73' lang='lat' dir='ltr'>praestare</span> <span class='ocrx_word' id='word_1_156' title='bbox 815 2693 1015 2755; x_wconf 80' lang='lat' dir='ltr'>virum,&#39;</span> <span class='ocrx_word' id='word_1_157' title='bbox 1048 2695 1172 2743; x_wconf 88' lang='lat' dir='ltr'>item</span> <span class='ocrx_word' id='word_1_158' title='bbox 1209 2695 1596 2758; x_wconf 73' lang='lat' dir='ltr'>‘propugnato-</span> 
     </span>
     <span class='ocr_line' id='line_1_32' title="bbox 529 2770 1593 2834; baseline 0.003 -17"><span class='ocrx_word' id='word_1_159' title='bbox 529 2785 634 2818; x_wconf 86' lang='lat' dir='ltr'>rem</span> <span class='ocrx_word' id='word_1_160' title='bbox 660 2770 958 2832; x_wconf 78' lang='lat' dir='ltr'>libertatis,’</span> <span class='ocrx_word' id='word_1_161' title='bbox 981 2778 1179 2834; x_wconf 71' lang='lat' dir='ltr'>et.quae</span> <span class='ocrx_word' id='word_1_162' title='bbox 1212 2779 1330 2819; x_wconf 86' lang='lat' dir='ltr'>sunt</span> <span class='ocrx_word' id='word_1_163' title='bbox 1355 2773 1469 2820; x_wconf 79' lang='lat' dir='ltr'>aliae</span> <span class='ocrx_word' id='word_1_164' title='bbox 1499 2772 1593 2821; x_wconf 86' lang='lat' dir='ltr'>hu·</span> 
     </span>
     <span class='ocr_line' id='line_1_33' title="bbox 517 2845 1595 2910; baseline 0.002 -17"><span class='ocrx_word' id='word_1_165' title='bbox 517 2847 607 2910; x_wconf 85' lang='lat' dir='ltr'>jus</span> <span class='ocrx_word' id='word_1_166' title='bbox 654 2848 859 2910; x_wconf 81' lang='lat' dir='ltr'>generis</span> <span class='ocrx_word' id='word_1_167' title='bbox 897 2845 1154 2895; x_wconf 62' lang='lat' dir='ltr'>formulae.</span> <span class='ocrx_word' id='word_1_168' title='bbox 1221 2846 1375 2895; x_wconf 88' lang='lat' dir='ltr'>Unde</span> <span class='ocrx_word' id='word_1_169' title='bbox 1419 2856 1595 2910; x_wconf 87' lang='lat' dir='ltr'>putes,</span> 
     </span>
     <span class='ocr_line' id='line_1_34' title="bbox 523 2919 1593 2973; baseline 0.003 -4"><span class='ocrx_word' id='word_1_170' title='bbox 523 2919 744 2971; x_wconf 80' lang='lat' dir='ltr'>fortasse</span> <span class='ocrx_word' id='word_1_171' title='bbox 769 2923 866 2972; x_wconf 83' lang='lat' dir='ltr'>hoc</span> <span class='ocrx_word' id='word_1_172' title='bbox 889 2922 1048 2971; x_wconf 78' lang='lat' dir='ltr'>etism</span> <span class='ocrx_word' id='word_1_173' title='bbox 1073 2922 1187 2971; x_wconf 88' lang='lat' dir='ltr'>loco</span> <span class='ocrx_word' id='word_1_174' title='bbox 1212 2920 1489 2972; x_wconf 89' lang='lat' dir='ltr'>dicendum</span> <span class='ocrx_word' id='word_1_175' title='bbox 1514 2923 1593 2973; x_wconf 87' lang='lat' dir='ltr'>fu·</span> 
     </span>
     <span class='ocr_line' id='line_1_35' title="bbox 523 2998 1594 3061; baseline 0.003 -16"><span class='ocrx_word' id='word_1_176' title='bbox 523 2998 644 3054; x_wconf 79' lang='lat' dir='ltr'>isse,</span> <span class='ocrx_word' id='word_1_177' title='bbox 672 2999 826 3060; x_wconf 76' lang='lat' dir='ltr'>magis</span> <span class='ocrx_word' id='word_1_178' title='bbox 857 3001 1061 3048; x_wconf 79' lang='lat' dir='ltr'>arduum</span> <span class='ocrx_word' id='word_1_179' title='bbox 1093 3004 1184 3061; x_wconf 75' lang='lat' dir='ltr'>est,</span> <span class='ocrx_word' id='word_1_180' title='bbox 1212 2998 1333 3047; x_wconf 80' lang='lat' dir='ltr'>alios</span> <span class='ocrx_word' id='word_1_181' title='bbox 1360 3005 1594 3061; x_wconf 72' lang='lat' dir='ltr'>prestare</span> 
     </span>
     <span class='ocr_line' id='line_1_36' title="bbox 526 3074 1592 3139; baseline 0.001 -17"><span class='ocrx_word' id='word_1_182' title='bbox 526 3074 706 3137; x_wconf 85' lang='lat' dir='ltr'>bonos,</span> <span class='ocrx_word' id='word_1_183' title='bbox 752 3077 1098 3139; x_wconf 82' lang='lat' dir='ltr'>vitiorumque</span> <span class='ocrx_word' id='word_1_184' title='bbox 1144 3075 1411 3130; x_wconf 87' lang='lat' dir='ltr'>immunes,</span> <span class='ocrx_word' id='word_1_185' title='bbox 1450 3090 1592 3137; x_wconf 75' lang='lat' dir='ltr'>quom</span> 
     </span>
     <span class='ocr_line' id='line_1_37' title="bbox 523 3152 1591 3216; baseline 0.004 -17"><span class='ocrx_word' id='word_1_186' title='bbox 523 3166 591 3200; x_wconf 84' lang='lat' dir='ltr'>se.</span> <span class='ocrx_word' id='word_1_187' title='bbox 657 3152 760 3200; x_wconf 89' lang='lat' dir='ltr'>Sed</span> <span class='ocrx_word' id='word_1_188' title='bbox 804 3154 998 3201; x_wconf 70' lang='lat' dir='ltr'>nulium</span> <span class='ocrx_word' id='word_1_189' title='bbox 1041 3153 1461 3216; x_wconf 81' lang='lat' dir='ltr'>supplementum</span> <span class='ocrx_word' id='word_1_190' title='bbox 1507 3154 1591 3203; x_wconf 78' lang='lat' dir='ltr'>liic</span> 
     </span>
     <span class='ocr_line' id='line_1_38' title="bbox 524 3226 1589 3292; baseline 0.001 -17"><span class='ocrx_word' id='word_1_191' title='bbox 524 3227 864 3286; x_wconf 82' lang='lat' dir='ltr'>desiderabit,</span> <span class='ocrx_word' id='word_1_192' title='bbox 884 3228 1115 3292; x_wconf 87' lang='lat' dir='ltr'>quisquis</span> <span class='ocrx_word' id='word_1_193' title='bbox 1132 3226 1460 3291; x_wconf 84' lang='lat' dir='ltr'>expenderit,</span> <span class='ocrx_word' id='word_1_194' title='bbox 1476 3242 1589 3277; x_wconf 85' lang='lat' dir='ltr'>ver-</span> 
     </span>
     <span class='ocr_line' id='line_1_39' title="bbox 524 3302 1589 3367; baseline 0.004 -18"><span class='ocrx_word' id='word_1_195' title='bbox 524 3302 644 3351; x_wconf 91' lang='lat' dir='ltr'>bum</span> <span class='ocrx_word' id='word_1_196' title='bbox 681 3310 912 3365; x_wconf 79' lang='lat' dir='ltr'>proestore</span> <span class='ocrx_word' id='word_1_197' title='bbox 948 3304 1197 3367; x_wconf 74' lang='lat' dir='ltr'>peculiari</span> <span class='ocrx_word' id='word_1_198' title='bbox 1232 3304 1443 3353; x_wconf 88' lang='lat' dir='ltr'>notione</span> <span class='ocrx_word' id='word_1_199' title='bbox 1474 3319 1589 3353; x_wconf 86' lang='lat' dir='ltr'>esse</span> 
     </span>
     <span class='ocr_line' id='line_1_40' title="bbox 526 3376 1588 3443; baseline 0.008 -22"><span class='ocrx_word' id='word_1_200' title='bbox 526 3376 737 3425; x_wconf 78' lang='lat' dir='ltr'>verbnm</span> <span class='ocrx_word' id='word_1_201' title='bbox 773 3379 932 3442; x_wconf 79' lang='lat' dir='ltr'>juris,</span> <span class='ocrx_word' id='word_1_202' title='bbox 976 3378 1114 3443; x_wconf 88' lang='lat' dir='ltr'>quod</span> <span class='ocrx_word' id='word_1_203' title='bbox 1158 3386 1324 3439; x_wconf 80' lang='lat' dir='ltr'>notat,</span> <span class='ocrx_word' id='word_1_204' title='bbox 1356 3380 1588 3443; x_wconf 79' lang='lat' dir='ltr'>praedem</span> 
     </span>
     <span class='ocr_line' id='line_1_41' title="bbox 522 3453 1587 3520; baseline 0.008 -22"><span class='ocrx_word' id='word_1_205' title='bbox 522 3464 652 3507; x_wconf 87' lang='lat' dir='ltr'>esse,</span> <span class='ocrx_word' id='word_1_206' title='bbox 701 3455 809 3502; x_wconf 81' lang='lat' dir='ltr'>sive</span> <span class='ocrx_word' id='word_1_207' title='bbox 847 3453 1106 3517; x_wconf 86' lang='lat' dir='ltr'>spondere</span> <span class='ocrx_word' id='word_1_208' title='bbox 1141 3464 1198 3505; x_wconf 88' lang='lat' dir='ltr'>et</span> <span class='ocrx_word' id='word_1_209' title='bbox 1238 3455 1454 3519; x_wconf 76' lang='lat' dir='ltr'>obligari</span> <span class='ocrx_word' id='word_1_210' title='bbox 1490 3471 1587 3520; x_wconf 85' lang='lat' dir='ltr'>pro</span> 
     </span>
     <span class='ocr_line' id='line_1_42' title="bbox 523 3528 1588 3595; baseline 0.008 -21"><span class='ocrx_word' id='word_1_211' title='bbox 523 3528 724 3576; x_wconf 78' lang='lat' dir='ltr'>bomine</span> <span class='ocrx_word' id='word_1_212' title='bbox 748 3536 839 3577; x_wconf 86' lang='lat' dir='ltr'>aut</span> <span class='ocrx_word' id='word_1_213' title='bbox 865 3545 957 3591; x_wconf 92' lang='lat' dir='ltr'>pro</span> <span class='ocrx_word' id='word_1_214' title='bbox 984 3531 1158 3595; x_wconf 79' lang='lat' dir='ltr'>aliqua</span> <span class='ocrx_word' id='word_1_215' title='bbox 1182 3546 1259 3595; x_wconf 88' lang='lat' dir='ltr'>re,</span> <span class='ocrx_word' id='word_1_216' title='bbox 1283 3547 1344 3581; x_wconf 80' lang='lat' dir='ltr'>sc</span> <span class='ocrx_word' id='word_1_217' title='bbox 1379 3534 1588 3595; x_wconf 83' lang='lat' dir='ltr'>pericu-</span> 
     </span>
     <span class='ocr_line' id='line_1_43' title="bbox 522 3605 1586 3673; baseline 0.005 -20"><span class='ocrx_word' id='word_1_218' title='bbox 522 3605 647 3664; x_wconf 85' lang='lat' dir='ltr'>lum,</span> <span class='ocrx_word' id='word_1_219' title='bbox 668 3605 802 3668; x_wconf 86' lang='lat' dir='ltr'>quod</span> <span class='ocrx_word' id='word_1_220' title='bbox 828 3607 949 3654; x_wconf 83' lang='lat' dir='ltr'>inde</span> <span class='ocrx_word' id='word_1_221' title='bbox 974 3609 1204 3664; x_wconf 87' lang='lat' dir='ltr'>timetur,</span> <span class='ocrx_word' id='word_1_222' title='bbox 1228 3608 1281 3657; x_wconf 91' lang='lat' dir='ltr'>in</span> <span class='ocrx_word' id='word_1_223' title='bbox 1306 3624 1361 3657; x_wconf 87' lang='lat' dir='ltr'>se</span> <span class='ocrx_word' id='word_1_224' title='bbox 1386 3609 1586 3673; x_wconf 88' lang='lat' dir='ltr'>recipe·</span> 
     </span>
     <span class='ocr_line' id='line_1_44' title="bbox 523 3680 1588 3749; baseline 0.004 -20"><span class='ocrx_word' id='word_1_225' title='bbox 523 3693 596 3729; x_wconf 87' lang='lat' dir='ltr'>re.</span> <span class='ocrx_word' id='word_1_226' title='bbox 632 3680 791 3743; x_wconf 84' lang='lat' dir='ltr'>Cujus</span> <span class='ocrx_word' id='word_1_227' title='bbox 816 3681 1041 3728; x_wconf 86' lang='lat' dir='ltr'>notionis</span> <span class='ocrx_word' id='word_1_228' title='bbox 1061 3684 1305 3745; x_wconf 76' lang='lat' dir='ltr'>exempla</span> <span class='ocrx_word' id='word_1_229' title='bbox 1324 3683 1588 3749; x_wconf 72' lang='lat' dir='ltr'>quasdam,</span> 
     </span>
     <span class='ocr_line' id='line_1_45' title="bbox 521 3757 1582 3823; baseline 0.008 -21"><span class='ocrx_word' id='word_1_230' title='bbox 521 3769 634 3817; x_wconf 76' lang='lat' dir='ltr'>quae</span> <span class='ocrx_word' id='word_1_231' title='bbox 661 3757 757 3804; x_wconf 85' lang='lat' dir='ltr'>buc</span> <span class='ocrx_word' id='word_1_232' title='bbox 784 3758 1170 3823; x_wconf 77' lang='lat' dir='ltr'>spectant,jsm</span> <span class='ocrx_word' id='word_1_233' title='bbox 1196 3771 1297 3806; x_wconf 90' lang='lat' dir='ltr'>non</span> <span class='ocrx_word' id='word_1_234' title='bbox 1323 3760 1418 3807; x_wconf 89' lang='lat' dir='ltr'>nisi</span> <span class='ocrx_word' id='word_1_235' title='bbox 1442 3774 1472 3808; x_wconf 90' lang='lat' dir='ltr'>e</span> <span class='ocrx_word' id='word_1_236' title='bbox 1495 3760 1582 3810; x_wconf 89' lang='lat' dir='ltr'>Ci-</span> 
     </span>
     <span class='ocr_line' id='line_1_46' title="bbox 519 3833 1583 3895; baseline 0.007 -17"><span class='ocrx_word' id='word_1_237' title='bbox 519 3843 710 3879; x_wconf 81' lang='lat' dir='ltr'>cetone</span> <span class='ocrx_word' id='word_1_238' title='bbox 737 3837 970 3893; x_wconf 85' lang='lat' dir='ltr'>repetam</span> <span class='ocrx_word' id='word_1_239' title='bbox 993 3848 1009 3892; x_wconf 89' lang='lat'>;</span> <span class='ocrx_word' id='word_1_240' title='bbox 1043 3846 1092 3879; x_wconf 81' lang='lat' dir='ltr'>v.</span> <span class='ocrx_word' id='word_1_241' title='bbox 1116 3847 1168 3895; x_wconf 83' lang='lat' dir='ltr'>g.</span> <span class='ocrx_word' id='word_1_242' title='bbox 1192 3833 1256 3881; x_wconf 79' lang='lat' dir='ltr'>sd</span> <span class='ocrx_word' id='word_1_243' title='bbox 1281 3835 1350 3885; x_wconf 86' lang='lat' dir='ltr'>Q.</span> <span class='ocrx_word' id='word_1_244' title='bbox 1373 3836 1518 3885; x_wconf 76' lang='lat' dir='ltr'>Frst.</span> <span class='ocrx_word' id='word_1_245' title='bbox 1541 3850 1583 3885; x_wconf 81' lang='grc' dir='ltr'>ι.</span> 
     </span>
     <span class='ocr_line' id='line_1_47' title="bbox 520 3908 1582 3973; baseline 0.008 -21"><span class='ocrx_word' id='word_1_246' title='bbox 520 3909 568 3952; x_wconf 88' lang='lat'>1.</span> <span class='ocrx_word' id='word_1_247' title='bbox 587 3909 636 3954; x_wconf 76' lang='lat'>3.</span> <span class='ocrx_word' id='word_1_248' title='bbox 660 3909 675 3932; x_wconf 90' lang='lat'>‘</span> <span class='ocrx_word' id='word_1_249' title='bbox 703 3908 1044 3971; x_wconf 70' lang='lat' dir='ltr'>Nequaquam</span> <span class='ocrx_word' id='word_1_250' title='bbox 1069 3909 1196 3957; x_wconf 77' lang='lat' dir='ltr'>satis</span> <span class='ocrx_word' id='word_1_251' title='bbox 1214 3916 1313 3970; x_wconf 83' lang='lat' dir='ltr'>est,</span> <span class='ocrx_word' id='word_1_252' title='bbox 1336 3916 1389 3958; x_wconf 89' lang='lat' dir='ltr'>te</span> <span class='ocrx_word' id='word_1_253' title='bbox 1413 3909 1582 3973; x_wconf 86' lang='lat' dir='ltr'>ipsum</span> 
     </span>
     <span class='ocr_line' id='line_1_48' title="bbox 517 3978 1579 4045; baseline 0.008 -18"><span class='ocrx_word' id='word_1_254' title='bbox 517 3978 672 4030; x_wconf 73' lang='lat' dir='ltr'>hasce</span> <span class='ocrx_word' id='word_1_255' title='bbox 710 3982 909 4031; x_wconf 80' lang='lat' dir='ltr'>habere</span> <span class='ocrx_word' id='word_1_256' title='bbox 941 3983 1202 4045; x_wconf 78' lang='lat' dir='ltr'>virtutes3</span> <span class='ocrx_word' id='word_1_257' title='bbox 1236 3984 1329 4034; x_wconf 88' lang='lat' dir='ltr'>sed</span> <span class='ocrx_word' id='word_1_258' title='bbox 1367 3995 1449 4035; x_wconf 83' lang='lat' dir='ltr'>est</span> <span class='ocrx_word' id='word_1_259' title='bbox 1481 3987 1579 4035; x_wconf 89' lang='lat' dir='ltr'>cir·</span> 
     </span>
     <span class='ocr_line' id='line_1_49' title="bbox 516 4058 1582 4122; baseline 0.009 -21"><span class='ocrx_word' id='word_1_260' title='bbox 516 4058 958 4119; x_wconf 84' lang='lat' dir='ltr'>cumspicieudum</span> <span class='ocrx_word' id='word_1_261' title='bbox 995 4059 1297 4122; x_wconf 72' lang='lat' dir='ltr'>diligenter,</span> <span class='ocrx_word' id='word_1_262' title='bbox 1324 4069 1383 4110; x_wconf 89' lang='lat' dir='ltr'>ut</span> <span class='ocrx_word' id='word_1_263' title='bbox 1408 4061 1461 4110; x_wconf 88' lang='lat' dir='ltr'>in</span> <span class='ocrx_word' id='word_1_264' title='bbox 1484 4063 1582 4112; x_wconf 73' lang='lat' dir='ltr'>bac</span> 
     </span>
     <span class='ocr_line' id='line_1_50' title="bbox 516 4135 1580 4199; baseline 0.015 -26"><span class='ocrx_word' id='word_1_265' title='bbox 516 4135 755 4182; x_wconf 81' lang='lat' dir='ltr'>custodia</span> <span class='ocrx_word' id='word_1_266' title='bbox 780 4137 1061 4197; x_wconf 64' lang='lat' dir='ltr'>provincia</span> <span class='ocrx_word' id='word_1_267' title='bbox 1085 4151 1186 4186; x_wconf 92' lang='lat' dir='ltr'>non</span> <span class='ocrx_word' id='word_1_268' title='bbox 1212 4146 1265 4186; x_wconf 90' lang='lat' dir='ltr'>te</span> <span class='ocrx_word' id='word_1_269' title='bbox 1292 4153 1467 4199; x_wconf 87' lang='lat' dir='ltr'>unum,</span> <span class='ocrx_word' id='word_1_270' title='bbox 1488 4140 1580 4189; x_wconf 87' lang='lat' dir='ltr'>sed</span> 
     </span>
    </p>
   </div>
   <div class='ocr_carea' id='block_1_3' title="bbox 1230 338 2044 390">
    <p class='ocr_par' dir='ltr' id='par_1_6' title="bbox 1230 338 2044 390">
     <span class='ocr_line' id='line_1_51' title="bbox 1230 338 2044 390; baseline 0.002 -2"><span class='ocrx_word' id='word_1_271' title='bbox 1230 340 1450 390; x_wconf 77' lang='lat' dir='ltr'>NOTAE</span> <span class='ocrx_word' id='word_1_272' title='bbox 1499 338 1910 389; x_wconf 62' lang='lat' dir='ltr'>vsmolttm</span> <span class='ocrx_word' id='word_1_273' title='bbox 1960 340 2044 390; x_wconf 74' lang='lat' dir='ltr'>m</span> 
     </span>
    </p>
   </div>
   <div class='ocr_carea' id='block_1_4' title="bbox 1657 480 2763 4205">
    <p class='ocr_par' dir='ltr' id='par_1_7' title="bbox 1657 480 2763 4205">
     <span class='ocr_line' id='line_1_52' title="bbox 1678 480 2763 546; baseline 0.005 -16"><span class='ocrx_word' id='word_1_274' title='bbox 1678 487 1734 531; x_wconf 82' lang='lat' dir='ltr'>et</span> <span class='ocrx_word' id='word_1_275' title='bbox 1770 481 1993 545; x_wconf 78' lang='lat' dir='ltr'>civibus,</span> <span class='ocrx_word' id='word_1_276' title='bbox 2036 488 2093 532; x_wconf 89' lang='lat' dir='ltr'>et</span> <span class='ocrx_word' id='word_1_277' title='bbox 2129 480 2454 546; x_wconf 68' lang='lat' dir='ltr'>reipublice,</span> <span class='ocrx_word' id='word_1_278' title='bbox 2496 487 2763 546; x_wconf 64' lang='lat' dir='ltr'>prestare</span> 
     </span>
     <span class='ocr_line' id='line_1_53' title="bbox 1676 556 2758 622; baseline 0.005 -17"><span class='ocrx_word' id='word_1_279' title='bbox 1676 556 1923 607; x_wconf 74' lang='lat' dir='ltr'>videare-⁹</span> <span class='ocrx_word' id='word_1_280' title='bbox 1991 559 2061 608; x_wconf 84' lang='lat' dir='ltr'>Et</span> <span class='ocrx_word' id='word_1_281' title='bbox 2080 557 2272 608; x_wconf 87' lang='lat' dir='ltr'>ibidem</span> <span class='ocrx_word' id='word_1_282' title='bbox 2290 575 2306 607; x_wconf 75' lang='lat' dir='ltr'><strong><em>z</em></strong></span> <span class='ocrx_word' id='word_1_283' title='bbox 2340 566 2356 588; x_wconf 79' lang='lat'><em>‘</em></span> <span class='ocrx_word' id='word_1_284' title='bbox 2384 560 2509 615; x_wconf 84' lang='lat' dir='ltr'>Eos,</span> <span class='ocrx_word' id='word_1_285' title='bbox 2528 575 2657 622; x_wconf 82' lang='lat' dir='ltr'>quos</span> <span class='ocrx_word' id='word_1_286' title='bbox 2684 561 2758 610; x_wconf 83' lang='lat' dir='ltr'>ti·</span> 
     </span>
     <span class='ocr_line' id='line_1_54' title="bbox 1678 634 2756 698; baseline 0.001 -15"><span class='ocrx_word' id='word_1_287' title='bbox 1678 634 1730 683; x_wconf 92' lang='lat' dir='ltr'>bi</span> <span class='ocrx_word' id='word_1_288' title='bbox 1762 635 1977 684; x_wconf 86' lang='lat' dir='ltr'>comites</span> <span class='ocrx_word' id='word_1_289' title='bbox 2013 642 2069 684; x_wconf 89' lang='lat' dir='ltr'>et</span> <span class='ocrx_word' id='word_1_290' title='bbox 2101 636 2373 698; x_wconf 78' lang='lat' dir='ltr'>adjutores</span> <span class='ocrx_word' id='word_1_291' title='bbox 2419 638 2756 698; x_wconf 68' lang='lat' dir='ltr'>negotiorum</span> 
     </span>
     <span class='ocr_line' id='line_1_55' title="bbox 1680 712 2753 777; baseline 0.005 -19"><span class='ocrx_word' id='word_1_292' title='bbox 1680 712 2005 775; x_wconf 73' lang='lat' dir='ltr'>publicorum</span> <span class='ocrx_word' id='word_1_293' title='bbox 2058 713 2205 762; x_wconf 86' lang='lat' dir='ltr'>dedit</span> <span class='ocrx_word' id='word_1_294' title='bbox 2262 714 2373 775; x_wconf 81' lang='lat' dir='ltr'>ipss</span> <span class='ocrx_word' id='word_1_295' title='bbox 2429 715 2753 777; x_wconf 67' lang='lat' dir='ltr'>respublica.</span> 
     </span>
     <span class='ocr_line' id='line_1_56' title="bbox 1677 788 2755 854; baseline 0.004 -18"><span class='ocrx_word' id='word_1_296' title='bbox 1677 788 1934 838; x_wconf 82' lang='lat' dir='ltr'>duntsxst</span> <span class='ocrx_word' id='word_1_297' title='bbox 1957 788 2145 838; x_wconf 75' lang='lat' dir='ltr'>finibus</span> <span class='ocrx_word' id='word_1_298' title='bbox 2169 788 2250 838; x_wconf 84' lang='lat' dir='ltr'>bis</span> <span class='ocrx_word' id='word_1_299' title='bbox 2284 790 2588 852; x_wconf 66' lang='lat' dir='ltr'>prestabis.</span> <span class='ocrx_word' id='word_1_300' title='bbox 2621 805 2755 854; x_wconf 79' lang='lat' dir='ltr'>qnos</span> 
     </span>
     <span class='ocr_line' id='line_1_57' title="bbox 1677 863 2754 929; baseline 0.003 -17"><span class='ocrx_word' id='word_1_301' title='bbox 1677 873 1802 913; x_wconf 76' lang='lat' dir='ltr'>ante</span> <span class='ocrx_word' id='word_1_302' title='bbox 1828 863 2162 929; x_wconf 55' lang='lat' dir='ltr'>prescripsi?</span> <span class='ocrx_word' id='word_1_303' title='bbox 2230 865 2299 914; x_wconf 84' lang='lat' dir='ltr'>Et</span> <span class='ocrx_word' id='word_1_304' title='bbox 2325 879 2442 927; x_wconf 80' lang='lat' dir='ltr'>esp.</span> <span class='ocrx_word' id='word_1_305' title='bbox 2471 869 2524 916; x_wconf 73' lang='grc'>4.</span> <span class='ocrx_word' id='word_1_306' title='bbox 2556 865 2574 892; x_wconf 77' lang='lat'>⁸</span> <span class='ocrx_word' id='word_1_307' title='bbox 2602 866 2754 918; x_wconf 70' lang='lat' dir='ltr'>Quen</span> 
     </span>
     <span class='ocr_line' id='line_1_58' title="bbox 1676 940 2752 999; baseline 0.002 -10"><span class='ocrx_word' id='word_1_308' title='bbox 1676 954 1803 989; x_wconf 79' lang='lat' dir='ltr'>vero</span> <span class='ocrx_word' id='word_1_309' title='bbox 1826 951 1917 989; x_wconf 84' lang='lat' dir='ltr'>sut</span> <span class='ocrx_word' id='word_1_310' title='bbox 1933 956 1998 990; x_wconf 82' lang='lat' dir='ltr'>ex</span> <span class='ocrx_word' id='word_1_311' title='bbox 2012 940 2313 991; x_wconf 81' lang='lat' dir='ltr'>domesticis</span> <span class='ocrx_word' id='word_1_312' title='bbox 2334 941 2752 999; x_wconf 79' lang='lat' dir='ltr'>convictoribus,</span> 
     </span>
     <span class='ocr_line' id='line_1_59' title="bbox 1677 1017 2754 1082; baseline 0.001 -16"><span class='ocrx_word' id='word_1_313' title='bbox 1677 1024 1765 1067; x_wconf 78' lang='lat' dir='ltr'>sut</span> <span class='ocrx_word' id='word_1_314' title='bbox 1787 1031 1853 1065; x_wconf 86' lang='lat' dir='ltr'>ex</span> <span class='ocrx_word' id='word_1_315' title='bbox 1880 1018 2187 1066; x_wconf 84' lang='lat' dir='ltr'>necessariis</span> <span class='ocrx_word' id='word_1_316' title='bbox 2211 1017 2616 1081; x_wconf 71' lang='lat' dir='ltr'>apparitoribus,</span> <span class='ocrx_word' id='word_1_317' title='bbox 2643 1018 2754 1082; x_wconf 80' lang='lat' dir='ltr'>(in-</span> 
     </span>
     <span class='ocr_line' id='line_1_60' title="bbox 1678 1094 2754 1156; baseline 0.001 -13"><span class='ocrx_word' id='word_1_318' title='bbox 1678 1094 1830 1143; x_wconf 88' lang='lat' dir='ltr'>terim</span> <span class='ocrx_word' id='word_1_319' title='bbox 1855 1094 1991 1142; x_wconf 89' lang='lat' dir='ltr'>enim</span> <span class='ocrx_word' id='word_1_320' title='bbox 2016 1109 2204 1156; x_wconf 88' lang='lat' dir='ltr'>sequor</span> <span class='ocrx_word' id='word_1_321' title='bbox 2230 1094 2500 1143; x_wconf 76' lang='lat' dir='ltr'>tectionem</span> <span class='ocrx_word' id='word_1_322' title='bbox 2543 1094 2754 1144; x_wconf 80' lang='lat' dir='ltr'>Lambi-</span> 
     </span>
     <span class='ocr_line' id='line_1_61' title="bbox 1676 1169 2751 1234; baseline 0.003 -17"><span class='ocrx_word' id='word_1_323' title='bbox 1676 1169 1777 1233; x_wconf 89' lang='lat' dir='ltr'>ni‚)</span> <span class='ocrx_word' id='word_1_324' title='bbox 1806 1178 1976 1218; x_wconf 77' lang='lat' dir='ltr'>tecum</span> <span class='ocrx_word' id='word_1_325' title='bbox 2002 1185 2119 1219; x_wconf 84' lang='lat' dir='ltr'>esse</span> <span class='ocrx_word' id='word_1_326' title='bbox 2145 1170 2370 1226; x_wconf 79' lang='lat' dir='ltr'>voluisti,</span> <span class='ocrx_word' id='word_1_327' title='bbox 2389 1169 2476 1232; x_wconf 88' lang='lat' dir='ltr'>qui</span> <span class='ocrx_word' id='word_1_328' title='bbox 2495 1171 2649 1234; x_wconf 84' lang='lat' dir='ltr'>qnasi</span> <span class='ocrx_word' id='word_1_329' title='bbox 2677 1185 2751 1220; x_wconf 79' lang='lat' dir='ltr'>ex</span> 
     </span>
     <span class='ocr_line' id='line_1_62' title="bbox 1674 1248 2751 1311; baseline 0.003 -16"><span class='ocrx_word' id='word_1_330' title='bbox 1674 1249 1892 1296; x_wconf 83' lang='lat' dir='ltr'>cohorte</span> <span class='ocrx_word' id='word_1_331' title='bbox 1947 1248 2184 1311; x_wconf 68' lang='lat' dir='ltr'>pretoris</span> <span class='ocrx_word' id='word_1_332' title='bbox 2237 1248 2491 1311; x_wconf 72' lang='lat' dir='ltr'>appellari</span> <span class='ocrx_word' id='word_1_333' title='bbox 2542 1249 2751 1308; x_wconf 75' lang='lat' dir='ltr'>soient3</span> 
     </span>
     <span class='ocr_line' id='line_1_63' title="bbox 1674 1323 2747 1388; baseline 0.003 -17"><span class='ocrx_word' id='word_1_334' title='bbox 1674 1323 1854 1373; x_wconf 84' lang='lat' dir='ltr'>horum</span> <span class='ocrx_word' id='word_1_335' title='bbox 1900 1338 2001 1374; x_wconf 87' lang='lat' dir='ltr'>non</span> <span class='ocrx_word' id='word_1_336' title='bbox 2044 1325 2201 1374; x_wconf 86' lang='lat' dir='ltr'>modo</span> <span class='ocrx_word' id='word_1_337' title='bbox 2241 1323 2402 1388; x_wconf 78' lang='lat' dir='ltr'>facts,</span> <span class='ocrx_word' id='word_1_338' title='bbox 2445 1323 2538 1372; x_wconf 84' lang='lat' dir='ltr'>sed</span> <span class='ocrx_word' id='word_1_339' title='bbox 2582 1324 2747 1374; x_wconf 77' lang='lat' dir='ltr'>etiarn</span> 
     </span>
     <span class='ocr_line' id='line_1_64' title="bbox 1675 1399 2753 1466; baseline 0.003 -18"><span class='ocrx_word' id='word_1_340' title='bbox 1675 1399 1818 1450; x_wconf 77' lang='lat' dir='ltr'>dicte</span> <span class='ocrx_word' id='word_1_341' title='bbox 1842 1403 2032 1463; x_wconf 87' lang='lat' dir='ltr'>omnia,</span> <span class='ocrx_word' id='word_1_342' title='bbox 2068 1400 2373 1466; x_wconf 65' lang='lat' dir='ltr'>prestando</span> <span class='ocrx_word' id='word_1_343' title='bbox 2405 1400 2557 1449; x_wconf 87' lang='lat' dir='ltr'>nobis</span> <span class='ocrx_word' id='word_1_344' title='bbox 2591 1399 2753 1451; x_wconf 68' lang='lat' dir='ltr'>sunt:</span> 
     </span>
     <span class='ocr_line' id='line_1_65' title="bbox 1674 1475 2750 1540; baseline -0.002 -13"><span class='ocrx_word' id='word_1_345' title='bbox 1674 1477 1740 1527; x_wconf 81' lang='lat' dir='ltr'>Q,</span> <span class='ocrx_word' id='word_1_346' title='bbox 1761 1478 1901 1525; x_wconf 84' lang='lat' dir='ltr'>Frst.</span> <span class='ocrx_word' id='word_1_347' title='bbox 1922 1491 2011 1526; x_wconf 80' lang='grc' dir='ltr'>ιιι.</span> <span class='ocrx_word' id='word_1_348' title='bbox 2034 1482 2084 1526; x_wconf 87' lang='grc'>8.</span> <span class='ocrx_word' id='word_1_349' title='bbox 2118 1485 2135 1506; x_wconf 86' lang='grc'>·</span> <span class='ocrx_word' id='word_1_350' title='bbox 2160 1478 2278 1540; x_wconf 79' lang='lat' dir='ltr'>Ego</span> <span class='ocrx_word' id='word_1_351' title='bbox 2312 1476 2593 1526; x_wconf 74' lang='lat' dir='ltr'>Messalam</span> <span class='ocrx_word' id='word_1_352' title='bbox 2630 1475 2750 1525; x_wconf 69' lang='lat' dir='ltr'>C·-</span> 
     </span>
     <span class='ocr_line' id='line_1_66' title="bbox 1672 1552 2750 1617; baseline 0.002 -16"><span class='ocrx_word' id='word_1_353' title='bbox 1672 1553 1774 1601; x_wconf 79' lang='lat' dir='ltr'>sari</span> <span class='ocrx_word' id='word_1_354' title='bbox 1804 1552 2101 1617; x_wconf 80' lang='lat' dir='ltr'>praestsbo.’</span> <span class='ocrx_word' id='word_1_355' title='bbox 2168 1554 2318 1602; x_wconf 83' lang='lat' dir='ltr'>Verr.</span> <span class='ocrx_word' id='word_1_356' title='bbox 2344 1566 2408 1601; x_wconf 81' lang='grc' dir='ltr'>ιι.</span> <span class='ocrx_word' id='word_1_357' title='bbox 2433 1555 2520 1603; x_wconf 83' lang='lat'>1⁰.</span> <span class='ocrx_word' id='word_1_358' title='bbox 2552 1553 2567 1580; x_wconf 87' lang='lat'>‘</span> <span class='ocrx_word' id='word_1_359' title='bbox 2591 1552 2648 1602; x_wconf 85' lang='lat' dir='ltr'>Si</span> <span class='ocrx_word' id='word_1_360' title='bbox 2670 1554 2750 1603; x_wconf 78' lang='lat' dir='ltr'>in·</span> 
     </span>
     <span class='ocr_line' id='line_1_67' title="bbox 1676 1628 2748 1690; baseline 0 -13"><span class='ocrx_word' id='word_1_361' title='bbox 1676 1636 1923 1678; x_wconf 85' lang='lat' dir='ltr'>nocentes</span> <span class='ocrx_word' id='word_1_362' title='bbox 1945 1628 2244 1678; x_wconf 56' lang='lat' dir='ltr'>existimari·</span> <span class='ocrx_word' id='word_1_363' title='bbox 2261 1629 2516 1690; x_wconf 78' lang='lat' dir='ltr'>volumus,</span> <span class='ocrx_word' id='word_1_364' title='bbox 2540 1642 2644 1678; x_wconf 88' lang='lat' dir='ltr'>non</span> <span class='ocrx_word' id='word_1_365' title='bbox 2663 1643 2748 1677; x_wconf 81' lang='lat' dir='ltr'>so-</span> 
     </span>
     <span class='ocr_line' id='line_1_68' title="bbox 1672 1703 2748 1765; baseline 0.004 -14"><span class='ocrx_word' id='word_1_366' title='bbox 1672 1703 1778 1752; x_wconf 86' lang='lat' dir='ltr'>lum</span> <span class='ocrx_word' id='word_1_367' title='bbox 1808 1719 1901 1753; x_wconf 91' lang='lat' dir='ltr'>nos</span> <span class='ocrx_word' id='word_1_368' title='bbox 1936 1704 2285 1765; x_wconf 78' lang='lat' dir='ltr'>abstinentes,</span> <span class='ocrx_word' id='word_1_369' title='bbox 2305 1704 2396 1753; x_wconf 85' lang='lat' dir='ltr'>sed</span> <span class='ocrx_word' id='word_1_370' title='bbox 2432 1706 2593 1754; x_wconf 85' lang='lat' dir='ltr'>etism</span> <span class='ocrx_word' id='word_1_371' title='bbox 2629 1719 2748 1755; x_wconf 78' lang='lat' dir='ltr'>nos-</span> 
     </span>
     <span class='ocr_line' id='line_1_69' title="bbox 1675 1781 2745 1844; baseline 0.003 -16"><span class='ocrx_word' id='word_1_372' title='bbox 1675 1786 1783 1829; x_wconf 88' lang='lat' dir='ltr'>tros</span> <span class='ocrx_word' id='word_1_373' title='bbox 1807 1781 2043 1842; x_wconf 87' lang='lat' dir='ltr'>comites,</span> <span class='ocrx_word' id='word_1_374' title='bbox 2067 1789 2338 1844; x_wconf 66' lang='lat' dir='ltr'>prestare,</span> <span class='ocrx_word' id='word_1_375' title='bbox 2359 1782 2635 1831; x_wconf 79' lang='lat' dir='ltr'>debemus.</span> <span class='ocrx_word' id='word_1_376' title='bbox 2655 1812 2673 1830; x_wconf 84' lang='lat'><strong>.</strong></span> <span class='ocrx_word' id='word_1_377' title='bbox 2693 1813 2710 1830; x_wconf 85' lang='lat'><strong>.</strong></span> <span class='ocrx_word' id='word_1_378' title='bbox 2727 1815 2745 1831; x_wconf 88' lang='lat'><strong>.</strong></span> 
     </span>
     <span class='ocr_line' id='line_1_70' title="bbox 1675 1857 2744 1919; baseline 0.003 -15"><span class='ocrx_word' id='word_1_379' title='bbox 1675 1857 1896 1919; x_wconf 89' lang='lat' dir='ltr'>Semper</span> <span class='ocrx_word' id='word_1_380' title='bbox 1916 1858 1990 1907; x_wconf 85' lang='lat' dir='ltr'>its</span> <span class='ocrx_word' id='word_1_381' title='bbox 2008 1858 2257 1916; x_wconf 78' lang='lat' dir='ltr'>vivamus,</span> <span class='ocrx_word' id='word_1_382' title='bbox 2273 1865 2330 1907; x_wconf 86' lang='lat' dir='ltr'>nt</span> <span class='ocrx_word' id='word_1_383' title='bbox 2349 1858 2604 1906; x_wconf 80' lang='lat' dir='ltr'>rstionem</span> <span class='ocrx_word' id='word_1_384' title='bbox 2625 1858 2744 1907; x_wconf 85' lang='lat' dir='ltr'>red·</span> 
     </span>
     <span class='ocr_line' id='line_1_71' title="bbox 1672 1933 2746 1985; baseline 0.004 -4"><span class='ocrx_word' id='word_1_385' title='bbox 1672 1933 1894 1983; x_wconf 81' lang='lat' dir='ltr'>dendsm</span> <span class='ocrx_word' id='word_1_386' title='bbox 1937 1935 2087 1984; x_wconf 86' lang='lat' dir='ltr'>nobis</span> <span class='ocrx_word' id='word_1_387' title='bbox 2125 1933 2478 1984; x_wconf 56' lang='lat' dir='ltr'>arbitremur)</span> <span class='ocrx_word' id='word_1_388' title='bbox 2544 1934 2653 1984; x_wconf 82' lang='lat' dir='ltr'>Sed</span> <span class='ocrx_word' id='word_1_389' title='bbox 2687 1944 2746 1985; x_wconf 80' lang='lat' dir='ltr'>et</span> 
     </span>
     <span class='ocr_line' id='line_1_72' title="bbox 1672 2010 2747 2075; baseline 0.003 -17"><span class='ocrx_word' id='word_1_390' title='bbox 1672 2010 1781 2058; x_wconf 91' lang='lat' dir='ltr'>sine</span> <span class='ocrx_word' id='word_1_391' title='bbox 1818 2010 2029 2059; x_wconf 84' lang='lat' dir='ltr'>notione</span> <span class='ocrx_word' id='word_1_392' title='bbox 2062 2012 2377 2075; x_wconf 86' lang='lat' dir='ltr'>sponsionis,</span> <span class='ocrx_word' id='word_1_393' title='bbox 2402 2016 2643 2075; x_wconf 68' lang='lat' dir='ltr'>presta-e</span> <span class='ocrx_word' id='word_1_394' title='bbox 2672 2027 2747 2072; x_wconf 74' lang='lat' dir='ltr'>se,</span> 
     </span>
     <span class='ocr_line' id='line_1_73' title="bbox 1672 2086 2744 2151; baseline 0.003 -17"><span class='ocrx_word' id='word_1_395' title='bbox 1672 2088 1953 2151; x_wconf 76' lang='lat' dir='ltr'>aliqnando</span> <span class='ocrx_word' id='word_1_396' title='bbox 1982 2086 2118 2136; x_wconf 90' lang='lat' dir='ltr'>idem</span> <span class='ocrx_word' id='word_1_397' title='bbox 2145 2095 2244 2148; x_wconf 85' lang='lat' dir='ltr'>est,</span> <span class='ocrx_word' id='word_1_398' title='bbox 2266 2102 2327 2136; x_wconf 89' lang='lat' dir='ltr'>ac</span> <span class='ocrx_word' id='word_1_399' title='bbox 2350 2102 2410 2137; x_wconf 82' lang='lat' dir='ltr'>se</span> <span class='ocrx_word' id='word_1_400' title='bbox 2429 2102 2486 2135; x_wconf 83' lang='lat' dir='ltr'>re</span> <span class='ocrx_word' id='word_1_401' title='bbox 2510 2088 2626 2150; x_wconf 82' lang='lat' dir='ltr'>ipsa</span> <span class='ocrx_word' id='word_1_402' title='bbox 2650 2100 2744 2137; x_wconf 79' lang='lat' dir='ltr'>ex·</span> 
     </span>
     <span class='ocr_line' id='line_1_74' title="bbox 1670 2161 2743 2227; baseline 0.005 -18"><span class='ocrx_word' id='word_1_403' title='bbox 1670 2161 1851 2211; x_wconf 86' lang='lat' dir='ltr'>hibere</span> <span class='ocrx_word' id='word_1_404' title='bbox 1887 2169 1943 2210; x_wconf 88' lang='lat' dir='ltr'>et</span> <span class='ocrx_word' id='word_1_405' title='bbox 1975 2164 2163 2211; x_wconf 87' lang='lat' dir='ltr'>sistere</span> <span class='ocrx_word' id='word_1_406' title='bbox 2200 2163 2382 2222; x_wconf 75' lang='lat' dir='ltr'>talem,</span> <span class='ocrx_word' id='word_1_407' title='bbox 2414 2163 2588 2227; x_wconf 82' lang='lat' dir='ltr'>qualis</span> <span class='ocrx_word' id='word_1_408' title='bbox 2622 2177 2743 2214; x_wconf 64' lang='lat' dir='ltr'>ene</span> 
     </span>
     <span class='ocr_line' id='line_1_75' title="bbox 1671 2237 2742 2302; baseline 0.004 -17"><span class='ocrx_word' id='word_1_409' title='bbox 1671 2238 1955 2301; x_wconf 81' lang='lat' dir='ltr'>haberique</span> <span class='ocrx_word' id='word_1_410' title='bbox 2003 2239 2131 2287; x_wconf 79' lang='lat' dir='ltr'>velit</span> <span class='ocrx_word' id='word_1_411' title='bbox 2181 2246 2272 2288; x_wconf 81' lang='lat' dir='ltr'>sut</span> <span class='ocrx_word' id='word_1_412' title='bbox 2312 2237 2536 2298; x_wconf 61' lang='lat' dir='ltr'>debean</span> <span class='ocrx_word' id='word_1_413' title='bbox 2593 2254 2648 2288; x_wconf 79' lang='lat' dir='ltr'>v.</span> <span class='ocrx_word' id='word_1_414' title='bbox 2691 2254 2742 2302; x_wconf 68' lang='lat' dir='ltr'>g.</span> 
     </span>
     <span class='ocr_line' id='line_1_76' title="bbox 1674 2313 2746 2365; baseline 0.002 -2"><span class='ocrx_word' id='word_1_415' title='bbox 1674 2313 1834 2363; x_wconf 83' lang='lat' dir='ltr'>Ovid.</span> <span class='ocrx_word' id='word_1_416' title='bbox 1854 2314 2018 2363; x_wconf 82' lang='lat' dir='ltr'>Trist.</span> <span class='ocrx_word' id='word_1_417' title='bbox 2040 2327 2103 2363; x_wconf 84' lang='grc' dir='ltr'>ιι.</span> <span class='ocrx_word' id='word_1_418' title='bbox 2127 2317 2238 2363; x_wconf 78' lang='grc'><strong>169.</strong></span> <span class='ocrx_word' id='word_1_419' title='bbox 2258 2321 2274 2343; x_wconf 79' lang='lat'><em>‘</em></span> <span class='ocrx_word' id='word_1_420' title='bbox 2297 2314 2626 2365; x_wconf 75' lang='lat' dir='ltr'>sicsdsuets</span> <span class='ocrx_word' id='word_1_421' title='bbox 2641 2315 2746 2365; x_wconf 74' lang='lat' dir='ltr'>teis</span> 
     </span>
     <span class='ocr_line' id='line_1_77' title="bbox 1672 2390 2745 2456; baseline 0.004 -18"><span class='ocrx_word' id='word_1_422' title='bbox 1672 2404 1878 2454; x_wconf 87' lang='lat' dir='ltr'>semper</span> <span class='ocrx_word' id='word_1_423' title='bbox 1901 2390 2137 2439; x_wconf 86' lang='lat' dir='ltr'>Victoria</span> <span class='ocrx_word' id='word_1_424' title='bbox 2158 2390 2361 2440; x_wconf 75' lang='lat' dir='ltr'>cestris.</span> <span class='ocrx_word' id='word_1_425' title='bbox 2428 2391 2589 2440; x_wconf 76' lang='lat' dir='ltr'>Nunc</span> <span class='ocrx_word' id='word_1_426' title='bbox 2611 2406 2745 2456; x_wconf 75' lang='lat' dir='ltr'>qno·</span> 
     </span>
     <span class='ocr_line' id='line_1_78' title="bbox 1672 2467 2746 2531; baseline 0.002 -15"><span class='ocrx_word' id='word_1_427' title='bbox 1672 2482 1774 2531; x_wconf 88' lang='lat' dir='ltr'>que</span> <span class='ocrx_word' id='word_1_428' title='bbox 1798 2482 1856 2516; x_wconf 90' lang='lat' dir='ltr'>se</span> <span class='ocrx_word' id='word_1_429' title='bbox 1881 2475 2113 2530; x_wconf 65' lang='lat' dir='ltr'>prestet,</span> <span class='ocrx_word' id='word_1_430' title='bbox 2135 2475 2364 2531; x_wconf 82' lang='lat' dir='ltr'>notaque</span> <span class='ocrx_word' id='word_1_431' title='bbox 2385 2467 2536 2530; x_wconf 71' lang='lat' dir='ltr'>signe</span> <span class='ocrx_word' id='word_1_432' title='bbox 2561 2469 2746 2530; x_wconf 66' lang='lat' dir='ltr'>petat!</span> 
     </span>
     <span class='ocr_line' id='line_1_79' title="bbox 1672 2542 2742 2607; baseline 0.002 -15"><span class='ocrx_word' id='word_1_433' title='bbox 1672 2542 1829 2606; x_wconf 81' lang='lat' dir='ltr'>Apul.</span> <span class='ocrx_word' id='word_1_434' title='bbox 1859 2544 1993 2592; x_wconf 84' lang='lat' dir='ltr'>Met.</span> <span class='ocrx_word' id='word_1_435' title='bbox 2018 2557 2094 2593; x_wconf 81' lang='lat' dir='ltr'>vr.</span> <span class='ocrx_word' id='word_1_436' title='bbox 2119 2558 2239 2607; x_wconf 73' lang='lat' dir='ltr'>pag.</span> <span class='ocrx_word' id='word_1_437' title='bbox 2260 2547 2377 2592; x_wconf 76' lang='lat'>657.</span> <span class='ocrx_word' id='word_1_438' title='bbox 2411 2545 2428 2570; x_wconf 87' lang='lat'>‘</span> <span class='ocrx_word' id='word_1_439' title='bbox 2449 2544 2596 2594; x_wconf 77' lang='lat' dir='ltr'>Jnno</span> <span class='ocrx_word' id='word_1_440' title='bbox 2618 2558 2742 2605; x_wconf 77' lang='lat' dir='ltr'>pro-</span> 
     </span>
     <span class='ocr_line' id='line_1_80' title="bbox 1670 2621 2740 2683; baseline 0.001 -14"><span class='ocrx_word' id='word_1_441' title='bbox 1670 2621 1841 2670; x_wconf 74' lang='lat' dir='ltr'>tinusz</span> <span class='ocrx_word' id='word_1_442' title='bbox 1887 2621 2055 2671; x_wconf 76' lang='lat' dir='ltr'>Quam</span> <span class='ocrx_word' id='word_1_443' title='bbox 2087 2621 2293 2675; x_wconf 74' lang='lat' dir='ltr'>veliem,</span> <span class='ocrx_word' id='word_1_444' title='bbox 2328 2621 2520 2683; x_wconf 86' lang='lat' dir='ltr'>inquit,</span> <span class='ocrx_word' id='word_1_445' title='bbox 2552 2629 2740 2670; x_wconf 79' lang='lat' dir='ltr'>nutum</span> 
     </span>
     <span class='ocr_line' id='line_1_81' title="bbox 1670 2694 2738 2758; baseline 0.001 -15"><span class='ocrx_word' id='word_1_446' title='bbox 1670 2709 1841 2744; x_wconf 83' lang='lat' dir='ltr'>meum</span> <span class='ocrx_word' id='word_1_447' title='bbox 1882 2695 2125 2758; x_wconf 86' lang='lat' dir='ltr'>precibus</span> <span class='ocrx_word' id='word_1_448' title='bbox 2164 2696 2265 2744; x_wconf 87' lang='lat' dir='ltr'>tuis</span> <span class='ocrx_word' id='word_1_449' title='bbox 2305 2694 2738 2745; x_wconf 82' lang='lat' dir='ltr'>accommodare!</span> 
     </span>
     <span class='ocr_line' id='line_1_82' title="bbox 1671 2771 2740 2834; baseline 0 -13"><span class='ocrx_word' id='word_1_450' title='bbox 1671 2772 1761 2821; x_wconf 88' lang='lat' dir='ltr'>sed</span> <span class='ocrx_word' id='word_1_451' title='bbox 1787 2780 1972 2822; x_wconf 69' lang='lat' dir='ltr'>contra</span> <span class='ocrx_word' id='word_1_452' title='bbox 2005 2773 2326 2821; x_wconf 84' lang='lat' dir='ltr'>voluntatem</span> <span class='ocrx_word' id='word_1_453' title='bbox 2354 2771 2574 2820; x_wconf 85' lang='lat' dir='ltr'>Veneris</span> <span class='ocrx_word' id='word_1_454' title='bbox 2600 2786 2740 2834; x_wconf 70' lang='lat' dir='ltr'>prn-</span> 
     </span>
     <span class='ocr_line' id='line_1_83' title="bbox 1669 2845 2742 2910; baseline 0.002 -14"><span class='ocrx_word' id='word_1_455' title='bbox 1669 2855 1812 2897; x_wconf 78' lang='lat' dir='ltr'>stsre</span> <span class='ocrx_word' id='word_1_456' title='bbox 1834 2862 1916 2896; x_wconf 88' lang='lat' dir='ltr'>me</span> <span class='ocrx_word' id='word_1_457' title='bbox 1941 2848 2110 2910; x_wconf 88' lang='lat' dir='ltr'>pudor</span> <span class='ocrx_word' id='word_1_458' title='bbox 2130 2861 2234 2896; x_wconf 91' lang='lat' dir='ltr'>non</span> <span class='ocrx_word' id='word_1_459' title='bbox 2265 2845 2428 2898; x_wconf 88' lang='lat' dir='ltr'>sinit.&#39;</span> <span class='ocrx_word' id='word_1_460' title='bbox 2496 2846 2584 2895; x_wconf 79' lang='lat' dir='ltr'>ef.</span> <span class='ocrx_word' id='word_1_461' title='bbox 2604 2848 2742 2898; x_wconf 80' lang='lat' dir='ltr'>Bnr·</span> 
     </span>
     <span class='ocr_line' id='line_1_84' title="bbox 1669 2923 2741 2987; baseline 0.002 -15"><span class='ocrx_word' id='word_1_462' title='bbox 1669 2934 1843 2972; x_wconf 80' lang='lat' dir='ltr'>mann.</span> <span class='ocrx_word' id='word_1_463' title='bbox 1869 2923 1933 2971; x_wconf 76' lang='lat' dir='ltr'>ad</span> <span class='ocrx_word' id='word_1_464' title='bbox 1949 2923 2204 2974; x_wconf 81' lang='lat' dir='ltr'>Quinctii.</span> <span class='ocrx_word' id='word_1_465' title='bbox 2221 2924 2458 2973; x_wconf 80' lang='lat' dir='ltr'>Deciam.</span> <span class='ocrx_word' id='word_1_466' title='bbox 2475 2926 2596 2972; x_wconf 71' lang='lat'>838.</span> <span class='ocrx_word' id='word_1_467' title='bbox 2617 2938 2741 2987; x_wconf 68' lang='lat' dir='ltr'>peg-</span> 
     </span>
     <span class='ocr_line' id='line_1_85' title="bbox 1666 2997 2740 3062; baseline 0.003 -16"><span class='ocrx_word' id='word_1_468' title='bbox 1666 3001 1781 3048; x_wconf 75' lang='grc'><strong>704.</strong></span> <span class='ocrx_word' id='word_1_469' title='bbox 1846 2997 2027 3062; x_wconf 83' lang='lat' dir='ltr'>Atque</span> <span class='ocrx_word' id='word_1_470' title='bbox 2073 2998 2197 3048; x_wconf 76' lang='lat' dir='ltr'>talis</span> <span class='ocrx_word' id='word_1_471' title='bbox 2242 2997 2395 3048; x_wconf 85' lang='lat' dir='ltr'>facile</span> <span class='ocrx_word' id='word_1_472' title='bbox 2450 2999 2517 3048; x_wconf 80' lang='lat' dir='ltr'>ad</span> <span class='ocrx_word' id='word_1_473' title='bbox 2562 3000 2740 3049; x_wconf 73' lang='lat' dir='ltr'>locun</span> 
     </span>
     <span class='ocr_line' id='line_1_86' title="bbox 1668 3076 2740 3140; baseline 0.004 -17"><span class='ocrx_word' id='word_1_474' title='bbox 1668 3085 1981 3138; x_wconf 79' lang='lat' dir='ltr'>praesentem</span> <span class='ocrx_word' id='word_1_475' title='bbox 2022 3077 2277 3140; x_wconf 75' lang='lat' dir='ltr'>applicari</span> <span class='ocrx_word' id='word_1_476' title='bbox 2322 3084 2560 3140; x_wconf 85' lang='lat' dir='ltr'>possunt.</span> <span class='ocrx_word' id='word_1_477' title='bbox 2627 3076 2740 3127; x_wconf 76' lang='lat' dir='ltr'>Cur</span> 
     </span>
     <span class='ocr_line' id='line_1_87' title="bbox 1667 3148 2739 3214; baseline 0.004 -17"><span class='ocrx_word' id='word_1_478' title='bbox 1667 3157 1837 3199; x_wconf 72' lang='lat' dir='ltr'>auteur</span> <span class='ocrx_word' id='word_1_479' title='bbox 1863 3148 2123 3200; x_wconf 78' lang='lat' dir='ltr'>difficilius</span> <span class='ocrx_word' id='word_1_480' title='bbox 2147 3152 2235 3207; x_wconf 89' lang='lat' dir='ltr'>sit,</span> <span class='ocrx_word' id='word_1_481' title='bbox 2255 3155 2489 3214; x_wconf 74' lang='lat' dir='ltr'>prostare</span> <span class='ocrx_word' id='word_1_482' title='bbox 2508 3150 2632 3201; x_wconf 68' lang='lat' dir='ltr'>acia</span> <span class='ocrx_word' id='word_1_483' title='bbox 2657 3159 2739 3201; x_wconf 66' lang='lat' dir='ltr'>t·-</span> 
     </span>
     <span class='ocr_line' id='line_1_88' title="bbox 1666 3227 2739 3293; baseline 0.002 -16"><span class='ocrx_word' id='word_1_484' title='bbox 1666 3229 1761 3288; x_wconf 86' lang='lat' dir='ltr'>les,</span> <span class='ocrx_word' id='word_1_485' title='bbox 1782 3230 1958 3293; x_wconf 88' lang='lat' dir='ltr'>quales</span> <span class='ocrx_word' id='word_1_486' title='bbox 1976 3244 2091 3279; x_wconf 82' lang='lat' dir='ltr'>esse</span> <span class='ocrx_word' id='word_1_487' title='bbox 2114 3227 2329 3289; x_wconf 86' lang='lat' dir='ltr'>debent,</span> <span class='ocrx_word' id='word_1_488' title='bbox 2349 3244 2491 3293; x_wconf 65' lang='lat' dir='ltr'>qaam</span> <span class='ocrx_word' id='word_1_489' title='bbox 2508 3243 2578 3285; x_wconf 84' lang='lat' dir='ltr'>se,</span> <span class='ocrx_word' id='word_1_490' title='bbox 2592 3228 2739 3279; x_wconf 74' lang='lat' dir='ltr'>hand</span> 
     </span>
     <span class='ocr_line' id='line_1_89' title="bbox 1666 3306 2738 3370; baseline 0.002 -16"><span class='ocrx_word' id='word_1_491' title='bbox 1666 3320 1806 3366; x_wconf 79' lang='lat' dir='ltr'>aegre</span> <span class='ocrx_word' id='word_1_492' title='bbox 1830 3306 2140 3369; x_wconf 78' lang='lat' dir='ltr'>intelligitur</span> <span class='ocrx_word' id='word_1_493' title='bbox 2159 3320 2174 3366; x_wconf 69' lang='grc' dir='ltr'>ς</span> <span class='ocrx_word' id='word_1_494' title='bbox 2209 3306 2332 3370; x_wconf 86' lang='lat' dir='ltr'>qnia</span> <span class='ocrx_word' id='word_1_495' title='bbox 2353 3319 2546 3368; x_wconf 84' lang='lat' dir='ltr'>nempe</span> <span class='ocrx_word' id='word_1_496' title='bbox 2568 3306 2738 3370; x_wconf 67' lang='lat' dir='ltr'>megia</span> 
     </span>
     <span class='ocr_line' id='line_1_90' title="bbox 1664 3382 2736 3447; baseline 0.002 -16"><span class='ocrx_word' id='word_1_497' title='bbox 1664 3391 1917 3446; x_wconf 86' lang='lat' dir='ltr'>nostrum,</span> <span class='ocrx_word' id='word_1_498' title='bbox 1955 3397 2110 3447; x_wconf 78' lang='lat' dir='ltr'>quem</span> <span class='ocrx_word' id='word_1_499' title='bbox 2141 3383 2377 3439; x_wconf 79' lang='lat' dir='ltr'>aliorum,</span> <span class='ocrx_word' id='word_1_500' title='bbox 2405 3382 2632 3432; x_wconf 83' lang='lat' dir='ltr'>animum</span> <span class='ocrx_word' id='word_1_501' title='bbox 2676 3385 2736 3433; x_wconf 77' lang='lat' dir='ltr'>iss</span> 
     </span>
     <span class='ocr_line' id='line_1_91' title="bbox 1666 3457 2736 3522; baseline 0.004 -18"><span class='ocrx_word' id='word_1_502' title='bbox 1666 3465 1930 3519; x_wconf 84' lang='lat' dir='ltr'>potestate</span> <span class='ocrx_word' id='word_1_503' title='bbox 1967 3458 2235 3517; x_wconf 79' lang='lat' dir='ltr'>habemns,</span> <span class='ocrx_word' id='word_1_504' title='bbox 2274 3466 2328 3508; x_wconf 89' lang='lat' dir='ltr'>et</span> <span class='ocrx_word' id='word_1_505' title='bbox 2365 3458 2488 3522; x_wconf 82' lang='lat' dir='ltr'>qnia</span> <span class='ocrx_word' id='word_1_506' title='bbox 2522 3457 2736 3509; x_wconf 71' lang='lat' dir='ltr'>facilins</span> 
     </span>
     <span class='ocr_line' id='line_1_92' title="bbox 1661 3531 2738 3598; baseline 0.002 -16"><span class='ocrx_word' id='word_1_507' title='bbox 1661 3531 1968 3583; x_wconf 75' lang='lat' dir='ltr'>satisfacere</span> <span class='ocrx_word' id='word_1_508' title='bbox 1993 3547 2263 3598; x_wconf 85' lang='lat' dir='ltr'>possumus</span> <span class='ocrx_word' id='word_1_509' title='bbox 2280 3534 2544 3597; x_wconf 85' lang='lat' dir='ltr'>sponsioni</span> <span class='ocrx_word' id='word_1_510' title='bbox 2562 3544 2620 3583; x_wconf 86' lang='lat' dir='ltr'>et</span> <span class='ocrx_word' id='word_1_511' title='bbox 2639 3534 2738 3584; x_wconf 72' lang='lat' dir='ltr'>ob·</span> 
     </span>
     <span class='ocr_line' id='line_1_93' title="bbox 1662 3610 2734 3674; baseline 0.003 -16"><span class='ocrx_word' id='word_1_512' title='bbox 1662 3610 1895 3673; x_wconf 75' lang='lat' dir='ltr'>ligationi</span> <span class='ocrx_word' id='word_1_513' title='bbox 1915 3624 2014 3674; x_wconf 91' lang='lat' dir='ltr'>pro</span> <span class='ocrx_word' id='word_1_514' title='bbox 2042 3610 2286 3673; x_wconf 69' lang='lat' dir='ltr'>pecnnia,</span> <span class='ocrx_word' id='word_1_515' title='bbox 2317 3623 2469 3671; x_wconf 87' lang='lat' dir='ltr'>qnam</span> <span class='ocrx_word' id='word_1_516' title='bbox 2493 3610 2734 3671; x_wconf 74' lang='lat' dir='ltr'>sponsio-</span> 
     </span>
     <span class='ocr_line' id='line_1_94' title="bbox 1661 3686 2734 3749; baseline 0.002 -14"><span class='ocrx_word' id='word_1_517' title='bbox 1661 3687 1714 3735; x_wconf 89' lang='lat' dir='ltr'>ni</span> <span class='ocrx_word' id='word_1_518' title='bbox 1748 3701 1844 3749; x_wconf 90' lang='lat' dir='ltr'>pro</span> <span class='ocrx_word' id='word_1_519' title='bbox 1874 3686 2090 3735; x_wconf 78' lang='lat' dir='ltr'>alterins</span> <span class='ocrx_word' id='word_1_520' title='bbox 2130 3686 2349 3735; x_wconf 87' lang='lat' dir='ltr'>bominis</span> <span class='ocrx_word' id='word_1_521' title='bbox 2383 3686 2577 3736; x_wconf 81' lang='lat' dir='ltr'>animo·</span> <span class='ocrx_word' id='word_1_522' title='bbox 2641 3687 2734 3737; x_wconf 83' lang='lat' dir='ltr'>Sic</span> 
     </span>
     <span class='ocr_line' id='line_1_95' title="bbox 1661 3760 2734 3812; baseline 0.003 -3"><span class='ocrx_word' id='word_1_523' title='bbox 1661 3769 1881 3810; x_wconf 74' lang='lat' dir='ltr'>excuset</span> <span class='ocrx_word' id='word_1_524' title='bbox 1902 3775 1958 3809; x_wconf 87' lang='lat' dir='ltr'>se</span> <span class='ocrx_word' id='word_1_525' title='bbox 1982 3760 2095 3810; x_wconf 87' lang='lat' dir='ltr'>Cic.</span> <span class='ocrx_word' id='word_1_526' title='bbox 2117 3760 2184 3810; x_wconf 82' lang='lat' dir='ltr'>ad</span> <span class='ocrx_word' id='word_1_527' title='bbox 2211 3761 2366 3811; x_wconf 88' lang='lat' dir='ltr'>Brut.</span> <span class='ocrx_word' id='word_1_528' title='bbox 2392 3764 2476 3809; x_wconf 84' lang='grc'>18.</span> <span class='ocrx_word' id='word_1_529' title='bbox 2495 3775 2594 3811; x_wconf 83' lang='lat' dir='ltr'>cnr</span> <span class='ocrx_word' id='word_1_530' title='bbox 2627 3776 2734 3812; x_wconf 72' lang='lat' dir='ltr'>ne·</span> 
     </span>
     <span class='ocr_line' id='line_1_96' title="bbox 1660 3837 2734 3900; baseline 0.003 -14"><span class='ocrx_word' id='word_1_531' title='bbox 1660 3837 1898 3887; x_wconf 72' lang='lat' dir='ltr'>videatur</span> <span class='ocrx_word' id='word_1_532' title='bbox 1934 3842 2190 3899; x_wconf 69' lang='lat' dir='ltr'>prostare,</span> <span class='ocrx_word' id='word_1_533' title='bbox 2237 3851 2356 3886; x_wconf 78' lang='lat' dir='ltr'>cum</span> <span class='ocrx_word' id='word_1_534' title='bbox 2402 3838 2734 3900; x_wconf 72' lang='lat' dir='ltr'>promisisset</span> 
     </span>
     <span class='ocr_line' id='line_1_97' title="bbox 1658 3912 2730 3977; baseline 0.004 -16"><span class='ocrx_word' id='word_1_535' title='bbox 1658 3912 2122 3977; x_wconf 82' lang='lat' dir='ltr'>spopondissetqne</span> <span class='ocrx_word' id='word_1_536' title='bbox 2136 3912 2458 3975; x_wconf 67' lang='lat' dir='ltr'>reipublicoe,</span> <span class='ocrx_word' id='word_1_537' title='bbox 2476 3913 2730 3965; x_wconf 66' lang='lat' dir='ltr'>Oet-via·</span> 
     </span>
     <span class='ocr_line' id='line_1_98' title="bbox 1660 3988 2730 4054; baseline 0.003 -17"><span class='ocrx_word' id='word_1_538' title='bbox 1660 4002 1781 4037; x_wconf 88' lang='lat' dir='ltr'>num</span> <span class='ocrx_word' id='word_1_539' title='bbox 1806 3988 2067 4038; x_wconf 76' lang='lat' dir='ltr'>Caesarem</span> <span class='ocrx_word' id='word_1_540' title='bbox 2103 3990 2259 4039; x_wconf 84' lang='lat' dir='ltr'>talem</span> <span class='ocrx_word' id='word_1_541' title='bbox 2284 4003 2498 4054; x_wconf 87' lang='lat' dir='ltr'>semper</span> <span class='ocrx_word' id='word_1_542' title='bbox 2518 3988 2636 4040; x_wconf 83' lang='lat' dir='ltr'>fore</span> <span class='ocrx_word' id='word_1_543' title='bbox 2654 3990 2730 4040; x_wconf 83' lang='lat' dir='ltr'>ci·</span> 
     </span>
     <span class='ocr_line' id='line_1_99' title="bbox 1659 4064 2732 4129; baseline 0.005 -17"><span class='ocrx_word' id='word_1_544' title='bbox 1659 4079 1795 4121; x_wconf 79' lang='lat' dir='ltr'>vem.</span> <span class='ocrx_word' id='word_1_545' title='bbox 1839 4064 2004 4129; x_wconf 76' lang='lat' dir='ltr'>quatis</span> <span class='ocrx_word' id='word_1_546' title='bbox 2041 4064 2197 4114; x_wconf 75' lang='lat' dir='ltr'>hodie</span> <span class='ocrx_word' id='word_1_547' title='bbox 2233 4071 2402 4116; x_wconf 84' lang='lat' dir='ltr'>esset:</span> <span class='ocrx_word' id='word_1_548' title='bbox 2450 4074 2467 4095; x_wconf 80' lang='lat'>⁸</span> <span class='ocrx_word' id='word_1_549' title='bbox 2501 4066 2732 4117; x_wconf 76' lang='lat' dir='ltr'>Gravior</span> 
     </span>
     <span class='ocr_line' id='line_1_100' title="bbox 1657 4138 2734 4205; baseline 0.005 -16"><span class='ocrx_word' id='word_1_550' title='bbox 1657 4139 1778 4197; x_wconf 88' lang='lat' dir='ltr'>est.’</span> <span class='ocrx_word' id='word_1_551' title='bbox 1816 4141 2004 4205; x_wconf 82' lang='lat' dir='ltr'>inquit,</span> <span class='ocrx_word' id='word_1_552' title='bbox 2042 4148 2055 4170; x_wconf 79' lang='lat'><em>⁶</em></span> <span class='ocrx_word' id='word_1_553' title='bbox 2082 4146 2138 4190; x_wconf 84' lang='lat' dir='ltr'>et</span> <span class='ocrx_word' id='word_1_554' title='bbox 2175 4138 2441 4191; x_wconf 82' lang='lat' dir='ltr'>difficilior</span> <span class='ocrx_word' id='word_1_555' title='bbox 2479 4143 2638 4193; x_wconf 77' lang='lat' dir='ltr'>animi</span> <span class='ocrx_word' id='word_1_556' title='bbox 2671 4148 2734 4193; x_wconf 72' lang='lat' dir='ltr'>et</span> 
     </span>
    </p>
   </div>
   <div class='ocr_carea' id='block_1_5' title="bbox 514 4208 2732 4280">
    <p class='ocr_par' dir='ltr' id='par_1_8' title="bbox 514 4208 2732 4280">
     <span class='ocr_line' id='line_1_101' title="bbox 514 4208 2732 4280; baseline 0.009 -32"><span class='ocrx_word' id='word_1_557' title='bbox 514 4212 695 4252; x_wconf 79' lang='lat' dir='ltr'>omnes</span> <span class='ocrx_word' id='word_1_558' title='bbox 734 4208 999 4259; x_wconf 86' lang='lat' dir='ltr'>ministros</span> <span class='ocrx_word' id='word_1_559' title='bbox 1028 4211 1231 4276; x_wconf 85' lang='lat' dir='ltr'>imperii</span> <span class='ocrx_word' id='word_1_560' title='bbox 1274 4214 1370 4278; x_wconf 85' lang='lat' dir='ltr'>tui,</span> <span class='ocrx_word' id='word_1_561' title='bbox 1410 4214 1586 4279; x_wconf 85' lang='lat' dir='ltr'>sociis,</span> <span class='ocrx_word' id='word_1_562' title='bbox 1653 4215 1950 4278; x_wconf 63' lang='lat' dir='ltr'>sententie,</span> <span class='ocrx_word' id='word_1_563' title='bbox 1972 4214 2210 4268; x_wconf 70' lang='lat' dir='ltr'>maximis</span> <span class='ocrx_word' id='word_1_564' title='bbox 2239 4217 2537 4280; x_wconf 66' lang='lat' dir='ltr'>presertim</span> <span class='ocrx_word' id='word_1_565' title='bbox 2569 4219 2624 4269; x_wconf 88' lang='lat' dir='ltr'>in</span> <span class='ocrx_word' id='word_1_566' title='bbox 2647 4232 2732 4268; x_wconf 80' lang='lat' dir='ltr'>re·</span> 
     </span>
    </p>
   </div>
  </div>
 </body>
</html>
