3060 4902
522 362 656 429 760

592 526 726 576 Hinc
747 527 886 591 auro]
925 527 1141 575 Sueton.
1164 527 1357 577 Domit.
1371 542 1493 591 cap.
1513 533 1591 578 13.

524 603 768 652 ‘Statuas
805 602 906 651 sibi
944 602 994 651 in
1040 604 1308 665 capitolio,
1346 619 1448 653 non
1492 605 1590 654 nisi

526 693 707 727 aureas
742 687 795 728 et
836 687 1130 741 argenteas,
1168 682 1288 742 poni
1331 682 1588 744 permisit,

524 770 720 817 easque
744 755 988 818 ponderis
1015 757 1148 804 certi
1167 755 1199 813 ;’
1235 764 1376 804 utne
1403 772 1587 819 parvas

521 833 751 890 scilicet,
776 839 879 881 tam
906 846 1091 895 magno
1117 834 1252 881 Deo.
1304 833 1588 898 Eutropius

522 906 679 957 idem.
715 908 853 971 Lips.

587 981 749 1045 Auro]
816 982 1170 1032 Domitianum
1235 985 1423 1047 innuit,
1480 986 1588 1048 qui,

522 1066 659 1110 teste
682 1062 896 1110 Sueton.
920 1075 1039 1122 cap.
1066 1066 1143 1110 13.
1180 1071 1378 1111 statuas
1409 1064 1507 1111 sibi
1535 1065 1585 1112 in

522 1138 770 1201 capitolio
794 1153 891 1187 non
916 1138 1010 1187 nisi
1033 1152 1214 1186 aureas
1240 1145 1292 1187 et
1315 1148 1585 1200 argenteas

523 1215 645 1277 poni
671 1215 919 1276 permisit,
937 1229 994 1262 ac
1018 1214 1259 1276 ponderis
1283 1216 1431 1264 certi.
1467 1216 1586 1263 Sta·

522 1291 622 1340 tius
658 1291 786 1339 silv.
817 1305 868 1339 v.
893 1295 937 1338 l.
965 1295 1075 1339 189.
1119 1297 1133 1318 ⁴
1164 1294 1247 1340 Da
1287 1294 1585 1355 capitolinis

524 1375 778 1416 aeternum
800 1366 1006 1416 sedibus
1024 1381 1223 1423 aurum,
1243 1369 1361 1419 Quo
1385 1370 1582 1418 niteant

520 1444 656 1493 sacri
710 1453 931 1492 centeno
976 1444 1207 1506 pondere
1253 1445 1422 1493 vultus
1468 1446 1584 1494 Cae-

522 1517 685 1568 saris!
716 1519 936 1567 Palm-ol.
1379 1579 1393 1595 ⁸

587 1595 766 1644 Incesti
816 1593 1071 1656 principis]
1130 1595 1439 1657 Domitiani,
1490 1597 1580 1661 qui

519 1672 710 1723 Juliam
734 1672 860 1726 Titi,
883 1670 1058 1719 fratris
1080 1672 1177 1730 sui,
1212 1669 1582 1721 filiam'corru·

518 1750 616 1809 pit.
682 1749 816 1796 Vide
854 1750 1072 1797 Sueton.
1102 1749 1299 1797 Domit.
1332 1764 1378 1797 c.
1408 1751 1491 1798 22.
1525 1758 1583 1800 et

517 1825 658 1874 Pliu.
684 1825 851 1886 Epist.
876 1837 951 1872 tv.
977 1828 1056 1872 lt.
1080 1829 1129 1873 6.
1163 1823 1178 1849 ‘
1203 1825 1471 1874 absentem
1505 1827 1580 1874 in-

518 1899 850 1962 auditamque
905 1898 1171 1948 damuavit
1218 1899 1420 1961 incesti,
1464 1917 1577 1951 curn

515 1977 631 2040 ipse
669 1975 1048 2039 [Domitianus]
1090 1974 1267 2023 fratris
1305 1975 1464 2025 filiam
1503 1979 1580 2025 in-

516 2060 661 2103 cesto
677 2067 779 2102 uon
801 2053 1068 2116 polluisset
1088 2053 1270 2115 solum,
1289 2068 1464 2101 verum
1484 2056 1580 2103 eti-

516 2144 596 2178 am
622 2127 934 2178 occidisset!
988 2130 1140 2178 Idem.

581 2206 760 2256 Incesti
791 2205 1044 2268 principis]
1074 2205 1236 2267 Julia,
1256 2204 1364 2253 Titi
1398 2204 1579 2255 fratris

516 2281 645 2343 fitia,
669 2298 988 2346 compressa.
1025 2284 1171 2332 Suet.
1192 2284 1394 2333 Domit.
1416 2300 1461 2333 c.
1481 2289 1563 2333 22.

513 2359 803 2421 Juvenalis,
835 2361 849 2385 ‘
871 2362 999 2407 Cum
1024 2369 1096 2408 tot
1126 2360 1373 2408 abortivis
1398 2359 1576 2410 fecun-

515 2434 633 2483 dam
650 2436 793 2486 Julia
820 2437 1019 2485 vulvam
1042 2436 1304 2498 Solveret,
1322 2447 1372 2485 et
1392 2447 1578 2500 patruo

428 2524 431 2529 ·
514 2513 707 2561 similes
731 2511 1027 2561 effunderet
1047 2513 1209 2562 offas?
1238 2514 1403 2563 Livia.

578 2589 834 2636 Permixta
874 2589 1083 2637 Deorum
1125 2590 1374 2638 simulacro
1415 2595 1574 2641 sorde·

509 2664 645 2725 rent]
682 2665 743 2712 ln
769 2665 948 2713 codice
971 2665 1265 2719 Parisiensi‚
1291 2674 1345 2715 et
1367 2668 1574 2718 Veneto

513 2746 559 2789 l.
597 2741 721 2789 item
760 2742 809 2789 iu
844 2740 1075 2789 editione
1115 2741 1253 2797 Auli,
1285 2743 1483 2799 Juntae‚
1510 2746 1573 2796 R.

509 2818 782 2879 Stephani,
802 2825 857 2866 ct
882 2817 1051 2874 Navii‚
1081 2818 1294 2879 legimus
1325 2822 1572 2881 permista.

510 2893 575 2942 In
602 2893 988 2955 orthographia
1017 2892 1423 2945 Scliurzfleiscliii
1458 2897 1572 2946 baec

512 2969 826 3019 traduntur:
869 2975 920 2997 ⁴⁸
944 2970 1173 3018 Mixtus’
1213 2985 1277 3019 ex
1314 2973 1477 3021 veteri
1517 2988 1570 3021 e·

508 3047 855 3110 mendataque
885 3047 1144 3108 scriptura
1169 3047 1217 3094 in
1238 3048 1390 3096 Tullii
1419 3049 1571 3098 Livii·

508 3139 611 3187 que
634 3123 898 3184 codicibus
918 3124 1125 3185 legitur.
1179 3125 1263 3173 Sic
1289 3126 1302 3151 ‘
1324 3127 1570 3175 commix-

508 3201 629 3256 tus,’
665 3203 680 3228 ‘
707 3201 1050 3264 permixtus3'
1099 3215 1355 3265 nunquam
1397 3212 1570 3253 ‘com-

505 3279 690 3326 mistus
713 3276 726 3296 '
762 3286 816 3327 et
850 3279 866 3306 ‘
890 3277 1201 3340 permistus,’
1235 3281 1484 3342 legamus.
1513 3317 1525 3332 .
1555 3317 1569 3332 .

503 3353 621 3402 Nec
662 3360 862 3402 tantum
901 3368 1019 3403 usus
1063 3356 1402 3418 posteriorum
1442 3367 1564 3408 tem·

503 3444 709 3494 porum,
738 3430 827 3479 sed
859 3431 1142 3480 auctoritas
1168 3441 1401 3482 veterum
1426 3436 1568 3485 codi-

504 3518 622 3554 cum
646 3505 968 3568 inspicieuda
991 3517 1089 3562 est,
1120 3522 1235 3569 quae
1271 3510 1568 3573 lectionem,

503 3583 519 3610 ⁴
547 3581 778 3643 mixtus,’
821 3581 1033 3631 tuetur!
1113 3583 1394 3640 Manutius,
1445 3586 1566 3635 Aldi

502 3672 684 3723 nepos,
725 3659 913 3721 probat
958 3658 1163 3720 quidem
1209 3661 1463 3722 ‘mistus,'
1499 3678 1565 3712 ex

503 3734 772 3795 analogia3
810 3731 1010 3780 fatetur
1051 3740 1242 3790 tamen,
1285 3736 1335 3791 in
1379 3739 1564 3787 veteri.

501 3813 598 3861 bus
622 3811 788 3872 libris,
810 3809 1030 3872 Virgilio
1054 3809 1324 3873 carpensi,
1345 3820 1399 3861 et
1433 3816 1565 3863 anti-

503 3892 619 3952 quis
644 3887 926 3952 lapidibus,
955 3888 969 3913 ⁸
990 3885 1212 3935 mixtus’
1242 3903 1357 3937 cum
1383 3905 1420 3937 x
1442 3892 1563 3956 legi.

498 3967 765 4016 Schmun-m·

565 4043 849 4107 sorderent]
909 4042 953 4090 1.
995 4056 1042 4092 e.
1090 4041 1460 4107 evilescerent,
1501 4061 1563 4097 sc

500 4122 787 4173 contemtui
813 4126 1006 4169 essent.
1057 4118 1241 4182 virgil.
1264 4119 1374 4168 Ecl.
1399 4135 1460 4169 ιι.
1480 4126 1565 4173 44.

497 4204 513 4228 ·
530 4198 756 4247 Sordent
776 4197 866 4246 tibi
888 4209 1101 4244 munera
1119 4195 1331 4245 nostra-⁹
1367 4197 1562 4248 Quinc.

501 4274 580 4324 til.
612 4273 789 4323 Iustit.
821 4273 974 4324 Orat.
1005 4285 1130 4322 vm.
1164 4286 1378 4337 prooem.
1410 4282 1424 4305 ⁴
1448 4274 1562 4326 Nos

1225 381 1443 432 NOTAE
1492 381 1901 433 vantoRtJM
1953 386 2036 434 ΙΝ

1666 529 1865 592 melius,
1910 528 2094 593 quibus
2138 528 2355 580 sordent
2393 531 2585 595 omnia,
2621 523 2740 598 q'uae⁴

1666 614 1853 654 natura
1885 606 2138 669 dictavit3
2171 608 2258 671 qui
2293 622 2396 657 nou
2429 619 2740 660 ornamenta

1665 683 1962 743 quaerimus,
2001 683 2094 732 sed
2134 685 2426 734 lenocinia!
2498 687 2557 736 lu
2599 688 2737 738 Dial-

1664 757 1730 806 de
1756 758 1967 807 Orator.
1987 764 2130 810 ολδ.
2165 762 2180 787 ‘
2203 762 2408 812 Quibus
2434 763 2739 827 eloquentia

1664 836 1737 882 tui
1762 836 1952 884 Aufidii
1985 838 2160 898 Bassi,
2196 868 2212 884 .
2234 869 2248 885 .
2272 869 2288 885 .
2320 854 2387 888 ex
2422 843 2737 904 comparati-

1662 922 1759 957 one
1797 911 2055 975 siacum,
2090 922 2178 961 aut
2220 914 2496 975 Varronis,
2523 916 2734 966 sordet=

1662 987 1748 1050 qui
1806 988 2067 1037 rlietoruin
2127 999 2421 1040 nostrornm
2474 1007 2734 1043 commen-

1664 1064 1822 1111 tarios
1848 1062 2143 1128 fastidiunt,
2174 1065 2435 1129 oderunt;
2472 1069 2621 1117 Calvi
2647 1070 2734 1119 ini-

1665 1139 1893 1188 rantur!
1917 1141 2071 1190 Idem.

1725 1213 2010 1279 Sor-dorent]
2042 1216 2259 1282 Aliquid
2296 1217 2456 1269 faciat
2497 1235 2591 1284 pro
2630 1222 2734 1272 lec·

1662 1290 1802 1338 tione
1842 1294 2055 1356 vulgata
2086 1310 2263 1358 supra,
2298 1298 2433 1346 ‘Dei
2475 1312 2731 1349 summum

1660 1365 1797 1415 inter
1816 1368 2046 1418 homines
2069 1369 2333 1433 fastigium
2351 1383 2597 1436 servent;
2603 1375 2730 1426 ’sed

1658 1444 1847 1491 leviter
1872 1455 1925 1494 et
1951 1448 2167 1510 aliquid.
2200 1450 2340 1511 ἱέμε.

1722 1523 1899 1571 Aur-ece
1917 1530 1964 1573 et
1985 1525 2373 1593 innumerabiles]
2405 1530 2730 1584 Vocabulum

1657 1612 1814 1647 aureoe
1848 1599 2180 1650 desideratur
2213 1604 2264 1651 in
2299 1605 2569 1655 codicibus
2601 1609 2731 1660 Mes.

1660 1675 1903 1725 Vatican.
1940 1678 2247 1741 Parmensi,
2269 1689 2489 1744 utroque
2508 1685 2736 1750 Veneto,

1659 1752 2055 1815 Salisburgensi,
2071 1755 2392 1819 Guelpherb.
2414 1766 2464 1806 et
2492 1773 2627 1816 meo.
2651 1765 2731 1811 at·

1657 1841 1756 1890 que
1798 1827 1848 1875 in
1890 1828 2167 1878 Puteolani
2204 1839 2263 1882 et
2303 1833 2546 1882 Beroaldi
2586 1836 2730 1886 libris

1655 1902 1940 1965 impressis.
2018 1905 2079 1953 Id
2133 1903 2330 1955 sactum
2386 1905 2626 1972 fortasse,
2670 1917 2729 1961 ut

1657 1990 1803 2028 recte
1827 1981 2199 2032 animadvertit
2226 1983 2559 2049 Arutzenius,
2589 1989 2727 2053 quod

1657 2057 1889 2118 proxime
1925 2074 2062 2107 oereoe
2095 2072 2455 2121 praecesserat,
2486 2079 2584 2126 pro
2621 2082 2725 2130 quo

1653 2148 1809 2181 «κνοω
1864 2146 2206 2197 reposuerant
2257 2139 2450 2189 inertes
2508 2143 2727 2194 librarii.

1655 2209 2031 2261 Innumerabiles
2067 2220 2240 2263 autem
2278 2215 2546 2278 dicuntur,
2584 2217 2729 2284 quie,

1655 2287 1827 2349 Lipsio
1846 2304 1909 2336 ex
1938 2291 2106 2339 Dione
2131 2292 2407 2354 probante,
2432 2309 2531 2344 nou
2559 2297 2729 2347 Roma

1655 2369 1872 2423 tantun»,
1907 2366 1997 2413 sed
2038 2375 2173 2416 totus
2212 2367 2326 2417 fere
2362 2371 2503 2419 orbis
2538 2374 2727 2422 statuis

1653 2439 1939 2515 Domitiani
1966 2442 2208 2506 impletus
2235 2454 2367 2497 erat.
2410 2447 2663 2502 δάψαι-ι’.

1719 2517 1828 2565 111ae
1857 2524 2016 2568 autem
2051 2523 2232 2586 αυγερ]
2270 2524 2543 2576 Gravioris
2580 2528 2725 2580 dam·

1653 2593 1759 2639 nati
1797 2595 2046 2656 criminis,
2082 2607 2135 2647 et
2178 2599 2275 2663 ipsi
2316 2599 2515 2666 afflicti,
2542 2614 2599 2655 et
2635 2622 2726 2656 no·

1651 2681 1790 2729 men,
1814 2680 1867 2718 et
1894 2676 2137 2721 memoria
2161 2689 2357 2726 eorum.
2403 2679 2556 2729 Unde
2580 2681 2723 2732 dice-

1653 2744 1798 2806 bant,
1835 2747 1851 2774 ‘
1889 2747 2091 2797 Nomen
2130 2750 2316 2816 deleri,
2353 2754 2462 2803 tolli
2503 2754 2725 2820 effigies.

1650 2820 1807 2883 dejici
1833 2833 2030 2873 statuas
2054 2839 2114 2874 ac
2140 2830 2357 2890 proteri,
2380 2831 2609 2883 ludibrio
2632 2849 2724 2884 ex-

1651 2898 1810 2959 poni?
1876 2900 1937 2948 Id
1985 2916 2109 2950 vero
2155 2903 2314 2956 tiebat
2355 2908 2438 2956 vel
2481 2912 2727 2978 modeste

1650 2987 1746 3037 per
1793 2974 2061 3027 decretum
2107 2996 2137 3029 a
2178 2984 2524 3044 qua-sterilius
2571 2999 2724 3038 xxx.

1648 3053 1990 3111 praeseutibus
2030 3059 2354 3108 senatoribus
2391 3076 2510 3111 cuin
2547 3066 2727 3129 scalis,

1648 3128 1864 3177 Sueton.
1888 3130 2085 3182 Domit.
2113 3148 2161 3182 c.
2188 3140 2270 3186 23.
2305 3136 2387 3185 vel
2416 3139 2725 3200 impetuose

1648 3220 1742 3268 per
1763 3204 1992 3257 furorem
2016 3213 2272 3274 quendam
2294 3214 2580 3277 plebeium,
2598 3233 2717 3269 cum

1646 3281 1858 3344 injectis
1889 3284 2085 3347 laqueis
2118 3294 2314 3337 statuas
2352 3288 2717 3351 detraherent,

1645 3365 1702 3406 ut
1737 3358 1834 3406 hoc
1873 3360 2005 3417 loco,
2042 3375 2143 3425 quo
2168 3363 2233 3412 de
2256 3363 2599 3429 Juvenum·
2626 3370 2717 3418 de-

1640 3414 1897 3484 scendunt
1935 3445 2144 3500 statnae,
2170 3447 2464 3505 restemque
2485 3458 2718 3513 sequun-

1645 3509 1767 3559 tur.²
1826 3511 1958 3561 Haec
1990 3514 2134 3577 Lips.
2173 3517 2226 3563 in
2246 3517 2481 3567 Excurs.
2507 3518 2574 3568 ad
2605 3519 2715 3571 An-

1641 3589 1743 3636 nal.
1767 3601 1847 3638 vt.
1905 3589 2057 3639 Beru-

1707 3666 2105 3733 Innumerabiles]
2161 3670 2279 3720 Nec
2316 3672 2449 3722 enim
2486 3673 2540 3723 in
2579 3676 2713 3727 urbe

1643 3749 1861 3806 tantum,
1898 3747 1987 3795 sed
2034 3750 2049 3775 ‘
2081 3756 2219 3797 totus
2260 3749 2438 3807 orbis?
2476 3754 2552 3802 ait
2594 3754 2714 3813 Dio,

1641 3818 1655 3844 ‘
1682 3822 1867 3869 statuis
1899 3822 2012 3884 ejus
2051 3831 2170 3884 post
2202 3825 2385 3887 victos,
2419 3836 2476 3877 ut
2514 3829 2714 3889 siebat,

1641 3895 1812 3944 Dacos
1839 3896 2082 3959 impletus
2107 3897 2220 3947 est.’
2274 3900 2414 3963 [ἀρε.

1704 3972 1885 4032 Strage
1925 3978 1973 4023 et
2014 3974 2180 4038 ηιίιω]
2242 3976 2401 4027 Initio
2445 3993 2477 4027 a
2522 3990 2708 4033 senatu

1640 4046 1752 4109 ipso
1792 4045 1965 4110 facto;
2005 4052 2092 4115 qui
2136 4055 2151 4080 ⁸
2178 4051 2354 4102 andita
2393 4066 2561 4107 morte
2597 4061 2712 4123 ejus

1639 4123 1771 4173 adeo
1807 4125 2015 4175 laetatus
2048 4135 2147 4183 cst,
2169 4136 2227 4178 ut
2247 4131 2411 4179 scalas
2445 4134 2605 4184 etiam
2631 4136 2710 4185 in·

1638 4199 1780 4257 ferri,
1825 4202 2142 4268 clypeosque
2185 4213 2242 4255 et
2287 4205 2538 4270 imagines
2588 4208 2709 4274 ejus'

1637 4292 1808 4329 coram
1832 4280 2055 4343 detrahi,
2080 4289 2136 4332 et
2169 4281 2360 4333 ibidem
2396 4288 2507 4337 solo
2545 4286 2711 4355 affligi
