3060 4902
790 387 853 436 G.
902 387 1145 439 t’mtttt
1195 387 1528 439 sBcUNnt
1582 390 1855 442 PANBG.

353 503 599 568 tinuerit,
622 504 827 556 Plinius
851 513 1029 556 noster
1049 505 1201 570 infra,
1232 519 1448 577 unt-¹

353 580 405 631 8.
426 587 484 631 et
499 587 551 631 4.
576 587 970 631 commemorat.
1006 582 1158 633 Idem.

420 657 732 720 Necessitas]
765 659 909 709 Quos
945 656 1072 707 ordo
1105 658 1274 721 ptimo
1315 658 1429 708 loco

354 735 676 784 sententiam
710 735 886 783 dicere
914 734 1166 798 juberet:
1201 749 1317 784 nam
1342 734 1429 784 alii

353 823 537 874 manu,
576 818 667 860 aut
713 808 956 874 pedibus,
992 812 1428 861 assentiebantur.

353 885 495 950 Lips.

422 964 505 1014 De
541 964 810 1028 ampliando
853 979 1048 1014 numero
1082 965 1430 1029 gladiatorum]

355 1041 373 1069 ‘
399 1040 644 1091 Edixisse
675 1039 986 1104 Augustum,
1022 1056 1190 1104 neque
1236 1041 1428 1104 saepius

354 1131 511 1182 quam
552 1117 630 1167 bis
680 1117 732 1166 in
771 1132 906 1167 anno
943 1116 1259 1180 gladiatores
1297 1116 1429 1180 dari,

356 1206 534 1256 neque
594 1193 736 1242 ultra
783 1193 928 1255 paria
980 1190 1286 1255 sexagints,’
1326 1192 1427 1242 Dio

357 1267 569 1319 Cassius
594 1275 778 1318 auctor
800 1268 890 1318 lib.
916 1280 1021 1318 mv.
1059 1268 1222 1317 Licin.

424 1344 508 1394 De
529 1344 822 1408 ampliando]
855 1345 929 1394 Ut
950 1345 1124 1408 plures
1155 1343 1349 1392 habere
1372 1350 1428 1393 et

354 1419 487 1470 dare
528 1421 731 1481 liceret,
774 1435 931 1484 quam
968 1418 1429 1469 senatusconsultis

352 1507 480 1545 ante
503 1504 734 1546 cautum.
801 1496 935 1545 Nam
971 1496 1257 1560 principes,
1284 1494 1429 1545 coiit·

354 1570 530 1622 cendo
555 1572 696 1621 luxui
715 1580 770 1621 et
788 1572 1024 1635 sevitiae,
1046 1580 1190 1621 certo
1213 1586 1427 1621 numero

357 1648 510 1710 paria
533 1648 867 1710 incluserant,
899 1656 953 1696 et
991 1648 1129 1710 ipsas
1152 1647 1427 1698 editiones.

356 1721 502 1771 vide
524 1723 787 1773 Saturnal.
811 1737 850 1774 1.
873 1729 954 1775 12.
988 1724 1126 1786 Lips-

325 1819 328 1820 ’
422 1800 505 1850 De
540 1801 808 1864 mpliando
850 1816 1043 1850 numero
1087 1802 1428 1869 gladiatorum,

354 1883 439 1926 eut
462 1878 524 1926 de
543 1878 833 1927 instituendo
847 1878 1042 1939 collegio
1051 1878 1304 1938 fabrorum
1318 1896 1425 1930 cou-

352 1953 645 2018 ulebamar]
682 1956 797 2004 Non
837 1954 1114 2018 praefracte
1150 1956 1427 2006 damnave-

354 2032 455 2079 rim
481 2030 757 2079 lectionem
778 2038 1042 2095 receptam
1063 2047 1080 2092 ς
1113 2030 1214 2080 fnit
1234 2039 1426 2096 tamen,

354 2120 476 2156 cum
539 2107 868 2170 conjicerem,
910 2109 1106 2170 collegio
1157 2107 1427 2171 scutorum,

354 2180 498 2245 quod
520 2195 623 2231 non
649 2182 799 2244 longe
819 2183 926 2232 abit
945 2198 976 2232 a
993 2183 1177 2233 literis.
1214 2186 1297 2233 De
1319 2185 1366 2234 N
1373 2199 1426 2233 e-

353 2271 484 2308 rone
520 2264 684 2321 certe,
718 2257 879 2307 refert
912 2259 1244 2323 Tranquillus
1279 2275 1325 2310 c.
1347 2264 1430 2309 20.

352 2332 371 2360 ‘
400 2332 602 2397 Captus
637 2319 913 2382 modulatis
953 2334 1425 2384 Alexandrinorum

350 2409 757 2466 laudationibus,
784 2409 870 2474 qui
892 2410 957 2460 de
982 2425 1114 2459 novo
1138 2419 1425 2461 commeatu

358 2488 641 2552 Neapolim
662 2486 1042 2552 confluxerant,
1066 2489 1242 2552 plures
1265 2488 1425 2539 Alex·

353 2564 536 2614 andria
574 2565 843 2614 evocavit:
902 2580 1067 2629 neque
1107 2580 1169 2614 eo
1214 2566 1421 2628 segnius

355 2641 722 2691 adolescentes
784 2642 1040 2706 equestris
1098 2641 1315 2704 ordinis,
1368 2649 1422 2691 et

353 2718 588 2783 quinque
607 2719 826 2781 amplius
842 2719 1000 2766 millia
1018 2732 1047 2765 e
1069 2719 1222 2780 plebe
1245 2718 1423 2767 robus·

353 2794 572 2843 tissime
588 2794 879 2857 juventutis
901 2794 1128 2857 undique
1146 2794 1323 2857 elegit,
1338 2794 1423 2857 qui

355 2866 510 2916 dirisi
552 2867 602 2915 in
640 2865 915 2928 factiones,
941 2869 1210 2929 plausuum
1235 2884 1424 2932 genera

352 2943 757 3004 condiscerent,’
778 2948 876 2993 ἃς.
917 2945 1066 2994 Grut.

420 3021 505 3070 De
525 3020 792 3084 ampliando
813 3019 1028 3082 numero]
1062 3020 1421 3071 Gladiatorutn

350 3112 601 3148 numerus
624 3106 796 3147 certus
815 3105 947 3147 erat.
995 3098 1214 3147 Constat
1237 3111 1303 3146 ex
1329 3098 1423 3147 Di-

355 3189 459 3224 one
497 3173 637 3237 Aug.
678 3189 740 3222 ex
780 3175 994 3223 Sueton.
1033 3175 1166 3223 Caes.
1201 3187 1247 3223 c.
1269 3179 1349 3223 10.
1370 3181 1425 3224 et

351 3251 471 3301 Tib.
498 3266 548 3301 c.
569 3254 650 3299 34.
683 3251 906 3300 Patarol.

422 3328 640 3391 Collegit>
646 3326 923 3389 fabrorum]
970 3327 1125 3391 Apud
1151 3328 1426 3383 Romanos,

345 3406 462 3469 jam
503 3406 695 3465 Numa,
725 3411 859 3455 teste
889 3403 1187 3465 Plutarcho,
1210 3403 1260 3451 in
1300 3404 1423 3452 Vita

354 3482 490 3544 ejus,
514 3484 733 3545 pag-71.
770 3480 963 3529 dicitur
998 3479 1263 3527 civitatem
1294 3479 1420 3528 divi·

353 3559 487 3606 sisse
511 3572 607 3621 per
639 3567 774 3606 artes
804 3556 1096 3617 tibicinum,
1129 3555 1423 3616 aurificum,

354 3631 588 3697 fabrum,
612 3635 908 3691 tinctorum,
929 3642 1178 3692 sutorum,
1212 3632 1421 3685 coriari-

353 3725 525 3767 orum,
563 3710 882 3769 aerariorum,
901 3708 1195 3770 figulorum,
1218 3717 1272 3757 et
1298 3709 1422 3758 alio·

353 3800 490 3847 rum,
515 3786 567 3835 in
591 3792 762 3834 certas
789 3784 1110 3841 sodalitates,
1133 3785 1241 3833 sive
1267 3785 1422 3832 colle·

353 3861 463 3924 gia,
485 3867 539 3910 et
563 3861 849 3924 cuicunque
870 3859 1048 3922 generi
1067 3873 1184 3907 suos
1201 3872 1421 3907 couven-

352 3943 438 3986 tus
463 3942 519 3987 et
544 3937 818 3998 religiones
845 3934 1232 3997 praescripsisse.
1272 3935 1424 3983 Cres-

353 4019 512 4064 cente
548 4012 847 4076 reipublicae
885 4011 1130 4060 Romanae
1172 4008 1423 4072 potentia,

351 4102 571 4140 crevere
592 4095 649 4137 et
684 4088 774 4137 illa
796 4085 1052 4137 artificum
1077 4085 1423 4148 opificumque

353 4178 599 4231 corpora.
668 4162 798 4212 Cum
836 4176 958 4211 vero
997 4160 1244 4224 ejusmodi
1279 4160 1424 4209 coiti-

353 4257 480 4295 ones
525 4234 794 4294 hominum
839 4236 1104 4290 humilium
1149 4235 1425 4302 aliquando

1934 393 1985 442 1.
2029 377 2138 443 54.
2433 377 2564 447 ⁸781

1505 522 1610 558 non
1636 509 1760 560 satis
1785 518 1908 561 tntae
1938 510 2260 569 viderentur,
2281 511 2566 562 identidem

1506 584 1571 633 de
1596 586 1658 634 iis
1671 585 1996 649 coercendis,
2016 595 2106 636 sut
2123 602 2187 636 ex
2213 597 2362 651 parte
2388 590 2571 638 tollen·

1505 661 1709 715 dis,sut
1733 663 2008 726 aliquando
2039 665 2185 713 novis
2221 651 2570 719 instituendis,

1503 737 1848 787 deliberatum
1885 740 2259 803 decretumque
2301 748 2400 789 est.
2484 740 2573 790 Ita

1502 813 1678 864 Julius
1718 814 1913 870 Caesar,
1939 822 2073 863 teste
2109 815 2321 864 Sueton.
2354 816 2404 864 in
2442 815 2573 866 Vita

1504 889 1641 952 ejus,
1666 903 1711 937 c.
1739 893 1824 938 42.
1860 890 2148 939 istiusmodi
2173 891 2406 952 collegis,
2434 907 2570 955 prtu-

1503 971 1589 1013 ter
1642 966 1923 1029 antiquitus
1967 966 2267 1022 constituta,
2310 968 2569 1017 distraxit.

1505 1040 1757 1089 Similiter
1792 1039 2078 1102 Augustus,
2112 1042 2248 1104 quod
2282 1041 2417 1092 idem
2440 1043 2570 1092 Sue·

1505 1122 1616 1165 ton.
1640 1116 1690 1164 in
1715 1116 1828 1179 ejus
1854 1118 1995 1178 Vita,
2019 1131 2134 1181 cap.
2158 1121 2238 1167 32.
2259 1132 2568 1167 commemo·

1505 1199 1605 1248 rat,
1621 1193 1863 1255 collegia,
1879 1201 2075 1257 praeter
2093 1194 2305 1254 antiqua
2323 1201 2378 1242 et
2399 1194 2570 1256 legiti-

1505 1283 1607 1330 ma,
1630 1267 1883 1319 dissolvit.
1953 1270 2137 1334 Neque
2172 1269 2305 1318 enim
2331 1269 2569 1319 omnibus

1506 1344 1808 1405 artificibus,
1844 1345 2239 1408 opificibusque,
2280 1344 2568 1409 promiscue

1504 1420 1782 1483 collegium
1814 1420 2005 1470 babere
2026 1421 2443 1482 concede-batum
2476 1422 2568 1472 sed

1501 1496 1726 1559 legibus,
1749 1505 1803 1545 et
1836 1498 2319 1553 senatusconsultis,
2341 1506 2396 1547 et
2429 1498 2570 1560 ptin-

1501 1573 1759 1636 cipalibus
1795 1574 2270 1635 constitutionibus,
2293 1590 2357 1624 ea
2390 1589 2471 1622 res
2495 1574 2572 1625 dt-

1503 1651 1788 1712 rigebstur,
1811 1651 2016 1714 Digest.
2040 1652 2074 1699 l.
2098 1665 2138 1700 1.
2190 1653 2205 1678 ‘
2223 1651 2373 1703 Quod
2396 1652 2570 1715 cujus·

1503 1742 1603 1791 que
1628 1727 1979 1777 universitatis
2018 1727 2238 1782 nomine,
2269 1729 2350 1775 vel
2386 1736 2569 1777 contra

1502 1818 1639 1865 eam,
1660 1803 1879 1868 agatur!
1942 1804 2096 1864 Vide,
2131 1805 2183 1852 in
2217 1804 2570 1853 Miscellaneis

1500 1880 1712 1937 nostris,
1773 1881 2189 1930 dissertationem
2239 1880 2303 1927 de
2348 1880 2566 1942 collegio

1503 1956 1936 2006 utriculariorum.
1973 1958 2170 2005 Nomen
2175 1956 2424 2013 fabrorum
2441 1956 2568 2004 alias

1503 2032 1748 2095 generale
1782 2038 1883 2092 est,
1907 2033 2001 2093 ita,
2025 2041 2081 2080 ut
2113 2032 2396 2095 quemlibet
2419 2031 2565 2095 opiti-

1503 2120 1614 2156 cem
1652 2114 1708 2156 et
1742 2107 1992 2156 artificem
2018 2106 2288 2169 significet.
2333 2108 2566 2170 Symma-

1502 2183 1627 2231 chus
1668 2184 1838 2246 Epist.
1879 2196 1933 2231 x.
1967 2187 2050 2232 ⁶27.
2089 2181 2295 2231 videtur
2333 2197 2422 2231 eos
2461 2185 2565 2234 κατ’

1504 2261 1677 2323 ἐξοχὴν
1713 2261 1730 2289 ‘
1757 2260 1962 2309 fabros·
2005 2258 2298 2319 designare,
2336 2265 2350 2286 ⁴
2370 2260 2456 2322 qui
2486 2258 2563 2309 fa-

1500 2337 1662 2387 briles
1705 2351 1882 2386 manus
1925 2334 2153 2397 angustis
2196 2333 2441 2396 operibus
2479 2349 2563 2385 ac-

1501 2410 1923 2466 commodarent‚'
1960 2411 2038 2459 De
2063 2410 2280 2472 collegio
2303 2409 2562 2461 fabrorum

1501 2490 1820 2541 Nicomediae
1866 2486 2298 2537 instituendorum
2360 2488 2562 2538 Plinius

1500 2566 1763 2616 consuluit
1813 2564 2112 2627 Trajanum,
2167 2562 2338 2627 Epist.
2383 2578 2437 2615 x.
2478 2569 2563 2617 42.

1497 2642 1740 2693 Schmun.

1562 2719 1850 2783 fabrorum]
1885 2720 2004 2771 Jam
2042 2718 2160 2766 olim
2197 2714 2309 2765 liaec
2343 2716 2565 2780 collegia

1496 2801 1553 2845 et
1573 2809 1793 2858 corpora
1827 2795 2117 2851 artificum3
2152 2791 2243 2841 sed
2279 2807 2417 2855 saepe
2441 2794 2563 2842 abo-

1495 2872 1610 2928 lita,
1634 2881 1688 2920 et
1709 2871 1969 2919 restituta.
2034 2869 2159 2917 Tale
2185 2868 2280 2917 sub
2309 2868 2564 2918 Domitia·

1497 2963 1564 2997 no
1583 2947 1835 3009 fortasse;
1868 2952 1958 2995 aut
1977 2960 2160 2994 novum
2179 2944 2380 3007 aliquod
2403 2945 2564 2995 etiam

1496 3021 1776 3085 adjectum.
1847 3022 1981 3070 Nam
2009 3019 2156 3082 plura
2180 3025 2347 3073 erant,
2371 3032 2562 3081 coguo-

1498 3097 1719 3147 minibus
1760 3096 2035 3154 distincta;
2083 3100 2140 3142 ut
2174 3092 2307 3141 fabri
2344 3090 2564 3153 ferrarii,

1500 3172 1801 3235 argentarii,
1844 3169 2194 3224 automatarii,
2242 3168 2468 3231 tignarii,
2509 3168 2562 3217 in

1496 3247 1758 3311 lapidibus
1786 3248 1963 3311 priscis
1989 3243 2300 3308 reperiendi.
2336 3244 2475 3308 Lips.

1558 3324 1740 3385 Arcas]
1773 3322 2021 3372 Fon-uices
2047 3321 2405 3383 triumphales,
2431 3336 2560 3385 quos

1499 3413 1594 3462 pet·
1617 3413 1793 3447 omnes
1821 3398 2054 3459 regiones
2079 3397 2219 3445 urbis
2237 3397 2332 3444 sibi
2355 3398 2565 3446 struxit.

1493 3474 1771 3525 Suetonius
1796 3473 1999 3523 Douiit.
2016 3486 2129 3535 cap.
2156 3476 2232 3520 13.
2265 3471 2419 3521 Idem.

1564 3550 1787 3610 Ingentes
1822 3547 1986 3610 arcus]
2034 3548 2388 3610 Triumphales
2413 3548 2562 3599 intel·

1496 3625 1627 3686 ligit,
1646 3626 1729 3688 qui
1751 3623 2150 3688 imperatoribus
2167 3622 2565 3672 extruebantur.

1497 3701 1654 3751 Rern.

1564 3775 1742 3839 Arcus]
1777 3777 1861 3825 De
1892 3773 2190 3825 Domitiano
2204 3767 2427 3823 Sueton.
2443 3786 2561 3836 cap.

1500 3856 1581 3901 13.
1633 3859 1646 3881 ⁸
1679 3852 1841 3903 Arcus
1871 3866 1985 3901 cum
2021 3849 2305 3914 quadrigis,
2329 3855 2382 3897 et
2404 3848 2562 3911 insig-

1499 3929 1649 3978 nibus
1688 3928 2079 3992 triumphorum,
2103 3939 2195 3987 per
2220 3923 2455 3986 regiones
2480 3937 2562 3970 ur·

1499 4005 1580 4054 bis
1605 4012 1774 4054 tantos
1800 4019 1859 4053 ac
1884 4011 1959 4053 tot
1984 4000 2258 4060 exstruxit,
2281 4005 2339 4048 ut
2357 3997 2561 4048 cuidam

1499 4081 1689 4131 Graece
1734 4079 2041 4142 inscriptum
2089 4075 2229 4123 arcui
2274 4074 2358 4126 sit.
2397 4071 2569 4134 epesi!

1498 4157 1739 4221 Speciem
1763 4157 1895 4204 hanc
1929 4150 2218 4218 praeferunt
2241 4150 2395 4200 etiam
2421 4163 2563 4199 unni·

1497 4234 1587 4285 mi.
1627 4232 1844 4284 Putat-ol.
