3060 4902
774 397 835 444 G.
886 392 1124 444 PLINH
1175 393 1509 445 SECUNDI
1566 397 1839 445 PANEG‘.

326 539 506 589 rimam
534 533 796 588 transiliat
819 538 1009 602 oratio,
1043 537 1109 588 ad
1136 538 1395 602 Luperca·

324 618 397 666 lia
439 615 747 666 veniamus.⁹
814 616 885 665 Et
928 617 1042 680 ipse
1090 616 1228 666 Plin.
1258 614 1398 666 infra

325 705 484 743 uvi.
504 696 556 741 1.
589 692 605 719 ⁸
627 692 746 740 Nou
781 691 1054 746 transilivi,
1082 692 1142 740 P.
1169 691 1231 741 C.
1255 691 1396 753 prin·

324 770 463 832 cipis
484 769 648 817 nostri
674 766 1033 817 consulatum.'
1078 766 1162 817 Ita
1181 767 1395 816 verbum

321 845 610 908 prestere-elii
649 845 859 908 proprie
892 845 1104 909 quidem
1135 844 1396 908 significat

321 929 337 951 ⁶
356 924 493 972 ultra
515 922 630 971 vehi
648 920 682 983 ς’
699 931 755 972 ut
779 921 915 986 apud
942 923 1052 972 Cic.
1070 923 1223 976 Verr.
1242 937 1293 974 v,
1313 928 1394 973 38.

323 1000 340 1026 ‘
362 999 595 1048 Insulam
643 1007 805 1048 totam
851 1007 1229 1063 praetervectus
1274 1009 1373 1051 est.
1379 1001 1395 1024 '

322 1070 540 1127 Deinde
577 1078 828 1126 translate
863 1077 1021 1126 etiam
1057 1077 1247 1127 dicitur
1280 1092 1392 1141 pro,

323 1155 757 1218 pratermittere,
795 1154 1087 1217 praeterire‚
1134 1155 1391 1217 reticere;

324 1229 404 1278 uti
431 1229 568 1279 idem
597 1231 709 1279 Cic.
736 1243 828 1292 pro
852 1230 1035 1286 Coelio,
1055 1245 1102 1280 c.
1120 1234 1201 1278 21.
1239 1228 1393 1288 ἄλλη·

319 1308 524 1370 yonis&
553 1306 703 1369 dicit,
738 1312 752 1333 ⁸
774 1305 1060 1355 Emersisse
1084 1306 1193 1370 jam
1235 1321 1264 1355 e
1302 1322 1389 1355 va-

321 1384 424 1440 dis,
447 1389 504 1432 et
536 1382 778 1446 scopulos
809 1390 1159 1445 praetervecta
1185 1381 1392 1430 videtur

321 1460 498 1510 oratio
513 1459 660 1508 mes!
695 1461 762 1509 Et
782 1460 1011 1523 Philipp.
1029 1473 1132 1509 vu.
1149 1464 1196 1509 3.
1217 1460 1391 1522 ‘Mag-

320 1552 391 1586 na
414 1552 510 1601 spe
550 1537 808 1601 ingredior
835 1539 885 1586 iu
921 1539 1167 1603 reliquam
1200 1538 1390 1587 oratio·

320 1627 484 1675 nem3
519 1614 760 1680 quoniam
796 1614 1291 1678 periculosissimum
1314 1614 1388 1664 lo-

318 1705 445 1741 cum
466 1691 670 1741 silentio
692 1706 804 1740 sum
833 1690 1241 1755 praetervectus.'
1300 1691 1390 1741 Iu·

318 1769 505 1817 utilem
529 1782 655 1832 ergo
679 1769 1018 1817 mutationem
1045 1766 1265 1816 orationi
1284 1767 1388 1815 Pli-

317 1846 489 1893 niana!
514 1842 708 1893 inferre
741 1859 891 1893 ausus
925 1851 1003 1892 est
1045 1842 1281 1892 librarius
1301 1857 1389 1892 co·

317 1919 454 1970 dicis
478 1921 690 1981 Veneti,
711 1920 800 1985 qui
826 1920 1059 1984 reposuit
1083 1922 1204 1984 quod
1227 1919 1387 1980 cnjus-

315 2012 408 2062 qne
426 1997 789 2061 predicatione,
810 1998 884 2045 cel
901 1997 1159 2052 transiliri,
1175 1997 1251 2045 vel
1262 2011 1382 2058 ρω-

318 2076 527 2137 ter-teki,
574 2075 757 2126 debeat.
826 2076 896 2124 Et
930 2075 1075 2123 nihili
1115 2084 1214 2135 est,
1245 2073 1386 2138 quod

318 2153 497 2216 paullo
521 2159 659 2216 post,
675 2152 725 2200 iu
753 2150 938 2211 verbis,
962 2152 1084 2214 quod
1106 2151 1245 2199 immo
1268 2156 1388 2200 tem·

314 2231 450 2294 pei-is
468 2235 713 2294 punctum,
739 2230 789 2279 in
818 2229 948 2279 libro
979 2228 1254 2290 Vossiane,
1289 2243 1386 2293 pro

315 2310 481 2367 enno,
504 2315 807 2357 annotatum
836 2308 1054 2370 legimus
1078 2308 1225 2354 niodo.
1250 2305 1337 2355 Id.

372 2383 622 2448 Beneficio
635 2383 825 2446 sterile]
847 2383 978 2433 Quae
997 2382 1256 2446 praecipua
1272 2383 1384 2432 laus

317 2469 375 2512 et
397 2461 642 2511 materies
667 2460 878 2510 virtutis
901 2461 954 2509 iu
984 2460 1233 2524 principe.
1299 2461 1385 2510 Ti-

318 2540 359 2589 ti
385 2538 513 2586 illud
541 2537 789 2599 innotuit,
807 2536 1157 2597 recordati,se
1179 2537 1302 2585 nibil
1323 2550 1386 2585 eo

313 2616 402 2667 die
452 2615 684 2678 benigue
729 2612 937 2675 fecisse,
993 2614 1008 2641 ‘
1031 2614 1209 2675 amici,
1248 2614 1383 2663 diem

315 2691 527 2756 perdidi
549 2690 584 2739 ι’
619 2691 768 2739 Suet.
791 2689 900 2738 Tit.
920 2704 1036 2753 cap.
1059 2693 1112 2738 8.
1177 2688 1384 2753 Trajaui

312 2783 431 2834 que
453 2782 556 2817 non
576 2767 739 2829 major
757 2765 940 2829 gloria,
956 2779 1051 2814 uec
1067 2773 1384 2815 momentum

316 2856 537 2894 vacuum
575 2856 605 2891 a
643 2840 897 2892 beneficio
935 2840 1210 2890 habentis?
1279 2840 1384 2889 Au·

314 2922 494 2971 sonius
520 2919 656 2968 huuc
694 2919 862 2967 locum
895 2917 1165 2966 aemulatus
1196 2925 1294 2979 est,
1319 2917 1386 2965 de

314 2998 605 3048 Gratiano:
656 3000 672 3023 ‘
698 2993 885 3058 Neque
930 3007 1055 3042 vero
1095 3008 1249 3042 uuum
1294 2995 1382 3042 ali-

312 3076 454 3137 quod
482 3072 672 3122 bonum
700 3082 801 3119 uno
824 3069 910 3118 die
932 3078 1170 3133 praestas,
1192 3069 1282 3118 sed
1308 3070 1384 3118 in·

311 3149 608 3215 dulgentias
643 3147 920 3196 saculares
952 3159 1048 3209 per
1076 3146 1273 3208 singula
1294 3146 1385 3195 lio-

313 3239 494 3275 rarum
520 3234 784 3274 momenta
803 3221 1154 3286 multiplicas:
1184 3222 1322 3286 Lips.

382 3304 502 3352 Non
546 3299 725 3363 omnio]
781 3300 978 3349 Sensus
1030 3300 1282 3362 postulat,
1328 3306 1385 3349 ut

312 3394 411 3445 pro
450 3380 604 3441 Num,
638 3377 775 3442 quod
825 3374 1010 3435 Aldus,
1052 3376 1236 3431 Juuta.
1269 3377 1385 3426 Ste-

312 3459 537 3521 phanus,
586 3453 935 3512 Buxbornius,
982 3452 1389 3518 Kirchmaierus,

312 3534 592 3588 cellarius,
635 3539 693 3581 et
735 3529 875 3579 forte
928 3529 1020 3579 alii
1060 3531 1387 3594 evulgarunt,

307 3615 601 3674 reponatur
624 3607 817 3666 Nonne,
840 3606 920 3655 vel
945 3606 1075 3665 Non,
1097 3607 1382 3669 ἔροτηματι-

309 3688 422 3737 κᾶε·
458 3682 863 3747 suffragantibus
888 3682 1006 3732 mibi
1027 3697 1160 3734 nunc
1186 3685 1383 3734 codici-

308 3763 410 3814 bus
451 3762 584 3813 Mss.
626 3760 916 3816 Vaticanis,
955 3759 1379 3816 Parisieusi.Ve·

308 3848 441 3890 neto
486 3846 732 3904 utroque,
774 3837 1178 3902 salisburgensi,
1224 3838 1382 3887 Guel-

309 3918 662 3981 pherlnytano,
680 3924 733 3965 et
749 3929 883 3972 meo,
903 3915 1131 3980 itemque
1148 3915 1381 3979 pluribus

308 3999 460 4049 libris
506 3997 730 4048 excusis.
819 3993 1132 4046 Conse-ratur
1178 3994 1380 4046 Plinius

309 4083 493 4129 noster
511 4089 672 4137 supra
698 4086 819 4122 xiv.
850 4077 894 4120 l.
920 4086 1083 4122 xmx.
1109 4077 1158 4123 4.
1190 4079 1244 4123 et
1263 4088 1374 4138 pas-

308 4155 427 4204 sitn.
460 4152 711 4203 Schwart-

375 4229 456 4279 De
476 4228 669 4279 biennio
687 4225 877 4290 loquor]
913 4225 961 4275 1.
983 4241 1031 4275 e.
1054 4227 1276 4278 necdum
1302 4229 1376 4279 lo·

307 4318 434 4371 quor
457 4305 521 4356 de
546 4305 609 4355 iis
639 4303 891 4359 omnibus,
919 4318 1035 4368 quae
1070 4304 1204 4354 intra
1229 4304 1372 4355 bien·

1926 399 1973 447 ι.
2005 382 2116 447 56.
2402 380 2537 449 797

1473 540 1611 589 nium
1651 542 1850 605 imperii
1889 543 1983 597 tul,
2019 556 2050 590 a
2087 547 2319 604 tempore
2352 539 2535 591 mortis

1476 616 1688 677 Nerva»,
1713 618 1799 682 qui
1824 618 1875 667 d.
1896 622 1974 668 27.
1998 618 2118 668 Jau.
2142 616 2206 668 A.
2233 619 2291 667 C.
2314 621 2396 667 98.
2420 618 2533 667 obi·

1472 700 1606 750 erat,
1650 708 1679 741 a
1724 702 1778 743 te
1822 703 1970 757 gesta
2020 702 2158 743 sunt.
2223 694 2360 742 Illud
2405 708 2535 742 vero

1471 768 1731 819 biennium
1764 770 1969 820 demum
2007 771 2059 819 d.
2094 775 2175 820 27.
2211 771 2331 821 Jan.
2370 771 2434 820 A.
2469 773 2531 822 C.

1472 851 1586 895 10⁰.
1627 847 1942 911 completum
1975 855 2108 897 erat.
2178 848 2534 910 Panegyricus

1470 933 1645 972 autem
1685 922 1787 984 bic,
1827 923 2009 972 eodem
2046 937 2180 971 auno
2215 930 2331 984 post
2355 924 2531 972 Chris-

1472 1007 1579 1050 tum
1622 1009 1800 1051 uatum
1845 1001 2146 1059 centesimo,
2181 1013 2359 1048 meuse
2398 1000 2530 1062 Sep·

1469 1077 1676 1138 tembri,
1701 1077 1910 1127 habitus
1933 1085 2034 1126 est.
2071 1076 2387 1126 Observavit
2413 1077 2532 1141 Lip-

1465 1153 1591 1214 sius,
1637 1169 1703 1203 ex
1744 1155 1819 1202 bis
1860 1152 2033 1202 verbis
2079 1153 2275 1216 liquere
2321 1160 2533 1232 tempus

1468 1233 1770 1282 consulatus
1804 1232 2046 1288 Pliniani,
2076 1239 2131 1279 et
2155 1231 2312 1279 dictae
2326 1207 2533 1278 oratio-

1466 1306 1566 1354 nis.
1601 1306 1752 1357 Quod
1781 1307 2038 1356 biennium
2064 1306 2383 1355 intellexerit
2403 1305 2530 1356 ‹loc-

1469 1383 1694 1432 tissimus
1726 1383 2019 1433 Massonius
2058 1384 2108 1432 in
2134 1383 2259 1433 Vita
2283 1383 2343 1432 C.
2367 1383 2528 1433 Plinii

1466 1462 1693 1512 Secundi
1733 1463 1982 1521 Junioris,
2026 1476 2162 1512 nunc
2204 1463 2314 1525 ejus
2355 1462 2527 1511 verbis

1463 1553 1740 1602 exponam,
1753 1546 1933 1602 utpote
1948 1540 2033 1602 qui
2050 1536 2115 1586 ad
2133 1551 2318 1586 aunum
2336 1537 2530 1587 Christi

1467 1628 1626 1665 xcix.
1648 1631 1702 1666 n.
1737 1619 1786 1665 3.
1817 1623 1873 1664 et
1903 1620 1952 1665 4.
1973 1615 2087 1663 haec
2109 1621 2491 1664 commentatur
2511 1631 2529 1666 ε

1464 1691 1715 1754 Trajanus
1760 1689 1926 1738 adhuc
1971 1689 2090 1738 dum
2135 1690 2186 1738 iu
2223 1690 2527 1754 Germania,-

1465 1780 1556 1817 seu
1580 1768 1644 1818 ad
1671 1769 1894 1818 Danubii
1922 1769 2105 1833 ripam,
2135 1767 2371 1831 degerat,
2394 1784 2525 1818 anno

1467 1846 1660 1896 Christi
1682 1851 1765 1897 99.
1788 1848 1999 1896 ineunte
2019 1862 2036 1907 3
2057 1846 2278 1898 maxime
2298 1853 2412 1896 cutn
2440 1848 2527 1898 ille

1465 1924 1688 1973 noluerit
1715 1925 1926 1972 tertium
1953 1923 2002 1971 in
2023 1923 2157 1972 huuc
2179 1937 2365 1972 aunum
2392 1924 2524 1973 reci·

1465 2015 1591 2065 pere
1629 2001 1973 2061 consulatum,
2015 1999 2152 2063 quod
2184 2015 2302 2049 eum
2338 1995 2524 2049 absens

1465 2091 1646 2139 gerere
1669 2076 1901 2125 uolebat.
1935 2075 2133 2140 Paneg.
2155 2090 2270 2139 cap.
2289 2088 2377 2124 Lx.
2414 2077 2521 2125 Un-

1463 2152 1528 2201 de
1556 2152 1761 2216 patefit,
1783 2153 2060 2216 Trajanum
2081 2167 2174 2214 per
2191 2153 2317 2201 duos
2341 2153 2526 2203 saltem

1465 2229 1666 2293 priores
1704 2231 1852 2294 hujus
1897 2230 2018 2277 anni
2064 2243 2284 2282 irienses,
2319 2229 2522 2291 quibus,

1464 2321 1560 2370 pro
1581 2308 1717 2356 illius
1743 2308 1990 2370 temporis
2014 2319 2175 2368 more,
2201 2305 2523 2354 consulatum

1463 2383 1731 2446 gessisset,
1764 2383 1861 2432 nisi
1902 2388 2209 2441 recusasset,
2244 2381 2403 2429 Roma
2435 2380 2525 2428 ab-

1463 2459 1638 2509 fuisse.
1705 2460 1788 2509 Au
1847 2459 2019 2522 paullo
2076 2466 2214 2521 post,
2248 2460 2523 2522 'vernoque

1463 2542 1721 2600 tempore,
1746 2534 1923 2585 urbem
1951 2534 2182 2599 petierit,
2203 2532 2337 2582 haud
2362 2535 2524 2583 omni·

1461 2629 1527 2663 uo
1567 2621 1905 2677 compertum.
1985 2613 2114 2661 Eum
2158 2621 2349 2668 tamen,
2388 2626 2522 2663 anno

1460 2689 1598 2738 haud
1648 2691 1867 2738 multum
1910 2686 2104 2743 adulto,
2139 2689 2247 2752 jam
2285 2688 2523 2753 rediisse,

1461 2780 1525 2815 ex
1575 2781 1637 2815 eo
1675 2767 1973 2829 intelligere
2019 2766 2161 2820 licet,
2201 2765 2358 2828 quod,
2401 2778 2521 2816 cnm

1460 2843 1655 2892 Noster
1699 2857 1761 2890 ea
1802 2842 2089 2903 recitasset,
2130 2855 2240 2905 quae
2268 2842 2521 2905 Trajanus

1461 2929 1576 2985 post
1591 2921 1922 2985 adoptionem
1940 2928 2522 2987 peregerat,autequam

1462 2999 1670 3046 tertium
1695 2999 1980 3060 susciperet
2002 2998 2343 3057 consulatum,
2367 3011 2521 3062 quem

1460 3081 1667 3123 constat
1694 3088 1824 3124 auno
1849 3074 2037 3123 Christi
2075 3073 2379 3136 centesimo,
2401 3075 2522 3124 Kal.

1458 3151 1672 3201 Jaimar.
1696 3150 1934 3205 subiisse,
1957 3149 2097 3199 dicat
2132 3165 2248 3212 cap.
2283 3163 2392 3199 nvi.
2419 3151 2522 3201 Pa·

1460 3228 1709 3291 negyrici‚
1743 3226 1995 3275 ‘necdum
2044 3226 2109 3275 de
2157 3226 2368 3276 biennio
2405 3242 2520 3278 esse

1460 3304 1723 3353 locutum-⁸
1777 3303 1910 3351 Illud
1932 3304 2065 3352 enim
2091 3304 2428 3363 biennium,si
2454 3306 2522 3359 ab

1458 3382 1768 3445 ‘adoptionis
1786 3380 2058 3443 tempore,’
2083 3384 2116 3427 i.
2133 3397 2179 3430 e.
2198 3397 2330 3431 anuo
2347 3385 2521 3434 Chris-

1464 3459 1501 3506 ti
1526 3462 1609 3507 97.
1646 3465 1869 3506 exeunte
1902 3455 2144 3513 Octobri,
2177 3463 2235 3505 ut
2266 3473 2366 3507 uon
2392 3461 2524 3511 nulli

1463 3536 1663 3594 volunt,
1685 3535 1762 3582 vel
1785 3533 1959 3595 potius
1986 3532 2198 3581 ineunte
2222 3534 2524 3596 Novembri,

1462 3621 1519 3661 ut
1568 3611 1762 3660 rectius
1810 3610 2000 3673 probat
2048 3611 2218 3659 Emin.
2264 3611 2420 3660 Noris
2456 3614 2523 3661 de

1460 3688 1995 3752 Epoch.Syromaced.
2014 3701 2065 3752 p.
2085 3692 2201 3737 559.
2219 3688 2528 3753 deducatur,

1459 3767 1777 3828 completum
1820 3765 2104 3815 Novembri
2136 3780 2266 3813 anino
2298 3766 2416 3813 Chr.
2438 3770 2523 3814 99.

1455 3842 1637 3904 fuerit,
1686 3858 1747 3893 ac
1786 3843 2001 3907 proinde
2029 3843 2290 3906 Trajauus
2326 3843 2524 3903 aliquot

1456 3927 1574 3969 ante
1592 3919 1851 3969 mensibus
1872 3918 2117 3977 redierit;
2145 3917 2382 3982 quoniam
2403 3924 2522 3980 post

1456 3996 1681 4046 reditum
1738 3995 2117 4061 quamplurima
2170 3994 2391 4057 peregit,
2450 3992 2518 4042 ad

1455 4086 1569 4138 quae
1607 4071 1886 4121 necessarii
1916 4069 2128 4119 suerunt
2160 4071 2355 4134 aliquot
2376 4083 2519 4118 meu·

1454 4166 1556 4201 ses.
1629 4151 1836 4199 Etenim
1859 4148 2175 4210 congiarium
2203 4146 2395 4210 populo
2419 4146 2519 4197 dis·

1456 4228 1668 4287 tribuit;
1707 4226 1956 4275 alimenta
1995 4224 2170 4274 liberis
2200 4223 2514 4287 pauperibus

1456 4302 1743 4354 educandis
1767 4301 2050 4363 concessi13
2072 4308 2270 4351 tantam
2295 4316 2515 4353 annonas
