3060 4902
520 395 651 460 612

520 560 604 605 tus
640 559 838 614 noster,
861 552 1220 602 periculorum
1245 567 1294 602 c.
1321 557 1399 601 15.
1425 568 1478 615 p.
1502 556 1586 602 39.

519 633 750 693 ejusdem
787 631 887 681 loci
924 630 1213 692 Symmachi
1246 630 1587 691 meminisset,

520 707 635 757 haec
658 708 837 756 addit:
875 715 889 735 ‘
913 707 1131 755 Labitur
1153 707 1447 770 Scioppius,
1471 721 1588 755 cum

522 785 613 838 ait,
635 799 665 831 a
689 785 827 831 nullo
852 791 1153 845 usurpatum
1181 783 1416 841 verbum,
1433 784 1449 812 ⁸
1466 783 1588 832 ube-

522 864 678 914 rare‚'
699 861 795 907 nisi
824 874 855 908 a
883 860 1135 915 Palladio,
1172 874 1234 907 eo
1274 859 1588 921 significatu.

522 937 657 986 Nam
684 937 820 985 idem
856 938 1193 999 Symmachus
1221 937 1295 984 ita
1319 938 1438 984 alibi
1466 951 1590 1000 quo·

521 1028 623 1076 que
660 1014 903 1076 loquitur,
940 1013 1111 1075 Epist.
1135 1027 1220 1061 111.
1247 1018 1292 1063 l.
1315 1015 1478 1062 ‘Nam
1506 1015 1590 1075 je·

508 1091 668 1155 junas
695 1105 844 1138 aures
869 1104 1028 1144 meas,
1054 1098 1107 1137 et
1134 1090 1371 1151 praeclari
1397 1089 1590 1152 eloquii

520 1169 593 1223 tui
641 1170 762 1216 satis
811 1182 1070 1232 superque
1114 1169 1368 1226 sitientes,
1403 1166 1592 1216 affatus

520 1245 712 1308 largior
741 1244 924 1293 debuit
961 1245 1216 1293 uberare:
1285 1245 1456 1293 Etiam
1485 1245 1586 1291 Pli-

521 1323 658 1377 nius,
715 1323 765 1369 in
808 1323 1069 1384 Panegyr.
1115 1336 1302 1371 xxxii.
1348 1321 1425 1370 2)
1497 1321 1590 1368 His

524 1398 691 1446 adbuc
727 1411 882 1445 unum
920 1397 1093 1445 locum
1129 1397 1263 1445 addo
1300 1411 1363 1445 ex
1387 1395 1591 1444 Pallad.

524 1474 609 1522 tit.
651 1485 738 1522 ιιι.
784 1477 859 1521 17.
900 1476 950 1521 4.
984 1475 1226 1522 ‘Surculi
1270 1482 1465 1531 autem,
1505 1473 1590 1535 qui

524 1549 791 1599 inserendi
829 1556 965 1604 sunt,
999 1550 1103 1598 sint
1140 1552 1345 1604 novelli,
1375 1549 1592 1606 fertiles,

524 1659 538 1674 .
562 1658 577 1674 .
601 1659 617 1675 .
641 1627 854 1688 gemmis
902 1626 1133 1687 pluribus
1177 1625 1420 1672 uberali)
1487 1625 1589 1672 Sed

523 1703 740 1750 verbum
801 1702 1034 1748 neutrius
1093 1703 1312 1763 generis,
1360 1707 1372 1727 ⁴
1402 1701 1592 1748 exube-

522 1776 680 1838 rare‚'
705 1777 739 1823 i.
765 1791 811 1823 e.
838 1775 1047 1822 uberem
1074 1789 1208 1836 esse,
1226 1783 1279 1823 et
1304 1775 1591 1831 abundare,

522 1853 661 1915 opud
695 1852 991 1913 Virgilium,
1024 1853 1280 1907 Tacitum.
1314 1858 1593 1914 utrumque

524 1929 771 1989 Plinium,
802 1928 1033 1990 aliosque
1062 1935 1323 1986 auctores,
1351 1942 1449 1975 nou
1478 1941 1594 1975 raro

523 2005 783 2064 occurrit;
829 2003 1118 2066 eodemque
1166 2018 1372 2066 genere,
1413 2012 1466 2051 et
1509 2018 1594 2051 ea-

523 2080 642 2129 dem
682 2080 909 2134 notione.
940 2081 1099 2129 etiam
1136 2081 1355 2142 simplex
1381 2081 1593 2128 verbnm

523 2157 810 2206 ‘uberare’
846 2159 1034 2219 saepins
1069 2172 1097 2205 a
1134 2157 1422 2206 Columella
1458 2158 1596 2219 posi-

525 2241 633 2284 tum
659 2233 914 2282 invenies.
986 2236 1088 2282 Pro
1127 2233 1223 2282 hoc
1256 2236 1413 2295 igitur
1438 2233 1594 2282 verbo

523 2310 815 2371 ‘uberare,’
854 2319 1111 2374 quatenus
1143 2312 1333 2373 agendi
1370 2312 1469 2359 vim
1505 2313 1592 2359 ha-

525 2388 634 2444 bet,
660 2389 847 2437 Cicero
875 2389 1026 2443 dixit.
1054 2395 1067 2417 ‘
1090 2387 1463 2437 secunditatem
1491 2395 1594 2436 ter·

528 2465 598 2513 ris
641 2464 826 2525 dare3'
881 2466 1084 2513 Plinius
1124 2467 1327 2520 Senior,
1370 2465 1595 2513 ‘uberes

525 2538 741 2601 facere‚’
781 2548 835 2589 et
870 2539 1229 2588 ‘fecundare.’
1300 2540 1370 2587 At
1409 2541 1592 2588 Eume-

526 2618 640 2667 nius
668 2619 820 2666 Grat.
846 2615 969 2666 Act.
994 2630 1072 2665 tx.
1095 2621 1143 2665 6.
1177 2616 1388 2665 adhibet
1425 2618 1475 2665 in
1510 2633 1595 2666 ea-

525 2694 643 2745 dem
670 2695 879 2742 notione
905 2694 1117 2741 verbum
1145 2695 1159 2719 ‘
1182 2692 1464 2741 ubertare.'
1511 2695 1596 2741 Sic

527 2770 661 2817 enim
688 2783 787 2817 non
812 2769 974 2817 solum
1003 2769 1051 2816 in
1078 2768 1257 2816 codice
1279 2784 1412 2831 meo,
1430 2771 1518 2816 sed
1541 2778 1597 2818 et

531 2847 583 2894 in
604 2844 856 2899 omnibus,
874 2859 998 2908 quos
1016 2843 1140 2898 vidi,
1156 2845 1414 2905 impressis
1437 2845 1596 2901 libris,

527 2921 628 2982 legi
652 2937 664 2966 :
699 2927 711 2949 ⁸
734 2920 888 2982 Nam,
912 2920 1044 2968 sicut
1070 2934 1221 2981 agros
1246 2920 1492 2969 diuturno
1518 2936 1597 2970 ar·

530 2998 657 3047 dore
692 2998 931 3046 sitientes
967 2998 1231 3059 expetitus
1261 2997 1397 3046 votis
1434 2998 1600 3047 imber

529 3076 780 3135 ubertat3
832 3075 907 3123 ita
947 3075 1186 3137 lacrymae
1227 3081 1331 3123 tuae
1382 3082 1599 3136 pectora

528 3159 708 3200 nostra
740 3150 936 3211 gaudiis
967 3149 1291 3212 irrigabant.⁹
1358 3152 1452 3198 Est
1478 3153 1597 3200 mihi

529 3228 581 3276 in
618 3226 851 3274 manibus
880 3225 1203 3273 Glossarium
1235 3225 1495 3275 Gerluardi
1532 3227 1598 3276 de

526 3302 813 3355 Scbueren,
844 3301 1137 3350 cancellarii
1161 3303 1417 3365 quondam
1443 3304 1598 3352 Clivi-

529 3379 683 3439 ensis,
696 3378 926 3427 Coloniae
946 3393 1027 3427 an.
1047 3383 1190 3428 1477.
1208 3379 1529 3443 impressum.
1547 3382 1597 3429 in

531 3468 634 3519 quo
653 3453 868 3502 verbum
887 3457 901 3481 ‘
918 3457 1159 3504 ubertare
1177 3454 1188 3475 '
1215 3456 1471 3515 redditur,
1490 3458 1504 3482 ‘
1524 3455 1598 3503 fe·

531 3530 777 3591 enudare,
793 3531 1044 3579 truchtbar
1064 3531 1264 3580 mahen!
1298 3534 1467 3580 Taceo
1487 3534 1598 3581 Hu-

531 3608 811 3671 guydonis,
858 3609 1058 3669 Papiae,
1101 3614 1155 3655 et
1208 3609 1595 3659 Mammotrecti

531 3684 801 3747 glossaria.
866 3685 959 3731 Tb.
987 3685 1255 3733 Reinesins
1280 3686 1449 3747 Epist.
1477 3699 1598 3736 ιιιι.

534 3762 597 3811 ad
659 3760 961 3817 Danuuium,
1007 3760 1070 3808 ad
1119 3761 1376 3823 quendam
1429 3764 1597 3812 locum

533 3836 788 3899 Drepanii
826 3836 989 3898 Flori,
1017 3836 1185 3900 poe'tae
1213 3836 1508 3895 Christiani,
1538 3841 1597 3889 il·

531 3912 878 3972 lustrandum,
921 3913 1093 3972 docet,
1139 3921 1153 3941 ‘
1180 3913 1496 3975 uberitare,'
1544 3923 1598 3965 et

533 3995 548 4018 ⁴
571 3988 854 4049 ubertare,'
889 4003 1004 4039 esse
1038 3988 1478 4054 frequentativum
1512 3994 1602 4040 τοῦ

532 4074 545 4096 ·
571 4066 835 4127 uberare,'
891 4081 954 4114 sc
1014 4075 1196 4116 notare
1251 4067 1267 4095 ⁸
1290 4068 1600 4126 cumulare‚'

533 4142 949 4205 ‘multiplicare’
1020 4145 1086 4192 Et
1124 4158 1266 4198 sane,
1298 4146 1395 4194 hoc
1432 4147 1599 4206 ipsum

535 4221 747 4267 verbum
787 4227 798 4246 ⁴
821 4219 1068 4282 ubertet‚‘
1096 4236 1188 4284 pro
1223 4226 1236 4249 ⁸
1259 4222 1480 4285 uberet,’
1503 4226 1600 4273 eti-

536 4306 616 4341 am
641 4294 842 4344 Gudius
879 4294 944 4343 ad
981 4297 1115 4346 bunc
1151 4298 1319 4347 locum
1358 4299 1600 4364 Panegy-

1227 407 1440 456 NOTAE
1491 405 1898 454 VARtORUM

1956 406 2034 453 m

1664 551 1756 599 rici
1783 550 2027 604 Pliniani,
2049 547 2115 596 de
2142 561 2240 610 quo
2275 546 2494 611 agimus,
2514 560 2615 596 nou
2646 562 2730 597 so·

1662 627 1765 674 lum
1800 626 1849 675 in
1888 625 2115 684 margine
2152 624 2289 677 libri,
2324 624 2375 671 in
2401 637 2501 686 quo
2525 630 2728 672 ceteras

1663 703 1810 766 liujus
1859 701 2169 764 panegyrici
2209 701 2485 753 variantes,
2525 708 2578 748 et
2623 701 2730 760 ple·

1664 793 1877 840 rumque
1905 793 2018 827 cnm
2057 777 2234 824 codice
2261 775 2731 837 Guelpherbytano

1664 857 2052 908 convenientes,
2069 853 2327 902 recensuit
2347 853 2619 910 lectiones3
2638 850 2730 899 sed

1666 941 1720 982 et
1746 933 2004 995 sigillatim
2042 932 2090 979 in
2130 931 2291 993 prima
2325 929 2513 991 pagina
2541 930 2732 991 ligatu·

1666 1026 1736 1059 rae
1774 1011 1916 1073 liujus
1953 1007 2284 1069 exemplaris,
2318 1006 2607 1065 annotavit,
2635 1005 2731 1053 do-

1667 1087 1897 1149 cuitque,
1940 1099 1995 1131 se
2039 1083 2088 1130 id
2131 1083 2179 1129 in
2220 1089 2394 1129 vetere
2427 1081 2608 1129 codice
2652 1096 2732 1128 re·

1668 1164 1880 1225 perisse.
1935 1160 2179 1222 Hucjam
2204 1158 2405 1208 accedit
2432 1155 2730 1220 suffragium

1667 1240 1820 1286 trium
1843 1237 2079 1284 codicum
2107 1236 2233 1283 Mss.
2259 1233 2603 1282 Bibliotheca·
2628 1234 2733 1282 Va·

1668 1316 1865 1368 ticanae.
1904 1328 2090 1374 nempe
2130 1327 2269 1360 num.
2308 1315 2450 1360 1775.
2497 1315 2640 1360 1776.
2676 1318 2734 1362 et

1665 1396 1811 1441 3461.
1832 1393 1880 1439 in
1907 1392 2086 1453 quibus
2111 1389 2324 1451 singulis
2348 1389 2543 1437 diserte
2569 1388 2734 1452 scrip·

1669 1475 1775 1517 tum
1812 1477 1888 1515 est
1925 1468 2128 1515 abertet.
2195 1466 2345 1514 Solus
2369 1464 2535 1513 codex
2560 1466 2734 1513 Vatic-

1668 1550 1810 1593 1475.
1835 1545 1988 1592 habet
2014 1544 2212 1600 ubera,-
2246 1542 2380 1607 quod
2406 1556 2526 1591 vero
2556 1550 2611 1590 et
2647 1555 2734 1592 ce·

1669 1623 1765 1670 teri
1827 1620 2035 1669 codices
2092 1627 2370 1668 ostentant.
2454 1619 2734 1682 Equidem,

1668 1712 1837 1759 neque
1875 1702 1888 1724 ‘
1911 1697 2171 1758 uberare‚’
2204 1712 2318 1744 cum
2357 1696 2735 1759 significatione

1669 1774 1812 1823 verbi
1842 1775 2061 1835 agentis,
2088 1787 2255 1838 neque
2279 1774 2294 1800 ‘
2313 1773 2589 1833 ubertare,’
2611 1774 2734 1822 buc·

1670 1867 1830 1918 usque
1878 1855 1927 1902 in
1971 1851 2315 1914 scriptoribus
2363 1853 2460 1901 aevi
2509 1853 2736 1903 Pliniani

1670 1931 1898 1991 reperire
1937 1930 2117 1989 licuit;
2152 1937 2384 1977 attamen
2422 1943 2523 1977 nou
2564 1930 2737 1979 omnia

1671 2007 1828 2055 verba
1874 2022 1992 2054 rara
2038 2014 2158 2055 sunt
2209 2007 2383 2054 statim
2428 2006 2735 2069 rejicienda.

1670 2084 1736 2131 Et
1762 2081 1897 2130 forte
1932 2088 1945 2110 ‘
1970 2080 2226 2137 uberare-‚¹
2251 2091 2490 2144 tauquam
2519 2081 2736 2131 verbum

1670 2174 1845 2220 agens,
1894 2160 1941 2206 in
1992 2159 2164 2221 plures
2214 2158 2524 2219 scriptorum
2574 2158 2739 2220 locos,

1672 2250 1763 2298 pro
1790 2238 1804 2263 ‘
1827 2235 2104 2290 ubertare,’
2130 2235 2360 2298 irrepsit.
2410 2234 2425 2262 ⁶
2447 2234 2705 2283 Ubertare
2726 2234 2739 2255 ²

1672 2320 1815 2360 certe
1852 2311 2166 2374 panegyrico
2189 2311 2396 2359 dicendi
2435 2311 2613 2373 generi
2646 2326 2742 2374 ap·

1674 2390 1775 2438 tius
1835 2389 2058 2438 videtur.
2151 2388 2344 2437 Admisi
2411 2389 2571 2453 igitur
2623 2389 2740 2443 hoc.

1675 2481 2000 2529 quamquam,
2048 2466 2183 2529 quod
2235 2464 2423 2523 fateor,
2468 2479 2570 2513 non
2624 2465 2738 2513 sine

1673 2544 1809 2591 omni
1864 2543 2206 2592 haesitatione.
2281 2543 2386 2591 Sed
2438 2541 2571 2591 idem
2622 2543 2737 2605 jam

1674 2634 1878 2684 quoque
1935 2635 1999 2667 ex
2056 2627 2234 2667 nostro
2291 2618 2480 2667 iudicio
2529 2617 2740 2668 admisit

1675 2695 1958 2745 Gesnerus.
2001 2695 2151 2744 Idem.

1741 2773 1879 2820 Mala
1896 2772 2194 2836 sterilitatis]
2237 2770 2366 2820 Haec
2389 2779 2528 2831 sunt,
2546 2771 2741 2834 inopia,

1675 2850 1864 2898 caritas
1889 2864 2124 2910 annonae,
2147 2847 2328 2904 fames,
2346 2855 2399 2896 et
2422 2848 2521 2896 alia
2545 2848 2739 2896 incom-

1676 2925 1859 2983 moda;
1903 2925 2039 2973 sicut
2084 2941 2112 2972 e
2150 2926 2415 2974 contrario
2449 2932 2463 2955 ‘
2489 2926 2622 2973 bona
2662 2922 2740 2973 fe·

1676 2999 1988 3049 cunditatis‘
2015 3006 2136 3048 sunt
2169 3001 2341 3063 copia,
2370 3008 2423 3049 et
2444 3002 2616 3050 vilitas
2648 3014 2739 3050 an-

1678 3090 1848 3132 nouae,
1872 3083 1927 3123 et
1949 3073 2214 3138 αὐτάρκεια.
2248 3077 2398 3127 Idem.

1743 3153 1882 3200 Mala
1908 3153 2208 3216 sterilitatis]
2245 3154 2333 3202 Sic
2355 3152 2419 3207 de
2441 3153 2619 3202 Tiber.
2641 3155 2739 3203 Τι-

1678 3227 1770 3277 cit.
1794 3228 1983 3277 Annal.
2011 3243 2088 3277 tv.
2111 3234 2160 3277 6.
2185 3230 2199 3255 ‘
2223 3229 2378 3279 Plebs
2401 3229 2510 3279 acri
2535 3244 2742 3281 annona

1676 3304 2014 3368 fatigabatur,
2038 3306 2127 3354 sed
2161 3307 2300 3354 nulla
2337 3307 2386 3354 in
2421 3321 2484 3356 eo
2509 3322 2573 3356 ex
2598 3308 2743 3371 prin·

1678 3381 1796 3445 cipe
1819 3384 2005 3443 culpa3
2037 3384 2158 3446 quin
2185 3382 2551 3433 infecunditati
2574 3392 2743 3434 terra-

1679 3473 1805 3513 rum,
1844 3467 1933 3508 aut
1980 3460 2178 3522 asperis
2217 3462 2373 3508 maris
2414 3460 2619 3509 obviam
2661 3461 2743 3523 iit,

1678 3543 1925 3597 quantum
1965 3536 2225 3599 impendio
2250 3537 2625 3602 diligentiaque
2650 3552 2744 3602 po·

1678 3612 1855 3660 terat.’
1890 3612 2041 3660 Beru.
2728 3637 2731 3640 ¹

1744 3689 1963 3737 AEteruis
1992 3688 2347 3751 commeatibus]
2393 3688 2474 3738 Ατι
2507 3691 2749 3740 cumis?

1677 3765 1873 3824 etiam3
1929 3772 1984 3814 et
2037 3764 2225 3814 deinde
2275 3773 2500 3815 seruntur
2551 3767 2747 3817 malim.

1674 3841 1811 3905 Lips.

1745 3919 1964 3968 AEternis
1999 3917 2352 3982 commeatibus]
2397 3919 2604 3982 Lipsius
2622 3947 2627 3952 ·
2648 3935 2745 3986 pro

1676 3998 1874 4047 oeternis
1909 3998 2085 4047 maluit
2121 3998 2331 4047 alternis.
2401 3997 2533 4048 Quae
2577 4008 2747 4051 mutn-

1681 4077 1754 4124 tio
1777 4077 1934 4125 etiam
1960 4076 2155 4139 placuit
2177 4074 2434 4124 Gesnero.
2485 4074 2552 4123 Et
2572 4084 2747 4139 putes,

1678 4152 1808 4200 banc
1845 4165 2024 4200 vocem
2063 4152 2262 4200 alternis
2298 4165 2587 4212 congruere
2625 4168 2743 4203 cnm

1678 4228 2014 4291 sequentibus
2053 4227 2248 4289 verbis,
2284 4242 2442 4276 omnes
2471 4234 2640 4288 gentes
2671 4234 2746 4279 in-

1675 4305 1824 4354 vicem
1863 4303 2070 4367 capiant.
2150 4303 2366 4359 Aduaec.
2412 4305 2533 4354 alibi
2586 4308 2745 4357 etiam
