3060 4902
771 398 836 445 G.
892 395 1135 445 rhum
1185 394 1517 446 sssouum
1570 396 1839 450 PANBG.

329 540 461 590 tien.
496 539 764 592 Βοῦσαι-ι.

392 618 597 682 Libera]
635 619 773 670 Qun
811 632 916 668 nan
955 618 1079 668 item
1120 618 1218 669 sub
1251 620 1401 669 malis

327 694 761 757 imperatoribus,
834 696 1088 758 Caligula,
1161 696 1399 758 Vitellio,

327 770 658 821 Domitiano.
730 773 816 820 De
851 772 1147 821 Domitiano
1180 773 1400 823 sueton.

326 864 373 899 c.
401 853 480 897 10.
511 850 528 877 ⁸
556 850 771 898 Putrem
806 849 1044 908 familias,
1068 852 1203 915 quod
1236 853 1398 900 Thra-

326 939 441 974 cem
494 926 790 974 mirmilloni
849 941 1047 990 parem,
1105 930 1398 977 munerario

327 1000 388 1065 [i.
411 1017 460 1051 e.
499 1004 797 1051 Domitiano
822 1016 1004 1051 mimus
1035 1004 1395 1065 gladiatorium

326 1078 554 1143 edenti,]
601 1079 874 1140 imparem,
917 1078 1153 1139 dixerst3
1189 1079 1395 1129 detrac-

326 1161 438 1205 tum
461 1170 490 1204 e
515 1156 831 1219 spectaculis
854 1157 904 1204 iu
931 1170 1157 1216 arenam,
1180 1158 1397 1208 canibus

327 1231 542 1294 objecit,
564 1246 682 1280 cum
708 1231 806 1281 hoc
844 1233 1025 1281 titulo:
1058 1233 1227 1297 Impie
1256 1236 1396 1284 locu·

323 1314 410 1357 tus
436 1307 816 1370 parmularius!
852 1308 1070 1358 Patami.

329 1395 344 1417 ἲ
393 1386 728 1448 Spectantium
747 1387 934 1451 studia]
958 1387 1089 1438 Quae
1112 1398 1273 1447 metu,
1291 1393 1394 1441 cla·

325 1476 492 1523 more,
535 1464 835 1527 sponsione,
877 1463 1194 1515 indicabant.
1263 1467 1394 1518 Vide

324 1553 410 1588 rue
430 1540 607 1590 Satur.
633 1553 695 1589 rr.
720 1544 804 1589 24.
835 1541 972 1603 Lips.

390 1615 719 1677 &peccantium
736 1617 923 1682 studia]
946 1613 1129 1668 “olim
1154 1634 1218 1669 ex
1243 1635 1392 1684 spec·

325 1693 514 1741 toculis
550 1693 772 1741 materis
806 1693 1037 1742 criminis
1074 1710 1136 1745 sc
1174 1698 1393 1760 periculi

323 1768 697 1831 qanaerebainr:
770 1770 957 1820 Senec.
1009 1771 1172 1820 Clem.
1222 1787 1261 1823 ι.
1313 1780 1395 1825 26.

322 1845 548 1895 Sueton-
566 1845 679 1898 Col.
698 1859 815 1910 csp.
835 1851 920 1896 ³0.
957 1848 1158 1899 Domit·
1180 1865 1298 1916 cap.
1317 1856 1393 1901 10·-

321 1921 481 1970 Rern.

404 1997 611 2047 Nemini
648 1999 892 2065 impietas]
941 2001 1090 2053 Quod
1133 2003 1228 2053 sub
1265 2004 1393 2055 Caio

320 2080 379 2121 et
407 2073 717 2124 Domitiano
751 2074 941 2126 factum
976 2078 1163 2129 ibidem
1198 2083 1394 2132 notavi.

320 2148 502 2200 Quare
524 2157 697 2199 nutem
724 2152 739 2178 ‘
754 2151 994 2215 impietas
1009 2153 1043 2203 ?’
1063 2157 1185 2219 quia
1208 2165 1393 2208 contra

321 2226 554 2275 studium
605 2227 855 2293 principis
899 2228 1176 2283 favebant:
1234 2245 1389 2299 atque

319 2301 393 2351 its
416 2304 542 2351 laess,
560 2305 828 2367 majestas,
843 2308 977 2371 quod
1004 2310 1360 2373 ‘impietatem
1374 2311 1389 2333 ’

319 2380 593 2443 appellant
618 2380 702 2445 (et
729 2382 903 2431 Graeci
927 2385 1111 2446 passim
1136 2385 1389 2451 ἀσέβειαν)

320 2459 442 2520 quin
486 2458 728 2522 publicus
774 2461 858 2509 ille
903 2476 1091 2525 pareus
1135 2466 1385 2527 violatus3

319 2532 403 2581 vel
425 2534 548 2596 qnia
583 2543 638 2584 et
673 2534 937 2595 divinitas,
967 2552 1119 2602 quam
1152 2542 1247 2591 sibi
1284 2542 1387 2592 duo

308 2608 421 2671 jam
445 2608 576 2658 dicti
604 2610 955 2664 vindicabant.
988 2616 1125 2679 Lips.

385 2685 644 2749 Impietas]
678 2688 735 2737 Si
769 2690 881 2751 quis
912 2692 1109 2743 odisset
1136 2695 1386 2757 gladiato·

319 2777 447 2820 rem,
488 2765 573 2813 cui
615 2762 829 2816 favebat
864 2768 1170 2831 imperator,
1204 2774 1387 2837 impius

316 2837 624 2900 dicebatur-3
663 2843 810 2906 quasi
848 2855 1091 2907 peccaret
1118 2848 1166 2895 iu
1193 2849 1387 2907 Deum,

316 2929 433 2964 cum
457 2930 515 2965 se
552 2931 649 2980 pro
678 2919 794 2968 Diis
829 2920 928 2970 coli
967 2922 1149 2972 beiluae
1174 2925 1270 2974 illae
1297 2927 1385 2989 ju·

317 2991 520 3042 herent.
591 2995 798 3044 Deinde
832 2997 1043 3056 ἀσέβεια,
1074 3008 1127 3050 et
1153 3002 1388 3066 impietas,

316 3069 586 3133 sigillatim
617 3072 682 3122 de
719 3076 933 3126 crimine
962 3080 1250 3142 majestatis
1281 3082 1384 3131 dici

314 3159 714 3198 consueverunt.
754 3153 964 3203 Patarol.

383 3225 582 3274 odisset
629 3227 970 3294 gladiatorem]
1017 3231 1146 3281 Tale
1201 3246 1384 3297 genus,

312 3301 544 3364 principi
569 3317 762 3353 carum.
793 3305 932 3369 Lips.

317 3415 326 3426 .
378 3379 713 3442 Spectaculum
731 3380 927 3448 sactus]
961 3383 1138 3435 Genus
1161 3385 1259 3434 boc
1284 3401 1381 3437 sae·

312 3453 455 3502 vitia
490 3470 523 3504 ιι
549 3455 677 3504 Caio
718 3457 1006 3507 exhibitum
1038 3466 1094 3507 et
1130 3460 1381 3511 Domitiu-

312 3543 396 3581 uo.
468 3531 552 3579 De
589 3532 674 3581 illo
708 3533 924 3583 Sueton.
955 3549 1004 3584 c.
1027 3539 1109 3584 27.
1143 3537 1159 3563 ⁸
1183 3537 1382 3587 Multos

311 3605 517 3656 honesti
575 3608 795 3665 ordinis,
865 3609 1182 3662 deformatos
1237 3615 1380 3677 prius

309 3685 616 3747 stigmatum
642 3686 800 3744 uotis,
835 3686 900 3735 ad
935 3689 1160 3748 metalla,
1193 3698 1284 3740 aut
1313 3691 1378 3740 ad

309 3761 507 3809 viarum
547 3762 879 3820 munitionen,
920 3770 1011 3813 stit
1055 3764 1120 3813 ad
1167 3765 1380 3828 bestias,

311 3836 701 3901 condemnavit,
763 3846 856 3887 sut
906 3839 1184 3890 bestiarum
1236 3855 1380 3892 more

309 3912 680 3978 quadrupedes
704 3928 868 3963 cavea
891 3914 1143 3975 coercuit,
1168 3925 1258 3967 aut
1275 3934 1380 3968 me-

308 3991 418 4040 dios
471 3995 644 4042 serra*
675 3992 948 4041 dissecuit.
1039 3995 1153 4044 Nec
1205 4011 1380 4046 omues

308 4069 549 4131 gravibus
574 4083 642 4118 ex
666 4069 899 4128 caussis;
937 4083 1110 4119 verum
1146 4073 1280 4121 male
1310 4073 1378 4122 de

307 4158 517 4196 munere
561 4159 656 4194 suo
693 4144 977 4208 opinatos,'
1015 4150 1113 4197 Sec.
1156 4147 1238 4201 Cf.
1277 4150 1377 4200 Dio

310 4221 446 4272 eus.
478 4221 570 4271 lib.
606 4234 726 4272 mx.
759 4235 884 4284 pag.
906 4225 1023 4271 647.
1059 4231 1114 4272 et
1147 4225 1379 4275 Zonaras

307 4299 437 4351 Ana.
461 4313 526 4350 rr.
551 4314 677 4364 pag.
697 4301 817 4347 178.
866 4297 1023 4348 Aliud
1039 4301 1151 4363 ejus
1169 4304 1377 4366 generis

1920 403 1965 449 1.
1997 386 2104 451 33.
2411 392 2541 459 621

1476 545 1769 608 exemplum
1803 547 1872 596 ibi
1899 546 2059 598 refert
2082 547 2297 601 Suetou'.
2324 565 2439 616 csp.
2461 559 2544 604 8⁵.

1474 635 1489 662 ε
1507 625 1637 674 Erat
1653 626 1804 675 Euius
1822 627 2074 676 Proculus
2093 637 2240 690 patre
2260 632 2541 702 primipila-

1474 701 1537 758 ri,
1552 702 1618 751 ob
1631 706 1890 766 egregium
1906 706 2134 767 corporis
2149 709 2541 771 amplitudinem

1475 787 1528 827 et
1548 782 1777 842 speciem
1805 783 2099 832 Colosseros
2123 784 2314 832 dictus.
2382 788 2540 837 Hunc

1476 870 1504 903 e
1527 859 1845 918 spectaculis
1880 859 2194 917 detractum,
2228 869 2461 925 repente,
2486 870 2540 914 et

1474 932 1524 980 iu
1552 948 1761 983 arenam
1781 934 2083 992 deductum,
2107 937 2315 1000 Thraci,
2338 948 2392 988 et
2419 956 2537 990 mox

1472 1007 1827 1070 hoplomacho,
1863 1012 2204 1073 comparavit,
2230 1014 2411 1077 bisque
2437 1018 2538 1067 vic·

1475 1088 1638 1132 torem
1670 1086 1956 1147 constringi
1982 1086 2093 1134 sine
2117 1102 2258 1136 mora
2283 1089 2461 1154 jussit,
2483 1101 2538 1143 et

1474 1161 1658 1223 pannis
1694 1162 1918 1211 obsitum
1960 1163 2167 1212 vicatim
2206 1166 2539 1230 circumduci,

1471 1251 1535 1285 ac
1558 1238 1860 1287 mulieribus
1898 1241 2125 1299 ostendi,
2158 1241 2348 1291 deinde
2378 1245 2535 1307 jugu-

1470 1311 1605 1361 lari!
1661 1314 1740 1361 De
1767 1314 2064 1365 Domitiano
2090 1318 2261 1378 paullo
2283 1325 2403 1370 ante
2426 1321 2535 1372 dic-

1472 1395 1580 1436 tum
1606 1395 1705 1437 est.
1761 1390 1932 1438 Etiam
1954 1393 2174 1453 Seneca,
2196 1394 2260 1442 de
2279 1397 2385 1445 suis
2405 1406 2533 1447 tem-

1470 1465 1703 1527 poribus,
1746 1467 1814 1516 de
1860 1469 2115 1518 Clemeut.
2155 1486 2197 1519 ι.
2232 1476 2313 1520 26.
2360 1476 2375 1500 ‘
2416 1475 2534 1524 Nou

1468 1543 1769 1603 spectacula
1806 1558 1988 1592 secura
2015 1544 2218 1606 incinit,
2255 1561 2319 1596 ex
2345 1549 2533 1613 quibus

1468 1619 1691 1667 materia
1729 1620 1958 1669 criminis
2000 1628 2056 1671 et
2093 1623 2311 1685 periculi
2348 1628 2534 1690 quaeri·

1469 1693 1589 1743 tur!
1623 1696 1841 1744 Paean-ol.
2526 1728 2529 1733 -

1534 1771 1686 1820 Nemo
1702 1789 1729 1822 e
1746 1779 2006 1836 spectatore
2020 1779 2330 1840 spectaculum
2338 1778 2532 1846 sactus]

1468 1848 1698 1910 Vulgata
1745 1851 1901 1900 lectio
1948 1861 2047 1913 est,
2105 1854 2255 1903 Nemo
2298 1863 2533 1918 spectator

1465 1926 1776 1985 spectaculum
1784 1926 1969 1985 sactus.
2019 1930 2274 1993 Equidem
2293 1946 2393 1982 nou
2410 1934 2530 1983 sim·

1468 2000 1676 2063 pliciter
1698 2001 1827 2052 hanc
1851 2002 2070 2066 dsmu03
2105 2006 2152 2054 ei
2182 2015 2352 2056 tamen
2378 2009 2529 2060 aliam

1465 2076 1515 2124 iu
1556 2080 1780 2142 vestigiis
1819 2089 1897 2130 tot
1929 2082 2163 2131 codicum
2199 2087 2527 2149 conspicuam

1466 2153 1684 2216 praefcro
1730 2170 1845 2205 cum
1893 2158 2141 2207 Livineio.
2225 2160 2272 2209 A
2320 2164 2529 2224 vulgata

1464 2231 1600 2278 enim
1645 2246 1840 2293 omnes,
1885 2236 2074 2298 qriibus
2118 2250 2236 2283 usus
2278 2251 2406 2295 sum,
2443 2253 2528 2288 co·

1465 2305 1610 2355 dices
1639 2309 1767 2356 Mss.
1792 2311 2062 2359 recedunt.
2113 2312 2250 2360 Tres
2274 2314 2529 2378 Vaticani,

1465 2382 1798 2446 Parisiensis,
1827 2385 2077 2447 Venetus,
2103 2387 2528 2451 salisburgensis,

1463 2466 1519 2507 et
1552 2473 1715 2523 meus,
1741 2460 1937 2510 habent
1964 2463 2114 2512 Nemo
2136 2470 2409 2526 expectator
2441 2484 2527 2516 ex-

1458 2540 1769 2599 pectaculum.
1853 2539 1917 2588 In
1974 2542 2227 2590 Vaticano
2273 2546 2419 2592 3⁴61.
2471 2551 2527 2594 et

1464 2614 1954 2679 Guelpherbytano,
1977 2618 2227 2680 scriptum
2253 2627 2331 2667 est
2361 2620 2530 2684 Nemo,

1461 2694 1510 2738 et
1561 2691 1811 2754 spectator,
1865 2699 1910 2741 et
1966 2695 2297 2756 spectaculum,
2338 2695 2526 2754 sactus.

1464 2766 1619 2816 Latet
1671 2768 1719 2816 in
1779 2770 1875 2818 hac
1928 2771 2213 2833 depravata
2265 2773 2527 2835 scriptura

1464 2841 1623 2892 lectio
1648 2845 1834 2906 verior,
1872 2846 2023 2894 Nemo
2050 2862 2075 2894 e
2109 2854 2370 2910 spectatore
2395 2864 2525 2911 spec·

1464 2922 1669 2968 taculum
1686 2922 1868 2979 sactus.
1937 2921 2278 2971 Occasionem
2310 2938 2523 2988 corrup·

1464 2997 1583 3045 telae
1628 2996 1786 3045 facile
1843 2997 1967 3046 dare
2021 3007 2304 3060 potueruut
2354 3001 2522 3051 iiterae

1461 3071 1596 3119 male
1620 3073 1958 3136 cohaerentes,
1992 3089 2087 3123 nec
2120 3077 2245 3124 satis
2276 3075 2524 3130 distincte

1460 3148 1701 3211 scriptae3
1738 3165 1787 3197 v.
1825 3166 1873 3212 g.
1910 3156 2522 3216 espectatorespectacutum.

1460 3224 1562 3274 Qui
1576 3226 1716 3288 quasi
1732 3228 1977 3276 continuo
1991 3242 2125 3278 nexu
2144 3231 2402 3280 scribendi
2417 3248 2523 3281 mo-

1460 3300 1556 3348 dus
1573 3303 1891 3363 potissimum
1908 3305 2218 3355 observatur
2236 3308 2285 3355 iu
2312 3309 2523 3359 charac-

1461 3385 1572 3426 tere
1590 3379 1830 3428 Gothico-
1843 3381 2051 3444 Italico,
2068 3390 2221 3444 prout
2235 3399 2262 3431 a
2284 3386 2523 3436 Mabilio-

1459 3457 1546 3506 nio
1593 3458 1907 3521 appellatur.
1975 3460 2130 3508 Haud
2172 3475 2321 3510 secus
2366 3462 2523 3512 libra·

1457 3534 1564 3582 rius
1579 3535 1772 3583 codicis
1789 3535 2116 3595 Parisiensis,
2132 3549 2223 3585 xm
2236 3551 2271 3585 ι.
2289 3540 2335 3584 3.
2351 3552 2415 3586 ex
2435 3553 2522 3588 ea·

1457 3620 1577 3670 dem
1619 3636 1798 3672 carrusa
1845 3622 2108 3687 inquinate
2151 3625 2380 3688 scripsit,
2423 3642 2521 3675 om·

1455 3713 1539 3747 nes
1574 3701 1760 3748 delator
1793 3701 2071 3749 edomeseico
2106 3700 2299 3750 liberati
2340 3717 2521 3764 summ,

1457 3788 1574 3823 cum
1635 3775 1868 3824 scribere
1909 3776 2194 3832 debuisset,
2237 3793 2396 3826 omnes
2436 3782 2520 3828 de-

1454 3849 1607 3898 latore
1655 3851 1909 3899 domestico
1953 3852 2140 3901 liberati
2182 3868 2356 3901 suiuus.
2432 3855 2520 3905 Sic

1453 3930 1511 3974 et
1546 3926 1819 3989 Scioppius
1859 3927 1925 3977 de
1963 3926 2094 3977 Arte
2128 3929 2260 3977 Crit.
2295 3944 2414 3993 pag.
2440 3933 2521 3980 83.

1455 4000 1707 4057 ostendit,
1762 4002 2044 4066 saepissimc
2100 4004 2332 4054 ultimam
2377 4007 2518 4054 vocis

1454 4078 1805 4141 praecedeutis
1828 4081 2031 4129 literam
2050 4083 2287 4145 sequenti
2310 4082 2358 4130 iu
2377 4082 2519 4130 codi-

1453 4152 1599 4203 cibus
1625 4155 1922 4204 udhaesisse.
1956 4157 2018 4206 In
2043 4156 2330 4219 hujusmodi
2355 4159 2517 4221 scrip·

1452 4237 1623 4278 turam
1663 4245 1778 4281 curu
1827 4230 1963 4279 forte
2004 4231 2244 4280 inciderit
2284 4233 2421 4281 rudis
2460 4235 2518 4282 li-

1454 4306 1655 4356 brutius
1698 4308 2012 4371 Panegyrici
2049 4307 2289 4366 Pliniani,
2331 4311 2515 4374 legisse
