3060 4902
736 357 802 402 c.
850 350 1089 404 enimi
1137 349 1467 402 suenum
1517 348 1795 398 mune.
1872 348 1921 397 ι.
1950 331 2061 397 72.

295 501 557 552 duntaxat
579 498 733 550 rebus
753 496 1113 549 enumerandis
1134 496 1365 561 particu-

295 581 349 630 la
370 580 572 644 denique
588 586 884 641 usurpetur,
899 577 1009 640 jam
1033 589 1190 637 supra
1203 588 1360 624 nxvt.

295 660 349 706 ὃ.
372 654 666 706 observavi.
733 652 1110 716 Unde-opinor,
1138 651 1363 700 Livinei-

296 747 385 780 um
409 732 461 781 in
485 732 715 793 margine
728 728 976 779 editionis
995 743 1101 777 suae
1120 735 1363 776 annotas-

295 822 375 863 se,
398 822 495 872 pro
520 809 651 858 Deos
685 806 901 870 denique,
919 804 1055 854 forte
1079 802 1358 866 legendum

299 900 418 936 esse
442 886 679 949 Deosque.
746 883 853 943 Sed
890 883 1017 932 nibil
1050 883 1103 930 in
1137 882 1213 929 bis
1250 895 1358 929 mu-

300 970 416 1011 tare
441 963 626 1010 audeo.
660 959 906 1009 Schwnrz.

367 1038 500 1085 Deos
520 1036 718 1098 denique
737 1031 1006 1095 obsecrare]
1041 1032 1213 1095 Forte,
1255 1034 1358 1082 De·

294 1128 441 1176 osque
459 1113 717 1162 obsecrare.
754 1111 919 1159 Liviu.

374 1191 474 1239 Uni
515 1189 627 1254 tibi]
663 1186 767 1237 qu.
808 1200 960 1236 xciv.
1004 1191 1054 1235 8.
1088 1184 1358 1247 ‘Simplex

299 1277 596 1332 cunctaque
619 1265 1056 1329 istacomplexum
1075 1278 1227 1311 unum
1252 1277 1361 1311 oin-

297 1344 441 1395 nium
486 1353 660 1393 votum
706 1349 806 1401 est,
863 1343 1012 1391 Salus
1063 1336 1364 1402 Principis.’

298 1421 455 1473 Adde
473 1420 711 1470 Messalas
729 1418 908 1482 verba,
928 1417 979 1466 in
994 1418 1206 1466 Sueten.
1223 1414 1361 1480 Aug.

298 1512 352 1548 c.
373 1503 455 1547 58.
489 1497 626 1559 Lips.

374 1574 472 1622 Uni
495 1572 609 1637 tibi]
646 1571 787 1621 Alibi
811 1569 968 1620 etiam
994 1569 1045 1619 iu
1083 1569 1217 1618 hanc
1246 1582 1361 1617 seu·

298 1650 519 1700 tentiam
542 1650 772 1713 loquitur
792 1648 1022 1708 Plinius;
1060 1662 1107 1696 v.
1132 1662 1181 1709 g.
1203 1661 1361 1710 snpra

299 1739 476 1776 xxm.
497 1732 548 1775 5.
582 1733 596 1755 ⁴
619 1726 689 1774 Ut
720 1724 774 1774 in
799 1726 942 1773 unius
965 1724 1131 1772 salute
1171 1725 1363 1773 collata

297 1805 524 1853 omnium
549 1804 692 1852 vota!
728 1817 843 1852 cum
869 1801 966 1851 sibi
991 1816 1047 1850 se
1087 1815 1148 1850 ac
1184 1802 1361 1851 liberis

297 1881 405 1929 suis
429 1880 786 1943 intelligerent
813 1878 1032 1941 precari,
1056 1892 1171 1942 qnae
1196 1893 1289 1940 pro
1310 1886 1361 1927 te

300 1954 684 2020 precarentur.'
757 1954 901 2005 Infra
937 1968 1089 2004 xciv.
1127 1959 1175 2003 2.
1208 1955 1361 2004 ‘Non

300 2041 356 2080 te
380 2031 737 2094 distringimus
761 2032 926 2080 votis:
964 2045 1063 2079 uon
1102 2029 1238 2079 enim
1276 2044 1362 2093 pa-

301 2123 435 2170 cem,
456 2123 555 2157 uon
580 2107 933 2167 concordiam,
971 2120 1072 2155 non
1113 2107 1363 2155 securita-

302 2193 428 2245 tem,
449 2199 548 2233 non
572 2199 719 2247 opes,
739 2199 962 2247 oramus,
984 2198 1085 2232 non
1111 2185 1326 2233 bonores
1346 2202 1360 2231 z

301 2261 528 2324 simplex
565 2271 859 2324 cunctaque
899 2260 999 2309 ista
1035 2261 1362 2322 complexum

301 2352 460 2386 unum
486 2337 708 2385 omnium
729 2344 904 2385 votum
925 2343 1026 2394 est,
1041 2337 1193 2383 Salus
1213 2337 1366 2385 Prin-

299 2413 473 2478 cipis!
540 2413 687 2463 Idem
713 2414 883 2476 Epist.
902 2426 957 2462 x.
981 2416 1062 2462 ⁴4.
1100 2412 1366 2462 ‘solennia

301 2501 426 2539 vota
451 2506 545 2553 pro
568 2491 924 2539 incolumitate
962 2497 1067 2545 tus,
1094 2504 1194 2551 qna
1231 2491 1365 2538 salus

300 2566 514 2629 publica
537 2567 850 2625 continetur,
887 2563 1232 2626 sitacipinius!
1297 2565 1367 2614 Et

301 2643 474 2705 Epist.
496 2647 577 2692 60.
612 2647 627 2671 ⁸
650 2642 855 2689 Precati
882 2642 1044 2699 Deos,
1085 2648 1141 2687 ut
1184 2648 1236 2688 te
1276 2655 1362 2703 ge·

301 2720 414 2766 neri
433 2719 674 2773 humano,
691 2718 835 2781 cujus
860 2716 1016 2764 tutela
1041 2724 1093 2764 et
1114 2718 1364 2765 securitas

300 2796 456 2844 saluti
482 2805 584 2844 tuae
612 2795 774 2842 innisa
809 2801 909 2855 est,
934 2792 1239 2840 incolumem
1273 2791 1364 2841 flo-

301 2879 604 2934 rentemque
648 2868 993 2931 praestarent!
1058 2870 1253 2917 Seneca
1298 2868 1363 2918 de

300 2950 560 2999 Clement.
587 2962 625 2997 t.
658 2951 737 2997 19.
772 2952 786 2974 ⁴
806 2946 945 2998 Quid
982 2946 1242 3007 pulchrius
1266 2955 1365 3002 est,

299 3058 314 3073 .
336 3057 351 3075 .
369 3060 383 3074 .
403 3040 554 3090 quam
581 3024 705 3072 nibil
722 3037 834 3072 esse
859 3023 1095 3085 cuiquam
1118 3032 1222 3071 tam
1249 3037 1364 3084 pre·

301 3104 512 3157 tlosnrn.
533 3100 669 3165 quod
692 3115 792 3149 non
819 3115 911 3162 pro
934 3099 1102 3148 salute
1130 3098 1364 3161 presidis

300 3180 381 3228 sni
407 3183 781 3228 commutatum
818 3176 982 3225 velit?
1017 3190 1186 3236 omne,
1224 3173 1361 3238 quod

297 3255 376 3304 illi
401 3255 674 3314 contingit.
693 3253 789 3302 sibi
812 3266 1019 3317 quoque
1043 3252 1254 3299 evenire
1276 3249 1364 3297 de-

299 3329 506 3394 putet?
573 3329 636 3378 In
662 3326 1092 3377 antecedentibus
1115 3326 1301 3381 verbis,
1320 3325 1365 3373 si

300 3409 488 3458 brevius
538 3407 605 3456 sit
657 3406 929 3469 optandum,
989 3404 1157 3453 codex
1202 3404 1363 3452 Guel-

300 3484 488 3549 pberb.
508 3498 601 3546 pro
624 3483 707 3544 sit,
728 3483 886 3530 babet
908 3486 999 3529 est.
1036 3480 1289 3530 Schwart-

367 3561 490 3610 Fuit
531 3559 736 3623 tenpus]
784 3559 891 3608 Sub
923 3557 1069 3606 malis
1114 3555 1364 3620 principi·

297 3637 415 3687 bus.
449 3636 589 3700 Lips.

364 3713 485 3763 Alia
503 3711 725 3774 adversa]
758 3708 1102 3761 Dissidebant
1129 3705 1284 3762 enim.
1307 3714 1362 3757 et

294 3793 546 3855 princeps
581 3797 819 3838 senatum
858 3786 1017 3835 minui
1057 3786 1139 3833 vel
1175 3783 1363 3846 perire,

295 3867 397 3931 ipsi
425 3867 710 3929 principem
733 3865 1006 3929 optabant.
1040 3863 1194 3910 Idem.

359 3943 423 3992 Sa·
457 3942 640 4006 posses]
674 3942 718 3991 1.
754 3956 802 3990 e.
838 3941 881 3990 si
922 3948 978 3989 tu
1018 3952 1198 4003 posses
1234 3935 1360 3986 felix

295 4035 412 4072 esse
436 4022 550 4070 sine
569 4020 734 4068 nobis.
767 4018 1011 4067 Scitam.

370 4094 624 4158 Votorum]
672 4095 1029 4149 Publicorum,
1063 4091 1131 4141 de
1172 4089 1360 4156 quibus

295 4187 488 4236 supraz
525 4187 592 4221 an
616 4187 733 4238 quae
769 4172 882 4234 ipse
913 4169 1165 4232 Trajauus
1197 4168 1248 4218 iu
1281 4181 1364 4218 se·

296 4258 420 4302 natu
443 4264 582 4301 nunc
603 4247 885 4313 concepit?
918 4245 1056 4309 upa.

2366 330 2498 397 933

1499 493 1747 543 Juniis-im
1766 488 2004 552 anunm]
2040 489 2087 540 1.
2111 502 2159 539 e.
2180 487 2369 538 bonam
2389 487 2500 552 opi·

1439 568 1641 618 nionem
1675 576 1731 618 et
1754 567 2189 617 existimationem
2216 565 2283 616 de
2308 572 2361 614 te
2382 578 2496 613 nos-

1439 650 1592 700 tram,
1629 657 1721 707 pro
1751 657 1854 707 qua
1889 649 1943 691 te
1979 641 2117 691 omui
2151 640 2407 689 felicitate
2443 646 2500 689 et

1436 719 1632 768 honore
1666 718 1878 781 dignum
1905 716 2220 780 judicamus.
2288 715 2379 764 Sic
2407 729 2497 764 no·

1437 796 1573 845 mine
1594 794 1807 857 ‘judicii
1825 794 1838 815 ’
1874 794 2038 843 utitur
2061 792 2202 841 Plin.
2227 792 2396 855 Epist.
2415 805 2498 842 ιν.

1436 876 1485 921 8.
1510 876 1556 920 1.
1578 879 1633 921 et
1658 884 1712 920 x.
1735 875 1784 919 8.
1810 874 1859 918 1.
1923 868 2173 918 Mendum
2208 875 2289 917 est
2323 868 2375 915 in
2408 882 2496 917 co-

1435 946 1556 996 diee
1602 962 1735 1003 meo.
1784 945 1871 995 ubi
1918 944 2157 995 librarius
2216 957 2499 1006 pronomen

1434 1029 1649 1073 nostrum
1681 1021 1891 1081 omisit;
1923 1020 2015 1070 sed
2051 1027 2106 1068 et
2140 1018 2382 1068 mendum
2422 1028 2501 1083 ty-

1434 1100 1805 1164 pographicum
1840 1105 1923 1147 est
1957 1097 2008 1145 iu
2043 1095 2276 1145 editione
2304 1094 2502 1144 Hacki-

1437 1191 1554 1232 ana,
1594 1177 1677 1225 ubi
1724 1190 1818 1239 pro
1850 1178 2084 1236 nostrum,
2122 1187 2371 1222 excusum
2417 1179 2501 1222 est

1434 1260 1719 1302 nostrorum.
1750 1251 2004 1301 Schwarz.

1506 1328 1710 1391 Exitus]
1743 1330 2028 1391 Violentus,
2051 1330 2141 1395 aut
2160 1324 2345 1375 foedus.
2381 1324 2495 1388 Lip-

1508 1484 1706 1547 Exitus]
1733 1481 1867 1544 Caii,
1883 1479 2105 1544 Claudii,
2123 1478 2500 1543 Neronis,Gal·

1438 1564 1544 1625 bae,
1566 1562 1788 1621 Vitellii,
1813 1558 2119 1609 Domitiani.
2152 1558 2306 1607 Ber-n.

1502 1640 1729 1690 Priorum
1750 1636 2012 1699 principum
2027 1631 2212 1695 exitus]
2238 1634 2285 1682 N
2292 1647 2370 1681 am
2393 1632 2501 1694 ple-

1436 1716 1602 1781 rique,
1622 1722 1676 1762 et
1710 1726 1888 1762 omnes
1922 1709 2054 1766 fere,
2078 1709 2302 1758 violenta
2333 1717 2500 1757 morte

1438 1795 1726 1858 perierunt,
1770 1789 1837 1838 ab
1880 1787 2009 1852 ipsis
2064 1785 2264 1835 civibus
2320 1784 2502 1834 occisi.

1442 1868 1663 1918 Paturol.

1481 1940 1882 2005 Acclamationes]
1896 1939 2279 1990 Exclamats'oaes
2288 1938 2357 1985 V.
2380 1937 2502 1987 Non

1433 2023 1643 2087 placet:
1671 2017 1764 2068 inf.
1789 2032 1994 2082 quoque
2033 2018 2048 2042 ⁸
2067 2015 2501 2065 acclamatiouum

1439 2105 1729 2147 nostrarum
1753 2091 1945 2142 fidem.'
1980 2092 2146 2141 Livin.

1491 2168 1891 2231 Acclamationes]
1911 2168 2062 2217 Hauc
2078 2165 2353 2215 lectionem
2373 2166 2502 2230 pub-

1438 2250 1664 2300 licarunt
1701 2249 1996 2307 Catana’us,
2036 2244 2219 2306 Aldus,
2265 2246 2505 2306 Cuspini·

1439 2341 1585 2381 anus,
1625 2325 1807 2379 Junta‚
1864 2320 2174 2376 Cratander,
2219 2320 2504 2383 Grypliius,

1441 2402 1744 2463 Sicbardus,
1769 2398 1837 2447 Η.
1869 2397 2184 2461 Stephanus,
2222 2396 2507 2458 Livineius,

1440 2481 1718 2533 Gruterus.
1764 2474 1988 2532 Elsevir‚
2033 2473 2319 2530 Puteanus,
2361 2472 2504 2521 Box-

1439 2557 1668 2612 homins,
1696 2553 1945 2613 Baunius,
1972 2550 2245 2604 Collatino,
2274 2549 2504 2610 Hearne,

1438 2632 1843 2694 Patarol,Ceva‚
1861 2628 2155 2688 Gesnerus3
2180 2627 2360 2675 eadem
2381 2641 2503 2674 eon-

1437 2712 1672 2761 firmatur
1714 2720 1968 2757 consensu
2012 2703 2126 2754 cod.
2178 2703 2504 2766 Guelpberb.

1439 2786 1680 2837 Patavini
1706 2796 1760 2835 et
1786 2783 1902 2832 libri
1934 2779 2189 2829 Vossiani.
2240 2780 2372 2831 Quae
2398 2781 2505 2829 lec.

1440 2867 1511 2915 tio
1568 2880 1704 2919 cum,
1760 2876 1854 2911 nec
1898 2857 2157 2908 diffitente
2201 2857 2501 2919 Arutzenio,

1440 2943 1511 2990 rei
1551 2940 1615 2989 de
1647 2954 1750 3002 qua
1782 2938 1954 2999 agitur
1993 2937 2063 2984 sit
2095 2934 2506 2996 convenientior,

1438 3033 1553 3068 eam
1589 3030 1690 3064 non
1722 3014 1912 3061 invitus
1949 3009 2166 3066 admisi3
2211 3021 2503 3071 quanquam

1437 3092 1761 3141 dissimulare
1817 3085 1992 3140 nolim,
2038 3089 2242 3132 ceteros
2297 3081 2506 3131 codices

1436 3171 1569 3219 Mas.
1603 3179 1799 3224 omnes,
1829 3162 2015 3224 quibus
2049 3173 2171 3208 usus
2205 3172 2337 3214 sum,
2370 3159 2506 3206 anti-

1439 3247 1750 3311 quioresque
1793 3239 2069 3299 editiones,
2113 3249 2207 3298 pro
2254 3247 2381 3283 voce
2425 3250 2506 3283 ac·

1436 3321 1754 3374 clamationes.
1801 3313 2048 3364 exhibere
2102 3312 2468 3361 emanationes
2486 3329 2507 3371 ;

1439 3401 1669 3460 itemque
1700 3395 2002 3445 Ciceronem
2040 3391 2226 3454 ipsum,
2259 3388 2325 3436 de
2350 3388 2507 3438 Orat.

1441 3490 1529 3525 nt.
1552 3478 1637 3524 26.
1664 3473 1762 3521 hac
1799 3468 2086 3533 posteriore
2121 3479 2250 3515 voce
2290 3479 2384 3529 pro
2420 3465 2507 3515 illa

1439 3552 1613 3616 priore
1657 3548 1773 3598 uti:
1823 3546 1838 3572 ‘
1866 3546 2042 3595 Quare
2096 3542 2229 3597 bene,
2279 3547 2332 3590 et
2369 3556 2498 3604 proe·

1437 3631 1584 3689 clare,
1606 3623 1842 3691 quamvis
1877 3620 2024 3669 nobis
2046 3620 2240 3684 saepius
2262 3618 2503 3680 dicaturg

1439 3706 1555 3755 bello
1587 3711 1639 3750 et
1666 3701 1866 3763 festiae,
1902 3697 2112 3745 nimium
2150 3708 2292 3758 sepe
2346 3695 2504 3742 nolo:

1437 3793 1729 3846 quanquam
1770 3776 1858 3825 illa
1896 3773 2007 3836 ipsa
2052 3767 2378 3829 exclamatio,
2413 3782 2506 3816 non

1433 3862 1590 3923 potest
1626 3855 1811 3915 nulius,
1851 3852 1922 3900 sit
1958 3847 2111 3899 velim
2147 3843 2369 3907 crebra,’
2402 3847 2513 3893 ὅτε.

1436 3936 1679 3985 Schmun.

1505 4011 1630 4061 Hoec
1650 4000 1946 4066 fateremur]
1983 3998 2045 4047 In
2080 3994 2262 4046 codice
2296 3993 2505 4043 Patavi-

1438 4101 1503 4136 no
1529 4091 1587 4133 et
1617 4083 1752 4132 libro
1774 4076 2041 4126 Vossiano,
2066 4085 2161 4135 pro
2189 4068 2346 4118 verbo
2369 4068 2506 4128 sate·

1438 4173 1615 4214 ramur,
1647 4161 1794 4205 extat
1828 4151 2126 4212 sacermm5
2160 4143 2251 4192 sed
2286 4157 2389 4192 nou
2421 4153 2503 4197 en

1440 4252 1534 4288 cur
1554 4231 1831 4301 quidquam
1854 4226 1939 4275 hic
1958 4221 2294 4283 corrigamus.
2321 4219 2468 4274 taen.

2460 4387 2497 4399 -
