3060 4902
759 407 825 453 c.
874 386 1113 454 euim
1161 397 1490 450 ssscuNm
1536 391 1820 446 ἰ’ΔΝΕο.

320 551 607 618 suspicione,
644 550 721 600 sie
749 537 1056 612 explicabis,
1082 546 1247 597 Nobis
1283 558 1389 593 om·

320 633 434 677 nem
458 628 659 676 adimes
696 625 1063 688 suspicionem,
1083 638 1148 672 ne
1187 622 1392 671 scilicet

321 706 668 768 suspicemur,
692 702 734 751 si
759 703 954 750 nullum
988 713 1199 764 prorsus
1233 698 1390 746 hono-

321 793 427 830 rem
451 795 483 829 ι
506 778 654 828 uobis
684 777 931 840 recipias,
958 784 1009 825 te
1034 774 1083 823 id
1111 789 1175 823 ex
1210 786 1391 836 super-

322 856 404 906 bis
430 863 483 906 et
513 856 735 920 quodam
766 851 979 902 fastidio
1013 850 1206 900 facere.
1274 850 1392 900 Quo

322 934 490 981 tendit
517 931 675 981 etiam
703 929 922 980 Gesneri
948 927 1248 991 explicatio.
1303 926 1391 974 Sin

322 1008 528 1072 passive
577 1007 806 1069 accipias
844 1004 1146 1054 vocabulum
1185 1004 1200 1029 ‘
1227 1002 1393 1065 suspi-

322 1083 438 1146 cio,’
462 1091 593 1133 tnnc
629 1084 796 1132 locum
831 1081 1046 1130 habebit
1079 1080 1393 1141 interpreta-

325 1161 398 1209 tio
415 1157 724 1223 jamdudum
752 1172 782 1204 a
817 1171 897 1204 me
925 1154 1135 1209 tradita,
1160 1160 1212 1202 et
1236 1167 1394 1213 supra

323 1237 575 1302 repetita,
607 1251 694 1284 nos
738 1236 864 1282 omni
907 1233 1079 1282 liberas
1116 1232 1394 1295 suspicione.

324 1327 389 1363 ne
427 1313 633 1363 scilicet
671 1310 1001 1374 negligentia!
1036 1319 1091 1358 et
1128 1309 1394 1372 cujusdam

326 1389 639 1453 pervicaciae
680 1387 883 1435 nomine
931 1384 1026 1434 tibi
1066 1385 1288 1446 suspecti
1329 1386 1396 1433 si·

325 1477 452 1520 mus,
479 1465 630 1527 quasi
666 1471 718 1512 te
755 1475 934 1525 parum
970 1462 1276 1509 reverenter
1309 1459 1398 1508 ha-

325 1542 564 1604 beamus,
581 1553 746 1603 neque
768 1539 962 1587 honore
986 1538 1196 1600 dignum
1219 1537 1398 1584 existi-

323 1629 540 1668 memus.
618 1617 805 1665 Utrum
849 1614 1069 1679 quisque
1117 1613 1260 1668 velit,
1304 1627 1399 1676 per

327 1709 409 1744 me
434 1695 599 1757 eligat
621 1691 1055 1756 explicationem3
1087 1704 1397 1753 quamquam

325 1772 447 1821 milii
472 1771 576 1835 ipsi
598 1767 908 1833 significatio
945 1768 1150 1830 passiva
1173 1768 1241 1816 sit
1266 1767 1396 1814 veri·

325 1848 584 1908 similior;
618 1860 770 1911 qttam
808 1844 859 1892 in
886 1844 1037 1892 simili
1061 1842 1281 1892 formula
1305 1843 1400 1891 eti·

326 1935 408 1973 arn
443 1924 660 1973 adhibet
683 1922 887 1976 Cicero,
922 1919 1013 1968 sed
1050 1920 1145 1980 ita,
1170 1928 1226 1968 ut
1261 1920 1305 1968 is
1331 1920 1397 1968 si·

325 2000 428 2048 mul
471 1999 742 2048 materiam
788 1994 1098 2059 suspicionis
1141 1995 1398 2059 designet,

329 2077 473 2126 Fam.
501 2091 541 2125 t.
566 2079 618 2124 2.
642 2076 659 2102 ‘
685 2072 902 2121 Prorsus
928 2085 1040 2120 eunt
1071 2072 1237 2120 libero
1260 2072 1399 2120 omui

325 2155 625 2218 suspicione
650 2148 990 2214 cupiditatis!
1031 2149 1179 2197 Idem.

327 2261 334 2268 ·
394 2232 649 2283 Sanatibus
679 2229 801 2293 dus]
837 2231 900 2279 In
935 2229 1041 2278 solo
1075 2228 1256 2277 codice
1280 2242 1399 2277 meo

325 2311 529 2374 legitur
560 2309 791 2358 sumtibus
834 2307 948 2356 tuis.
1015 2305 1127 2355 Cic.
1161 2306 1226 2356 Q.
1255 2306 1399 2356 Frat.

325 2401 368 2436 1.
393 2391 441 2436 1.
462 2391 519 2436 2.
542 2385 675 2434 dixit
707 2392 722 2414 ·
748 2392 922 2433 sumtu
955 2383 1213 2432 exhauriri
1238 2382 1399 2431 homi-

325 2465 456 2514 nes!
500 2464 648 2512 Idem.

401 2544 472 2592 Ut
514 2541 596 2605 φά
630 2536 936 2600 exhaustum]
974 2538 1043 2586 Ee
1083 2538 1165 2600 qui
1200 2538 1400 2586 exhaus-

325 2626 428 2669 tam
454 2618 628 2668 Lirin.
653 2617 703 2665 in
731 2623 910 2678 textu3
946 2615 1035 2664 sed
1063 2617 1112 2664 in
1146 2617 1401 2678 margine,

324 2701 382 2746 vt
403 2696 492 2760 qui
514 2694 795 2744 exhaustum
829 2693 897 2741 V.
920 2694 979 2744 C.
1007 2694 1070 2744 R.
1093 2701 1253 2743 recte.
1290 2693 1399 2741 Rie-

332 2772 484 2821 tenk-

329 2872 335 2879 ·
402 2848 474 2898 Ue
506 2844 611 2910 qni]
648 2845 779 2895 Hoc
813 2844 972 2894 lectio
1006 2860 1038 2894 a
1067 2845 1323 2908 pluribus,
1347 2854 1401 2894 et

330 2924 605 2977 codicibus
640 2922 872 2986 scriptis,
907 2931 963 2972 et
1006 2923 1147 2971 libris
1183 2918 1406 2984 excusis,

330 3001 695 3053 confirmatur.
751 3000 866 3050 Non
893 3015 1073 3063 panca*⁶
1098 3010 1267 3049 autem
1294 3001 1402 3048 edi-

333 3080 530 3140 tiones,
553 3092 648 3140 pro
683 3082 755 3136 ut,
788 3075 982 3125 habent
1007 3081 1089 3134 ee,·
1125 3078 1277 3125 imino
1306 3078 1403 3125 Ca-

329 3164 559 3214 tanen,
582 3163 635 3204 et
657 3153 865 3218 quidam
887 3153 971 3201 alii
995 3154 1242 3212 editores,
1264 3161 1402 3202 ntra·

329 3244 440 3296 que
478 3230 737 3294 particula
773 3229 976 3293 omissa,
1013 3230 1175 3277 solum
1213 3222 1403 3293 'prouo-

335 3323 456 3358 men
483 3306 567 3370 qui
591 3305 950 3370 prodiderunt.
984 3305 1229 3354 Schwarz.

327 3406 338 3417 ·
404 3381 911 3446 Innocentiumbonis]
947 3382 1200 3431 Similiter
1219 3382 1401 3445 Xiphi-

335 3462 477 3511 linus
513 3458 580 3507 de
615 3457 825 3520 Trajaui
861 3458 1102 3520 operibus
1137 3464 1192 3506 et
1227 3460 1406 3507 sumti-

332 3538 466 3588 bus:
503 3540 520 3564 ‘
544 3536 777 3586 Quorum
806 3542 977 3584 tamen
1011 3550 1191 3584 catissa
1218 3537 1404 3585 nullius

332 3613 640 3676 sauguinem
665 3610 841 3660 fudit.-'
878 3613 1095 3661 Pater-ol.

367 3717 376 3723 ·
407 3690 632 3741 Prii-otis
662 3688 964 3753 dicabantur]
1007 3689 1256 3752 Privatis,
1290 3690 1323 3738 i.
1360 3704 1409 3739 e.

336 3771 407 3819 iis
445 3766 536 3833 qui
574 3764 794 3814 subsunt
830 3765 1054 3825 legibus.
1120 3766 1315 3814 Omnes
1355 3781 1407 3812 e-

335 3848 446 3895 nim
474 3851 600 3895 tuuc
625 3841 816 3905 privati
841 3840 1170 3900 dicebantur,
1197 3842 1279 3905 qui
1306 3857 1406 3891 non

331 3923 609 3987 princeps,
628 3922 683 3966 et
711 3917 849 3964 solus
874 3916 960 3965 ille
991 3916 1056 3963 ab
1080 3917 1175 3966 hoc
1201 3922 1407 3967 nomine

338 4004 616 4061 exceptu·.
684 3993 822 4042 Vide
859 3993 1090 4056 Lipsinm
1129 3995 1192 4042 ad
1232 4008 1331 4043 vn.
1359 4000 1408 4044 2.

333 4082 394 4125 ‘et
420 4079 600 4123 notam
624 4078 853 4119 nostram
880 4070 943 4117 ad
972 4083 1096 4120 xxi.
1120 4076 1168 4120 4.
1235 4072 1297 4120 ln
1324 4087 1408 4121 co·

335 4150 544 4200 dinibus
568 4144 877 4212 quibusdam
914 4146 1044 4195 Mss.
1069 4153 1126 4196 ut
1150 4148 1408 4198 Parisien·

339 4228 408 4287 si,
424 4221 916 4288 Guclpherbytano,
934 4230 988 4272 et
1012 4237 1143 4283 meo,
1168 4237 1259 4286 pro
1281 4226 1411 4276 dica-

341 4304 536 4361 bum,
573 4299 828 4363 scriptum
862 4306 943 4350 est
973 4299 1283 4360 dicebat-tum·
1318 4303 1408 4353 sed

2397 370 2527 441 791

1465 542 1578 605 pari
1605 556 1782 591 errore
1807 525 2156 591 librariorum,
2181 548 2282 597 quo
2308 533 2358 582 in
2389 534 2531 598 capi·

1463 627 1519 668 te
1569 619 1803 681 proximo
1851 628 1962 665 mv.
2004 618 2052 662 4.
2100 612 2348 673 scriptum
2395 618 2530 670 erat,

1465 703 1480 725 ‘
1504 695 1698 744 nomini
1723 692 1989 742 Caesarum
2018 685 2354 737 dicebamus.⁹
2425 686 2533 735 Pli-

1901 398 1947 443 ι.
1978 379 2089 443 55.

1465 774 1581 823 nius
1607 769 1763 826 infra,
1787 782 1901 820 mx.
1924 772 1977 817 2.
2009 773 2023 795 ‘
2046 767 2174 815 Cum
2212 779 2383 820 arcus,
2415 776 2532 813 cum

1463 856 1689 911 tropina,
1712 860 1828 895 cum
1862 853 2082 904 statuas,
2104 841 2417 903 deprecaris,
2443 840 2535 888 tri·

1467 925 1674 974 buenda
1712 930 1793 971 est
1835 920 2163 969 verecundiae
2207 926 2309 964 tnae
2349 917 2535 966 venia:

1468 1002 1555 1051 illa
1582 1001 1716 1049 enim
1734 1013 1855 1046 sane
1876 997 1970 1045 tibi
1994 993 2267 1043 dicatum-2
2292 993 2534 1042 Schwm.

1535 1075 1774 1138 Materia]
1835 1075 1952 1123 Non
1998 1086 2121 1121 auro
2164 1080 2255 1119 aut
2298 1078 2535 1133 argento,

1469 1155 1559 1202 setl
1588 1167 1712 1201 a‘re.
1744 1151 1881 1214 Lips.
2494 1149 2497 1152 ’

1535 1229 1823 1291 Brutorum]
1860 1228 1936 1276 M.
1973 1226 2159 1276 Juuius
2201 1225 2415 1283 Brutus,
2449 1222 2537 1285 qui

1471 1321 1622 1369 reges
1647 1306 1828 1369 eje-cit,
1863 1305 2001 1351 inter
2038 1304 2150 1351 illos
2180 1300 2377 1349 medios
2402 1299 2537 1364 posi·

1472 1394 1555 1431 tus
1588 1384 1640 1431 in
1665 1382 1912 1444 capitolio
1942 1379 2056 1438 fuit,
2097 1379 2284 1426 dextra
2308 1377 2535 1439 gladium

1471 1471 1676 1511 tenens.
1732 1457 2044 1506 Plutarchus
2073 1456 2120 1503 in
2148 1455 2334 1501 Bruto.
2370 1451 2507 1513 Lips-

1541 1534 1828 1598 Brulorum]
1883 1535 2163 1582 Brutorum
2215 1530 2366 1590 dicit,
2419 1543 2539 1584 nou.

1473 1615 1611 1681 qnod
1630 1613 1695 1661 de
1722 1612 1954 1677 pluribus
1981 1608 2177 1672 Brutis,
2195 1622 2324 1674 quos
2349 1621 2412 1653 ex
2437 1604 2538 1655 his-

1476 1691 1622 1741 toriis
1666 1689 1873 1753 quidem
1915 1687 2170 1744 novimus,
2204 1690 2263 1732 ut
2307 1683 2538 1746 plerique

1473 1769 1910 1831 interpretantur,
1946 1762 2231 1825 intelligat;
2264 1759 2355 1808 sed
2394 1759 2539 1806 selte-

1474 1853 1612 1894 mate
1629 1842 1918 1891 arsionibus
1937 1841 2124 1890 u-itato
2142 1837 2205 1885 ad
2225 1834 2540 1885 seutentiam

1469 1919 1922 1986 amplificandam:
1961 1919 2027 1966 de
2062 1930 2164 1965 uno
2194 1914 2331 1978 enim
2374 1911 2539 1962 Lucio

1475 1998 1664 2057 Bruto,
1681 1995 2074 2059 Tarquiniorum
2091 1992 2388 2056 expulsare,
2405 1988 2539 2038 Nos·

1473 2081 1610 2122 trum
1638 2074 1796 2135 loqui,
1821 2071 1945 2120 satis
1972 2076 2199 2120 constat.
2242 2066 2406 2116 Simili
2432 2079 2540 2114 mo-

1474 2151 1543 2200 do
1580 2151 1754 2199 subdit
1788 2158 1843 2198 et
1877 2148 2250 2206 Camillorum3
2298 2159 2415 2195 cum
2464 2153 2540 2193 ta·-

1473 2243 1593 2278 meu
1630 2228 1692 2276 (le
1735 2243 1834 2275 uno
1875 2227 2029 2276 Furio
2063 2224 2282 2274 Camillo
2321 2224 2542 2272 mentio-

1475 2319 1591 2353 nem
1613 2304 1721 2352 fleri
1749 2303 2077 2351 consentiant
2101 2315 2297 2350 omnes.
2326 2301 2546 2348 Putem!-

1544 2377 1877 2441 Came'llorum]
1914 2379 1989 2427 M.
2024 2379 2229 2427 Furium
2267 2376 2543 2426 Camillum

1476 2459 1712 2521 inprimis
1742 2457 1990 2520 respexit,
2028 2454 2191 2519 iuquit
2224 2454 2540 2514 Catanaetts3

1477 2537 1562 2599 qni
1588 2535 1833 2584 Camillus
1870 2533 2044 2582 urbem
2081 2538 2284 2595 captam
2321 2545 2351 2579 a
2374 2528 2542 2577 Gallis

1477 2613 1726 2668 servavit,
1748 2617 1801 2660 et
1821 2616 2076 2659 servatam
2099 2608 2148 2655 in
2167 2607 2302 2656 bello
2321 2606 2543 2669 patriam

1478 2690 1666 2738 iterum
1706 2688 1755 2737 in
1783 2702 1911 2751 pace
1934 2684 2071 2736 haud
2107 2682 2263 2732 dubie
2294 2681 2545 2744 protexit,

1479 2767 1755 2831 prohibens
1777 2766 1998 2826 migrare
2023 2761 2195 2810 Veios.
2233 2760 2382 2808 Idem.

1551 2841 1883 2903 Camillorum]
1947 2838 2166 2899 Camilli,
2220 2837 2306 2899 qui
2362 2834 2542 2883 Gallos

1483 2919 1648 2968 Roma
1672 2918 1891 2981 expulit,
1916 2915 1931 2942 ‘
1958 2923 2131 2963 statua
2156 2914 2267 2961 sine
2292 2911 2465 2960 tunica
2491 2912 2544 2958 in

1480 2994 1700 3046 rostris)
1768 2993 1985 3041 Plinius.
2019 2990 2156 3051 Lips-

1550 3069 1796 3132 Reguum]
1832 3070 1901 3116 Ut
1923 3069 2138 3116 Brutus.
2179 3065 2326 3112 Idem.

1550 3149 1731 3210 Reges]
1749 3145 2074 3210 Tarquinios,
2091 3141 2377 3206 Superbum
2403 3154 2544 3189 nem·

1479 3243 1568 3291 pe,
1603 3226 1876 3289 septimum
1918 3223 2091 3270 Romae
2129 3232 2325 3282 regem,
2354 3226 2408 3266 et
2449 3216 2545 3266 fili·

1482 3320 1568 3353 um
1613 3305 1741 3367 ejus,
1796 3300 2057 3349 Lucretiae
2097 3306 2472 3360 corruptorem,
2516 3310 2547 3344 a

1482 3384 1649 3430 Bruto
1676 3377 1870 3443 pariter
1895 3382 2128 3425 exactos.
2168 3375 2385 3422 Putat-ol.

1479 3477 1487 3484 ·
1549 3453 1865 3518 Hostemque]
1910 3451 2091 3502 Gallos
2131 3450 2379 3507 Senones,
2418 3447 2546 3497 urbe

1474 3537 1582 3601 jam
1610 3535 1825 3597 potitos,
1848 3544 1976 3594 qnos
2003 3528 2075 3578 Μ.
2094 3528 2281 3577 Furius
2300 3527 2546 3576 Camillus

1480 3610 1798 3677 proflioeavit.
1836 3610 1988 3657 Idem.
2070 3642 2073 3643 γ

1485 3710 1490 3713 “
1554 3690 1650 3738 Hie
1675 3703 1873 3749 regnum
1893 3688 2047 3748 ipsum
2068 3716 2081 3730 .
2098 3717 2113 3732 .
2138 3682 2323 3745 μητρί]
2350 3682 2549 3732 Notare

1487 3767 1685 3824 licebit,
1708 3779 1821 3814 cum
1850 3761 2061 3810 Plinius
2083 3759 2337 3808 hacteuus
2366 3758 2551 3819 Traja-

1486 3857 1625 3901 num,
1650 3851 1909 3903 tamquam
1934 3846 2262 3901 praesentem,
2281 3836 2414 3883 sicut
2437 3842 2551 3883 erat

1487 3933 1740 3981 praesens,
1789 3916 2061 3970 allocutus,
2107 3912 2258 3960 modo
2314 3910 2551 3972 dixisset,

1486 3995 1501 4022 ‘
1527 3997 1681 4045 Stant
1705 3994 1862 4056 igitur
1885 3990 2082 4053 effigies
2108 3987 2248 4051 tuae,'
2277 3990 2379 4036 διο.
2412 4001 2550 4037 nnnc

1487 4073 1655 4137 ipsum
1689 4071 1754 4119 de
1786 4069 1968 4118 eodem
2011 4066 2255 4129 Trojano,
2291 4072 2549 4126 tamquam

1486 4149 1728 4206 absente,
1747 4148 1798 4193 in
1817 4157 2034 4207 persona
2056 4141 2211 4188 tertia
2234 4138 2395 4203 loqui,
2413 4140 2429 4167 ⁸
2449 4138 2553 4189 Hie

1489 4238 1704 4287 reguum
1724 4223 1890 4285 ipsum
1912 4251 1926 4266 .
1942 4253 1955 4267 .
1973 4252 1986 4267 .
2001 4223 2166 4278 arcet,
2182 4229 2242 4265 ae
2260 4214 2552 4274 submovet,

1487 4302 1774 4365 sedemque
1797 4296 1999 4345 obtinet
2035 4291 2283 4357 principis
2303 4290 2346 4353 ς’
2373 4298 2555 4357 postes
