3060 4902
473 377 605 443 524

477 543 495 568 ⁶
516 539 566 589 N
573 552 638 588 ou
661 534 939 600 agnosco‚’
963 536 1148 601 inquit,
1171 536 1188 565 ‘
1206 551 1294 585 vos
1320 537 1545 599 milites;

478 629 579 664 nec
603 616 815 678 agnosci
838 613 1021 663 videor
1040 629 1072 663 a
1095 612 1274 663 vobis!
1309 614 1455 663 Idem.

542 690 869 751 Agna-ceris!
899 690 1163 753 Agnoscis]
1202 689 1342 739 Nihil
1367 691 1419 739 in
1439 688 1544 739 fus·

480 772 589 817 tum
615 776 859 825 mutatus,
894 768 1110 817 comiter
1134 767 1385 829 appellas,
1408 767 1543 816 salu-

478 850 562 892 tas
586 843 764 904 cives;
799 850 854 892 et
878 841 945 892 ah
970 843 1031 890 iis
1058 842 1278 890 vicissim
1296 841 1431 891 idem
1456 843 1543 892 ille

480 920 798 981 agnosceris,
836 918 971 982 quod
1011 918 1077 967 nd
1116 932 1300 967 mores.
1369 919 1544 982 Impe-

476 996 608 1044 rium
632 996 879 1052 accessit,
906 994 1162 1045 modestia
1195 1010 1297 1045 non
1336 995 1542 1046 absces-

480 1074 567 1123 sit.
600 1073 737 1136 [ἅμα.

544 1147 806 1211 Agnoscis]
838 1149 1006 1200 Tacit.
1034 1148 1176 1198 Hist.
1200 1162 1237 1197 ι.
1258 1152 1341 1198 23.
1373 1148 1441 1198 de
1467 1149 1543 1199 0-

476 1227 648 1276 thonis
692 1227 913 1288 artibus,
943 1229 960 1256 ⁴
984 1227 1167 1289 quibus
1207 1227 1306 1275 sibi
1352 1227 1541 1276 milites

475 1306 802 1356 conciliavit:
829 1321 918 1355 eos
941 1306 1338 1354 contubernales
1363 1306 1537 1368 appel·

392 1395 402 1402 ·
477 1382 665 1432 lando:
701 1384 826 1431 alios
857 1396 1162 1446 agnoscere,
1184 1382 1433 1447 quosdam
1460 1396 1544 1432 re-

475 1457 723 1523 quirere?
761 1459 914 1508 Beru.

543 1537 651 1592 Quo
681 1536 871 1600 melior]
923 1536 1187 1586 Livineius
1224 1536 1275 1585 in
1309 1536 1542 1601 margine

476 1611 721 1662 editionis
774 1626 879 1661 sua·
937 1618 1233 1667 annotarat,
1295 1626 1388 1675 pro
1432 1628 1543 1675 quo,

472 1687 695 1740 fortasse
721 1689 996 1752 legendum
1033 1690 1171 1751 quod.
1238 1687 1393 1738 Hanc
1417 1704 1540 1739 con-

468 1766 730 1830 jecturam
756 1765 994 1830 probavit
1022 1765 1271 1814 Rittersh.
1325 1766 1541 1816 Censuit

474 1850 529 1890 et
574 1842 640 1890 D.
685 1842 755 1891 D.
793 1840 1149 1896 Heumannus,
1185 1842 1539 1904 reponendum

464 1931 591 1968 esse
627 1920 766 1981 quod.
834 1918 950 1967 Nec
985 1918 1107 1966 mihi
1147 1919 1387 1983 displicet
1428 1920 1539 1969 haec

473 1994 804 2054 emendati03
840 1994 929 2042 ubi
953 2008 1052 2043 vox
1086 1994 1256 2058 ‘hoc‚'
1289 1997 1371 2045 vel
1405 1997 1542 2058 ‘eo,'

474 2068 613 2119 idem
634 2071 772 2120 valet
789 2085 850 2119 nc
875 2072 890 2099 ⁴
910 2071 1013 2127 ob‚‘
1038 2072 1117 2120 vel
1139 2074 1154 2100 ⁸
1174 2081 1389 2136 propter
1406 2073 1541 2130 hoc,’

476 2146 559 2195 vel
582 2149 597 2174 ‘
616 2154 831 2210 propter
855 2144 944 2196 id:
987 2147 1077 2196 Sic
1099 2148 1236 2198 Plin.
1266 2149 1316 2198 in
1341 2149 1438 2199 hoc
1461 2150 1539 2214 ip·

472 2235 531 2270 so
572 2221 769 2285 Paneg.
810 2236 1048 2273 mxxxiv.
1093 2229 1142 2274 7.
1176 2227 1327 2275 ‘Hoc
1372 2228 1537 2290 usuagis

471 2298 644 2361 digna
678 2307 797 2349 sunt
827 2315 943 2364 qnae
980 2301 1031 2349 iu
1055 2301 1240 2350 animis
1265 2305 1456 2352 nostris
1481 2309 1538 2355 et

475 2378 582 2425 sint
604 2382 659 2424 et
689 2376 975 2426 habeantur
999 2375 1269 2440 Auguste,
1294 2379 1414 2443 quia
1435 2395 1536 2429 non

473 2451 768 2504 vocantia-‚⁹
834 2455 903 2503 Et
932 2454 1094 2515 Epist.
1118 2467 1196 2503 tv.
1221 2458 1303 2504 21.
1339 2462 1354 2484 ⁸
1372 2457 1536 2519 Cujus

472 2544 572 2592 ego
597 2543 689 2592 pro
711 2530 878 2577 salute
901 2529 997 2578 hoc
1022 2543 1132 2576 sum
1151 2531 1315 2592 magis
1332 2532 1537 2594 anxius,

471 2605 611 2669 qnod
638 2605 817 2653 unicus
840 2602 1012 2653 factus
1036 2603 1150 2653 cst.'
1214 2605 1326 2656 Cic.
1349 2608 1412 2655 sd
1438 2607 1537 2657 At-

471 2683 563 2729 tic.
586 2693 669 2729 tx.
689 2684 740 2728 8.
769 2688 783 2709 ⁸
797 2680 1026 2729 Consilio
1044 2689 1214 2730 vestro
1231 2689 1348 2731 utar
1371 2683 1536 2733 liben-

469 2765 570 2811 ter,
592 2765 645 2804 et
673 2756 770 2804 lioc
793 2756 1061 2817 libentius,
1083 2758 1219 2821 quod
1246 2773 1359 2807 mea
1382 2774 1534 2822 spon-

472 2839 526 2880 te
556 2831 731 2880 facere
766 2832 1179 2881 constituerem.'
1247 2835 1535 2898 Praeterea,

471 2909 525 2958 in
549 2908 780 2958 editione
803 2910 1006 2958 Veneta
1029 2908 1179 2972 hujus
1199 2911 1539 2976 panegyrici,

473 3000 590 3050 qnae
630 3002 746 3036 cum
779 2988 1156 3036 commentario
1183 2988 1413 3038 Cstsnaei
1453 3004 1536 3038 an.

474 3067 622 3113 1619.
642 3078 740 3128 per
770 3064 863 3114 Jo.
884 3064 1121 3113 Rubeum
1146 3065 1535 3116 vercellensem

471 3154 663 3190 excusa
706 3148 821 3201 est3
882 3141 1005 3189 item
1053 3148 1107 3189 et
1153 3142 1204 3189 in
1249 3155 1332 3198 es,
1382 3157 1534 3205 quam

471 3216 685 3266 Paullus
707 3215 999 3280 Stephanus
1025 3217 1304 3280 impressit,
1336 3233 1396 3267 ac
1419 3234 1536 3283 quae

474 3303 561 3342 an.
588 3296 733 3341 1643.
760 3292 991 3343 Genevae
1016 3293 1228 3356 prodiit,
1256 3293 1394 3345 forte
1426 3297 1536 3346 ani-

471 3371 745 3433 madverti,
792 3371 859 3419 ibi
906 3372 1042 3435 typis
1081 3375 1400 3435 exscriptum
1434 3375 1535 3438 legi

471 3452 520 3497 el
541 3446 598 3495 ob
620 3452 809 3496 tuntum
829 3447 1001 3496 ceteris
1020 3447 1187 3507 tucior.
1255 3450 1357 3498 Ubi
1375 3450 1538 3513 conji-

469 3524 599 3587 cias,
617 3526 799 3574 saltem
817 3539 1096 3589 pronomen
1110 3526 1196 3574 hoc
1211 3528 1538 3590 negligenter

466 3601 633 3652 fuisse
657 3603 931 3664 omissum3
966 3617 1082 3652 cnm
1117 3604 1220 3654 dici
1255 3604 1538 3669 debuisset,

469 3682 521 3729 el
540 3679 598 3729 eb
626 3678 713 3728 hoe
745 3684 931 3728 tantum
961 3681 1138 3728 ceteris
1165 3680 1350 3741 magici-,-
1383 3696 1535 3746 quam

471 3755 717 3822 loquendi
744 3757 997 3804 rationem
1022 3757 1176 3805 etism
1202 3756 1301 3820 ipsi
1326 3759 1534 3808 Cicero·

471 3835 524 3882 ni
577 3832 881 3897 frequenter
926 3834 1172 3883 usitatam
1208 3847 1342 3897 esse,
1377 3835 1538 3887 docet

466 3911 692 3961 Turseli.
715 3910 779 3959 de
806 3910 1101 3971 Particulis,
1122 3925 1167 3969 c.
1192 3914 1303 3960 1⁴⁰.
1376 3914 1535 3966 Quod

469 3988 513 4036 si
548 3987 704 4049 igitur
736 3986 847 4035 liaec
886 3987 1182 4049 pra-positio
1220 3987 1295 4046 ob,
1328 4003 1431 4039 non
1466 4005 1533 4040 ex

467 4076 616 4115 mero
660 4064 1106 4128 typographorum
1151 4066 1342 4116 mendo
1385 4076 1533 4133 nata,

471 4141 563 4191 sed
602 4153 669 4189 ex
709 4146 918 4190 vetusto
948 4140 1169 4204 quodam
1204 4144 1386 4193 codice
1412 4159 1530 4208 pro·

468 4215 629 4266 ducta
651 4224 823 4267 esset:
846 4229 909 4266 eo
931 4218 1094 4282 magis
1114 4219 1371 4282 particula
1390 4223 1533 4284 quod,

472 4306 570 4362 pro
591 4306 698 4358 quo,
718 4290 858 4344 foret
888 4294 1183 4346 necessaris
1209 4311 1225 4359 ς
1262 4304 1420 4363 atque
1451 4299 1529 4348 sic

1170 394 1386 442 NOTAE
1438 392 1845 444 VAntoRuM
1894 394 1978 443 IN

1619 538 1918 601 planissima
1958 537 2208 589 evaderet
2246 538 2525 602 sententis,
2555 545 2603 590 et
2626 540 2687 590 ob

1618 614 1703 662 hoc
1736 619 1920 662 umam
1949 616 2124 664 ceteris
2152 613 2321 677 major,
2354 618 2476 679 quod
2499 617 2683 666 melior.

1618 689 1837 739 Interim
1874 703 2013 751 vero,
2047 690 2097 736 in
2130 692 2228 739 ista
2259 690 2417 739 dubia
2441 692 2686 755 lectione,

1618 764 1785 815 adhuc
1812 767 2012 814 retineo
2047 766 2487 828 vulgatissimum
2522 768 2684 816 uinxi-

1617 854 1720 900 me,
1743 856 1857 891 cum
1882 856 2081 901 omnes,
2102 841 2239 906 qnod
2265 844 2535 892 consulere
2559 843 2684 893 mihi

1617 918 1858 979 contigit,
1896 917 2105 966 codices
2149 918 2277 968 Mss.
2313 917 2360 965 ei
2386 920 2682 968 adsentian-

1618 1002 1721 1055 tur,
1775 992 2063 1056 eademque
2116 992 2242 1043 setis
2288 994 2557 1043 commode
2610 996 2683 1044 lo·

1617 1084 1734 1119 cum
1758 1069 1949 1118 hahere
1988 1083 2137 1134 posse
2166 1070 2420 1121 videatur.
2457 1071 2685 1122 Schwar-

1615 1162 1738 1197 sins.

1683 1225 1819 1275 Cat».
1845 1237 1989 1274 xxti.
2030 1224 2251 1280 Quidies
2270 1223 2376 1287 ille]
2418 1225 2680 1288 Suppless

1616 1308 1792 1350 mente
1822 1301 1904 1364 qui
1926 1301 2028 1350 dies
2065 1301 2146 1349 ine
2169 1299 2317 1359 suit!
2384 1301 2684 1354 Pronomcn

1613 1378 1698 1441 qui
1735 1378 1831 1427 hoc
1868 1378 1980 1427 loco
2019 1379 2161 1427 valet
2200 1376 2333 1426 idem
2366 1378 2504 1442 qnod
2529 1381 2685 1442 qualis

1614 1459 1908 1518 quantusque
1921 1445 1946 1510 ‚·'
1975 1453 2094 1503 dum
2120 1455 2356 1517 inprimis
2379 1469 2495 1505 cum
2518 1455 2685 1506 admi·

1615 1531 1819 1579 ratione
1842 1531 2197 1593 conjungitur.
2259 1531 2348 1580 Sic
2381 1532 2493 1596 ipse
2519 1534 2686 1599 loqui·

1616 1614 1704 1656 tur
1756 1606 1870 1655 Cic.
1929 1607 2163 1669 Philipp.
2212 1619 2274 1655 tt.
2318 1610 2401 1657 85.
2440 1609 2492 1657 iu
2540 1608 2678 1659 fine:

1611 1682 1779 1732 ‘Post
1820 1681 1957 1731 diem
2004 1684 2217 1732 tertium
2263 1684 2379 1732 veni
2419 1685 2472 1734 in
2514 1686 2679 1735 aedem

1612 1759 1860 1821 Telluris,
1880 1766 1935 1808 et
1959 1759 2168 1824 quidem
2191 1760 2405 1816 invitus,
2433 1774 2550 1810 cum
2573 1775 2684 1811 om·

1613 1849 1703 1883 nes
1745 1835 1914 1884 aditus
1956 1837 2138 1885 armati
2184 1837 2507 1887 obsiderent.
2574 1840 2681 1892 Qui

1616 1911 1712 1961 tihi
1750 1912 1838 1960 ille
1861 1912 1991 1971 (lies,
2026 1913 2103 1960 M.
2141 1912 2353 1976 Antoni,
2387 1911 2544 1964 fuiti’
2612 1917 2682 1966 Bt

1613 2002 1754 2048 mox,
1793 2003 1914 2052 cap.
1950 1992 2032 2039 86.
2077 1991 2210 2043 ‘Qui
2251 1999 2306 2038 tu
2344 1990 2438 2046 vir,
2463 1991 2551 2041 Dii
2588 1993 2682 2041 im·

1614 2065 1880 2127 mortales,
1903 2071 1960 2115 et
1981 2074 2225 2128 quantus,
2248 2064 2456 2122 fuisses,
2476 2068 2518 2115 si
2543 2068 2681 2119 imus

1613 2137 1716 2188 diei
1736 2148 1960 2191 mentem
1974 2156 2185 2190 servare
2202 2142 2459 2204 potuisses
2480 2141 2514 2191 l’
2555 2145 2682 2194 Plu·

1614 2229 1674 2263 η
1712 2215 1776 2264 sd
1825 2216 1963 2265 hunc
2003 2216 2169 2265 locum
2216 2216 2334 2265 vide
2371 2219 2423 2266 in
2460 2219 2681 2269 Excurs-

1615 2303 1808 2341 xxvn.
1844 2292 2086 2342 Schwarz.

1681 2368 1780 2424 Qui
1799 2368 1925 2433 dies]
1952 2370 2119 2420 Quem
2137 2370 2272 2418 votis
2290 2369 2512 2421 advocst
2535 2372 2680 2422 Mar-

1612 2443 1750 2494 tialis
1775 2444 1875 2507 Ep.
1904 2459 1957 2494 x.
1979 2449 2030 2494 6.
2052 2454 2107 2495 et
2129 2450 2178 2496 7.
2219 2446 2353 2511 Lips.

1680 2522 1979 2583 Quadriiugo
2018 2524 2185 2588 curru]
2226 2524 2296 2573 Η.
2333 2539 2384 2574 e.
2429 2526 2680 2589 ejusmodi

1611 2613 1783 2655 curru,
1822 2613 1973 2663 quem
2010 2609 2233 2664 quatuor
2266 2601 2384 2664 equi
2421 2616 2521 2651 una
2554 2617 2680 2653 con·

1601 2677 1773 2740 juncti
1819 2677 2050 2727 diixere:
2085 2692 2116 2728 e
2155 2679 2341 2742 quihus
2383 2679 2489 2729 duo
2529 2680 2679 2732 fuere

1602 2755 1830 2818 jugales,
1866 2755 1970 2805 duo
2008 2753 2208 2804 fuuales
2237 2771 2253 2815 ς
2289 2756 2362 2805 illi
2394 2756 2445 2805 in
2484 2757 2679 2822 medio,

1612 2833 1661 2881 hi
1711 2832 1957 2895 utrinque
2010 2846 2041 2881 e
2090 2833 2340 2881 lateribus
2385 2833 2677 2898 1ῇιιςιῑίιιιιις

1612 2908 1748 2973 quod
1774 2907 1932 2957 docet
1951 2906 2242 2958 Schefferus
2265 2909 2334 2958 de
2360 2909 2436 2958 Re
2451 2911 2676 2961 Vehicu-

1612 2986 1725 3047 lari‚
1748 2998 1812 3034 ιι.
1840 2988 1917 3033 13.
1984 2985 2070 3033 lta'
2095 2985 2198 3047 jam
2233 2985 2299 3034 de
2335 3000 2458 3047 rege
2488 2987 2678 3039 Latino

1610 3062 1802 3112 cecinit
1836 3061 2021 3123 Virgil-
2061 3061 2175 3110 AEn.
2214 3075 2318 3112 xit.
2358 3066 2470 3113 162.
2501 3062 2680 3116 ‘Qua-

1611 3140 1817 3205 drijugo
1837 3140 2044 3189 vehitur
2063 3139 2276 3207 curru!>
2324 3141 2565 3191 Doceute
2585 3157 2678 3193 an·

1612 3225 1715 3269 tem
1749 3218 1932 3267 Servio
1963 3216 2028 3265 ad
2052 3215 2168 3264 AEn.
2191 3228 2246 3264 x.
2270 3220 2385 3265 571.
2420 3217 2437 3245 ‘
2457 3217 2527 3266 Et
2551 3233 2680 3282 qua.

1610 3295 1864 3359 drijugus‚
1920 3299 1976 3342 et
2031 3291 2376 3357 quadrijugis,
2426 3291 2678 3357 dicitnus3

1610 3372 1751 3421 sicut
1781 3372 2005 3421 inermus
2047 3378 2102 3420 et
2133 3370 2341 3420 inermis
2359 3387 2374 3427 ;
2406 3371 2676 3422 exanimus

1611 3455 1665 3497 et
1694 3446 1984 3497 exanimis!
2051 3447 2297 3510 Inprimis
2336 3461 2457 3496 vero
2493 3449 2676 3498 trium-

1610 3524 1831 3587 phantes
1857 3524 2172 3572 vehebantur
2195 3523 2346 3587 equis
2369 3524 2518 3575 albis.
2565 3524 2678 3576 Uu-

1611 3601 1678 3650 de
1704 3599 1863 3651 Ovid.
1889 3602 2020 3650 Arte
2045 3599 2161 3649 Am.
2185 3614 2223 3649 ι.
2246 3605 2361 3650 218.
2386 3616 2504 3650 cum
2528 3602 2676 3666 qnasi

1606 3680 1984 3728 vaticinaretur
2020 3677 2150 3727 Caio
2179 3676 2395 3737 Caesnri,
2419 3677 2672 3743 Agrippa

1609 3754 1733 3816 filio,
1757 3753 2070 3818 triumphum
2095 3767 2159 3803 ex
2189 3753 2435 3803 Parthica
2459 3751 2676 3818 expedi-

1610 3834 1750 3882 tione
1775 3830 2127 3892 referendum,
2145 3830 2218 3879 sic
2239 3830 2429 3880 cecinit
2446 3846 2463 3880 ε
2497 3839 2513 3862 ·
2535 3832 2677 3896 Ergo

1608 3909 1711 3959 erit
1736 3909 1823 3958 ills
1847 3907 1977 3965 dies,
1998 3920 2101 3971 qna
2124 3913 2200 3968 tu,
2222 3906 2568 3968 pulcherrime
2592 3922 2673 3958 rs-

1608 4001 1739 4046 rum‚
1772 3985 2040 4036 Quattuor
2079 3984 2131 4031 in
2169 3982 2332 4032 niveis
2361 3996 2553 4033 sni-ens
2573 3983 2675 4034 ibis

1608 4063 1756 4130 equis
1771 4062 1807 4111 l’
1858 4062 2032 4125 Atque
2055 4061 2148 4123 its,
2170 4061 2396 4109 maxime
2424 4069 2543 4124 post
2569 4062 2670 4112 Ca-

1607 4142 1733 4191 milli
1754 4150 2007 4203 tcmpora,
2021 4152 2198 4188 omnes
2217 4136 2331 4187 fere
2350 4138 2672 4202 triumphan-

1608 4226 1706 4279 tes,
1724 4217 1777 4266 ln
1802 4223 1984 4265 vetere
2006 4222 2063 4263 et
2093 4227 2228 4264 nors
2252 4212 2538 4277 republica,
2558 4215 2672 4264 sine

1606 4291 2139 4360 nllaexprobrntione
2172 4291 2509 4355 arros-ntia,
2546 4305 2670 4357 qut·
