3060 4902
783 346 844 392 ο.
895 344 1135 395 perun
1188 341 1519 395 suevum
1553 345 1846 395 ,uuum
1925 346 1976 394 1.
2019 330 2128 397 86.

334 486 522 539 eonsnl
555 486 658 538 fuit
694 502 815 538 cum
835 490 896 540 C.
918 489 1143 539 Calvisio
1166 490 1316 540 'Pullo
1342 505 1409 539 rr.

344 566 423 615 At
469 566 524 614 1..
560 563 719 614 Publ.
759 565 943 613 Celsus
982 565 1046 613 A.
1072 566 1132 616 C.
1162 570 1274 615 109.
1310 565 1411 616 fuit

339 640 614 702 suffectus,
632 649 686 690 et
712 640 776 690 Α.
797 641 855 690 C.
872 645 990 690 113.
1007 643 1184 691 consul
1203 642 1410 691 ordina-

342 717 474 765 rius.
540 717 681 779 Ergo
722 717 1014 766 hocunum
1066 724 1267 766 certum
1309 725 1412 777 est,

343 793 472 843 nihil
508 794 638 842 certi
673 807 822 856 posse
857 791 1079 848 definiri,
1104 794 1218 856 quis
1251 791 1410 843 fuerit

344 870 430 920 bic
455 869 1021 932 praesectusrvpraetorii.
1059 870 1211 918 Idem.

412 947 496 993 Ea:
530 944 878 1008 ingerentibus]
917 942 961 993 1.
997 960 1043 994 e.
1081 960 1147 994 ex
1182 945 1412 994 ambien-

346 1022 491 1072 tibus
523 1022 759 1085 bonores,
784 1023 890 1070 sive
916 1023 1054 1072 ultro
1077 1021 1412 1073 offerentibus

345 1105 404 1147 et
427 1099 573 1162 quasi
597 1097 995 1147 obtrudentibus
1019 1113 1091 1147 se.
1160 1100 1267 1159 Ita,
1305 1101 1319 1127 ‘
1337 1101 1412 1148 in-

346 1190 531 1239 gerere
568 1173 662 1235 se,’
684 1181 771 1224 aut
803 1174 818 1203 ‘
837 1174 1033 1238 aliquid
1060 1174 1208 1231 aliis?
1232 1174 1411 1224 dicun·

348 1261 451 1306 tur,
476 1251 558 1314 qui
584 1250 740 1299 etiam
762 1250 940 1298 invitis
965 1251 1079 1299 aliis
1104 1265 1180 1308 se,
1201 1259 1293 1300 aut
1322 1251 1412 1300 ali·

344 1343 523 1393 quem,
568 1325 846 1390 aliquidve,
893 1327 1030 1375 ultro
1070 1325 1314 1388 offerunt,
1357 1337 1412 1377 et

347 1404 550 1454 crebris
575 1402 743 1452 verbis
768 1404 1151 1454 commendant.
1194 1406 1411 1453 Petron.

348 1495 401 1531 c«
423 1484 534 1529 140.
570 1487 584 1508 ‘
606 1480 869 1541 Matrona,
896 1489 1005 1528 tum
1041 1495 1168 1529 auus
1194 1489 1248 1530 et
1270 1479 1409 1530 floris

348 1555 591 1615 extincti,
628 1553 788 1604 filium
835 1554 1094 1620 filiamque
1137 1556 1411 1619 ingerebat

348 1634 492 1683 orbis
533 1632 780 1693 senibus?
845 1633 1012 1682 Tacit.
1046 1633 1232 1682 Annal.
1270 1638 1411 1684 nte.

347 1711 363 1737 ‘
386 1710 590 1759 Nomen
615 1709 778 1771 patri·
805 1709 990 1771 petriae
1014 1710 1250 1758 Tiberius
1271 1725 1300 1759 a
1324 1725 1410 1772 po·

348 1787 474 1850 pulo
514 1786 702 1849 saepius
740 1785 1016 1848 ingestum,
1058 1786 1122 1849 (i.
1152 1801 1198 1835 e.
1233 1787 1412 1835 obtru-

346 1860 488 1924 sum)
540 1861 889 1924 repudiavit).
949 1862 1280 1922 Claudianus,
1324 1862 1411 1910 ubi

346 1938 528 1987 dicere
578 1939 759 1998 voluit,
801 1938 1096 1987 Celei-inum
1138 1939 1410 2001 imperium

351 2014 451 2064 sibi
475 2014 739 2063 obtrusum
765 2029 951 2076 magno
975 2016 1146 2064 animo
1179 2029 1410 2064 recusas-

348 2105 429 2152 se,
460 2091 511 2138 in
546 2089 774 2152 Epithal.
800 2089 1022 2139 Palladii
1055 2099 1107 2139 et
1137 2090 1413 2151 Celerinae,

349 2180 430 2214 vs.
454 2170 533 2214 77.
573 2166 744 2215 cauit:
780 2168 794 2194 ‘
817 2167 1060 2215 Praetulit
1094 2168 1202 2216 otia
1236 2181 1414 2230 reguo,

349 2243 572 2305 Respuit
598 2243 870 2305 ingestum,
891 2242 1025 2305 quod
1050 2244 1120 2304 vi,
1145 2242 1278 2306 quod
1301 2257 1414 2306 pos·

347 2333 470 2367 cere
507 2317 667 2378 ferro,
711 2317 1027 2367 l’ostbabita
1075 2321 1293 2382 pietate,
1335 2334 1415 2369 so·

348 2395 497 2444 lent!
565 2394 712 2443 Idem
750 2395 814 2443 de
855 2396 1006 2444 Bello
1032 2395 1177 2445 Gild.
1204 2411 1276 2444 vs.
1304 2401 1415 2445 193.

349 2483 363 2503 ⁴
386 2473 678 2534 AEtliiopem
705 2472 849 2521 nobis
874 2488 1138 2536 generum,
1165 2474 1414 2522 Nasamo-

350 2565 421 2597 na
445 2550 699 2604 maritum,
725 2549 958 2611 Ingerit3
993 2557 1225 2598 exterret
1260 2565 1412 2598 cuna-

348 2627 474 2676 bula
499 2627 728 2677 discolor
764 2626 968 2675 infans?
1030 2627 1324 2690 Symmacb.
1348 2628 1414 2675 E·

348 2703 477 2769 pist.
515 2715 614 2751 vu.
655 2707 767 2750 115.
796 2705 811 2731 ‘
834 2700 1049 2750 Adverti
1088 2716 1202 2750 eum
1231 2703 1415 2756 minus,

349 2793 503 2842 quum
530 2780 661 2827 ratio
680 2777 990 2841 postulabat,
1014 2793 1075 2826 ue
1100 2778 1210 2840 ipse
1232 2794 1283 2824 re
1307 2778 1409 2824 lau-

351 2856 565 2905 datione
607 2869 701 2903 sua
740 2855 984 2903 mandata
1025 2854 1186 2902 literis
1213 2854 1413 2901 videre-

352 2940 438 2982 tur
475 2930 748 2995 ingerere)
813 2931 975 2980 Sicuti
1020 2919 1139 2977 vero
1181 2932 1414 2992 Symma-

352 3011 477 3060 clius
517 3021 797 3071 pronomen
835 3016 845 3035 ⁶
869 3006 955 3056 se'
991 3009 1258 3070 conjungit
1300 3022 1416 3056 cum

351 3084 513 3134 verbo
536 3086 800 3146 ‘ingerere
818 3083 852 3143 ς’
894 3083 964 3132 ita
999 3091 1052 3131 et
1091 3084 1253 3132 iulioc
1281 3085 1415 3139 loco,

350 3176 467 3210 cum
495 3160 706 3209 verbum
745 3167 758 3187 ‘
780 3159 1072 3222 ingerere‚'
1111 3167 1215 3208 tum
1252 3162 1266 3186 ‘
1293 3161 1414 3209 sub·

351 3235 595 3291 trabere,’
620 3237 880 3298 postulare
900 3236 1141 3285 videntur
1159 3244 1212 3283 ut
1234 3251 1417 3299 prono·

352 3327 471 3362 men
493 3314 506 3338 ‘
525 3326 580 3360 se
599 3309 611 3329 ’
635 3313 814 3359 saltem
839 3313 997 3360 semel
1020 3312 1419 3373 exprimeretur,

350 3404 445 3439 uon
483 3404 545 3437 ex
574 3388 898 3449 ingerentibus
928 3403 994 3451 se,
1026 3389 1109 3436 sed
1139 3404 1199 3437 ex
1231 3388 1417 3438 subtra-

350 3465 588 3520 hentibus,
611 3469 784 3527 tegere.
851 3467 919 3515 Et
959 3480 1083 3514 sane
1121 3474 1291 3528 putee,
1323 3468 1418 3515 boc

351 3543 522 3604 ipsum
567 3556 848 3604 pronomen
881 3558 949 3604 se,
988 3543 1067 3591 vel
1109 3541 1417 3606 jamdudum

352 3617 615 3667 excidisse
638 3632 666 3667 e
691 3625 939 3667 contextu
968 3619 1210 3667 orationis
1252 3618 1417 3667 Plini·

352 3708 489 3757 anae,
508 3695 591 3743 vel
617 3704 758 3744 certe
782 3696 834 3744 in
860 3697 1117 3756 particula
1146 3703 1415 3759 sequente.

351 3772 453 3824 sed,
476 3771 707 3820 latitare.
775 3771 859 3820 Ita
884 3771 1162 3835 Scioppius
1200 3772 1251 3820 in
1288 3770 1419 3822 Arte

356 3846 578 3907 Critica,
604 3860 654 3908 p.
678 3850 761 3894 61.
796 3847 1044 3902 ostendit,
1068 3848 1203 3910 apud
1231 3847 1418 3896 Sallun-

357 3923 508 3981 tium,
528 3922 578 3969 in
598 3923 817 3970 vetustis
834 3921 1133 3986 quiburdain
1149 3923 1418 3971 codicibus

357 3998 611 4060 scriptum
654 3996 815 4047 fuisse
849 4001 864 4026 ⁶
893 3999 1063 4061 magis
1114 3996 1418 4054 Extollere‚’

358 4088 452 4136 pro
472 4076 486 4101 ⁸
510 4073 672 4136 niagis
696 4088 750 4121 se
775 4075 1027 4122 extollere
1046 4074 1080 4133 ;'
1119 4073 1256 4135 apud
1274 4075 1420 4136 Sym·

354 4150 526 4200 inach.
561 4150 738 4211 verbu‚
775 4153 789 4177 ⁴
814 4166 869 4200 se
904 4150 1216 4214 Temporis‚'
1252 4153 1420 4215 posita

358 4242 472 4278 esse
520 4242 615 4297 pro
650 4231 768 4279 ‘sat
814 4236 865 4279 te
914 4229 1225 4297 tempori33‘
1276 4231 1420 4293 item,

2382 331 2553 396 1043

1482 490 1613 539 ‘aed
1656 488 1878 552 simile,’
1930 505 2022 554 pro
2059 489 2076 517 ‘
2101 488 2191 539 ned
2228 489 2270 540 si
2324 490 2517 550 simile;
2541 490 2553 510 ’

1486 566 1626 630 apud
1672 565 1971 628 Apuleium,
2016 567 2067 615 in
2114 567 2190 615 bis
2236 566 2426 627 verbiS,
2461 569 2552 615 ‘in

1486 643 1739 692 lemurES
1782 640 2090 704 reformant,
2114 641 2130 664 ’
2175 643 2422 698 latitasse,
2458 646 2472 671 ⁸
2499 645 2551 692 iu

1484 718 1710 767 lemures
1734 731 1791 766 se
1827 715 2106 766 reformant
2130 718 2162 777 ;'
2197 727 2252 768 et
2279 734 2392 783 quae
2433 728 2556 768 sunt

1485 795 1586 844 elie
1611 793 1853 857 exempla
1877 795 2082 855 generis
2104 794 2360 858 ejusdem.
2428 798 2551 847 Scio

1486 870 1716 934 quidem,
1761 869 2038 933 aliquando
2079 885 2362 934 pronomen
2415 873 2429 899 ‘
2454 888 2509 922 se
2538 874 2552 893 ’

1487 948 1658 996 omitti
1682 947 1884 1006 solere;
1920 960 2072 995 nemo
2093 954 2265 996 tamen
2292 946 2448 996 facile
2474 962 2552 997 re-

1489 1023 1674 1086 periet,
1717 1036 1931 1086 usquam
1964 1021 2107 1078 alibi,
2139 1022 2154 1049 ‘
2177 1023 2455 1085 ingerere‚’
2491 1040 2551 1074 ac

1485 1103 1501 1128 ‘
1529 1098 1890 1155 subtrabere‚’
1946 1098 2259 1162 simpliciter
2299 1100 2401 1150 dici
2457 1116 2551 1162 pro

1487 1177 1758 1239 ‘ingerere
1775 1176 1867 1237 se,'
1891 1183 1944 1225 et
1969 1185 1982 1206 ·
2004 1176 2352 1226 subtrabere.’
2418 1178 2552 1227 Arn-

1492 1253 1687 1301 tzenius
1704 1251 2048 1313 annotavit,in
2060 1253 2239 1301 codice
2257 1254 2551 1315 Guelpber-

1487 1329 1683 1392 bytano
1708 1327 1808 1390 legi
1833 1328 2159 1388 ingerentibus
2191 1343 2242 1378 ee
2259 1346 2278 1387 ,-
2311 1330 2361 1378 id
2388 1331 2430 1378 si
2464 1331 2554 1389 ibi,

1488 1412 1578 1454 aut
1623 1405 1672 1451 in
1707 1405 1807 1452 alio
1842 1404 2043 1465 codice,
2081 1405 2553 1467 deprehendissem.

1488 1481 1626 1529 sine.
1656 1479 1991 1528 cunctatione
2045 1480 2313 1543 amplexus
2369 1496 2553 1532 essem.

1489 1557 1732 1606 Ceterum
1774 1570 1868 1617 pro
1922 1569 2000 1610 ex,
2054 1563 2176 1604 ante
2218 1558 2552 1622 participium

1486 1633 1893 1692 subtrahentibus,
1939 1647 2116 1683 omnes
2164 1635 2376 1687 codices
2422 1638 2553 1686 Mu.

1487 1709 1744 1759 habente.
1780 1710 1947 1759 Idem.

1574 1788 1656 1835 Ex
1710 1787 2063 1852 ingerentibus]
2150 1788 2551 1839 Intrudcntibuu

1488 1878 1623 1925 sese,
1648 1862 1813 1927 inquit
1839 1864 2100 1928 Rayauus.
2138 1865 2357 1915 Patarol.

1557 1940 1665 1987 Non
1684 1955 1745 1988 ex
1765 1940 2114 2003 ingerentibus]
2133 1942 2148 1967 ‘
2164 1942 2444 1990 Volemem
2462 1957 2552 1991 no-.

1490 2012 1678 2075 lunius,
1709 2018 1972 2065 nolentem
1999 2017 2264 2066 volumus!
2334 2018 2553 2082 August.

1490 2089 1556 2137 de
1598 2091 1765 2140 Eleet.
1809 2093 1983 2153 Episc.
2016 2093 2192 2141 ‘Viles
2237 2107 2422 2156 nempe
2465 2102 2555 2144 aut

1489 2175 1628 2220 sunt,
1654 2175 1741 2216 aut
1766 2183 1821 2216 se
1845 2167 2062 2224 faciunt,
2094 2170 2179 2232 qui
2208 2171 2346 2219 ultro
2370 2184 2553 2218 mimus

1492 2244 1704 2292 adeunt.
1742 2244 1807 2290 Et
1825 2245 2130 2307 plerumque
2152 2245 2377 2308 imperiti
2404 2262 2456 2294 ee
2479 2248 2550 2293 in·

1490 2319 1681 2375 ferunt,
1706 2319 1970 2381 imperitia
1989 2318 2217 2369 faciente
2245 2322 2554 2369 confidenti·

1491 2411 1571 2445 em
1597 2412 1608 2440 ε
1646 2410 1760 2445 cum
1779 2410 1841 2443 ex
1861 2396 2085 2453 diverso,
2108 2411 2303 2445 summa
2327 2398 2554 2447 eruditio

1490 2487 1592 2520 nou
1631 2472 1942 2521 mediocrem
1981 2481 2174 2522 metum
2199 2472 2379 2523 faciat.
2451 2476 2554 2525 Im·

1492 2550 1777 2612 peritorum
1826 2550 2024 2610 attrita,
2064 2550 2348 2612 peritorum
2387 2554 2554 2601 mollis

1491 2634 1544 2675 et
1572 2625 1834 2675 imbecilla
1857 2624 1999 2674 frons
2021 2626 2139 2674 est.’
2183 2627 2555 2689 Isaac-cujac.

1487 2704 1613 2754 J.C.
1632 2703 1696 2751 de
1714 2702 1937 2751 Ratione
1961 2703 2378 2753 DocemliJuris.
2416 2705 2554 2753 vide

1489 2792 1696 2843 quoque
1721 2794 1877 2841 supra
1900 2794 1951 2826 ν.
1977 2785 2025 2828 5.
2070 2781 2216 2831 Bern.

1554 2856 1637 2902 Ex
1658 2856 2064 2919 subtrahentibus]
2105 2858 2151 2904 E
2172 2856 2556 2909 subtrahentibus

1489 2932 1555 2981 V.
1591 2932 1756 2983 Lirin.

1561 3009 1698 3063 Quod
1729 3008 2064 3070 pertinaciter]
2106 3008 2258 3063 Quem
2299 3010 2557 3070 pertinaci-

1490 3088 1585 3132 ter.
1659 3085 1836 3143 Forte,
1874 3086 1995 3148 quod
2031 3084 2360 3145 pertinaciter.
2393 3085 2560 3134 Livin-

1492 3159 1679 3207 Recte.
1717 3161 1848 3208 Ritt.

1562 3238 1698 3291 Quod
1720 3236 2056 3299 pertinaciter]
2109 3238 2257 3291 Quem
2299 3236 2557 3297 pertinaci-

1491 3318 1583 3361 ter.
1653 3314 1858 3375 Lipsius
1899 3312 2108 3375 quidem
2155 3314 2329 3361 intulit
2371 3316 2558 3375 textui,

1490 3392 1586 3439 otio
1607 3393 1728 3452 quod
1746 3391 2055 3452 pertinaciter
2067 3407 2087 3449 ;
2123 3392 2198 3439 uti
2225 3390 2359 3441 forte
2380 3393 2556 3453 legen-

1491 3468 1614 3515 dum
1663 3474 1871 3529 putarat
1911 3467 2191 3516 Livineius.
2273 3470 2375 3518 Sed
2421 3472 2556 3518 enim

1493 3559 1608 3592 cum
1658 3545 1774 3593 libri
1823 3559 1999 3593 omnes
2045 3551 2289 3593 tueantur
2336 3546 2557 3594 alteram

1492 3620 1820 3683 scripturam,
1860 3621 1995 3671 baud
2056 3630 2253 3671 temere
2310 3622 2558 3671 mutanda

1493 3704 1593 3746 est.
1644 3698 1774 3747 Vult
1800 3698 1935 3747 enim
1958 3699 2158 3747 Plinius
2185 3713 2292 3747 rem
2317 3713 2433 3746 esse
2454 3713 2558 3747 me-

1493 3773 1816 3834 morandam,
1842 3782 1898 3821 ut
1934 3776 2175 3837 princeps
2201 3774 2264 3822 ad
2290 3774 2448 3822 otium
2482 3774 2559 3821 di-

1493 3850 1688 3905 mittat,
1731 3865 1881 3913 quem
1923 3852 2074 3900 unice
2119 3864 2179 3899 ac
2223 3850 2560 3911 pertinaciter

1495 3927 1700 3987 dinem
1747 3936 1821 3980 ut,
1866 3929 2091 3991 iuquam,
2136 3928 2345 3976 alterius
2389 3930 2561 3989 potius

1497 4003 1747 4052 voluntati
1775 4004 2114 4064 obsequatur,
2141 4016 2289 4065 quam
2316 4016 2441 4049 suae.
2492 4003 2560 4049 E-

1498 4078 1831 4127 mendatiane
1890 4080 1988 4125 ista
2048 4079 2291 4132 admissa,
2348 4080 2560 4140 languet

1497 4155 1783 4211 membrum
1810 4169 2047 4220 sequens,
2073 4157 2226 4207 immo
2252 4156 2388 4204 idem
2413 4155 2560 4207 dicii.

1502 4232 1653 4284 Grut-
