3060 4902
513 346 644 413 832

510 505 721 568 malum,
740 504 1075 558 induceretur
1090 507 1127 558 Ρ
1172 507 1437 563 Livineius
1464 515 1574 564 vul.

509 590 682 645 galam
705 583 854 648 hujus
877 585 975 634 loci
999 586 1286 636 lectionem
1312 587 1450 638 ferre
1474 604 1575 640 non

509 660 698 721 potuit,
744 669 904 715 ratus,
951 662 1025 710 sic
1072 662 1402 712 scribendum
1446 680 1580 730 esse,

504 737 737 784 consulem
757 736 950 786 haberet
989 743 1055 797 te,
1086 754 1149 786 un
1181 745 1369 788 tuntum
1389 747 1576 790 aenato-

507 815 639 859 rem?
684 812 852 862 Qunam
877 812 926 861 in
953 814 1263 863 seutentiam
1290 816 1448 864 verba
1469 816 1575 864 Pli-

508 885 584 934 nii
609 887 769 936 etiam
794 888 892 935 hoc
917 890 1104 936 saltem
1129 890 1282 937 modo
1307 892 1578 953 transponi

512 969 748 1024 possent,
779 968 1043 1012 senatorem
1072 969 1120 1012 te
1153 964 1343 1014 haberet
1371 970 1577 1023 tantum,

503 1053 566 1087 an
588 1044 638 1087 et
671 1041 903 1088 consulem
918 1038 944 1089 :1
1011 1040 1114 1089 Sed
1137 1041 1356 1105 Lipsius,
1378 1043 1577 1104 rejecta

507 1116 728 1165 Livineii
755 1116 1104 1177 correctione,
1142 1117 1368 1166 illustrat
1401 1120 1575 1182 vulga·

507 1193 612 1237 tam
652 1189 963 1252 lectionem;
1023 1190 1088 1239 ad
1150 1191 1296 1254 cujus
1341 1193 1574 1255 explica-

505 1264 700 1313 tionem
752 1268 1002 1316 lectorem
1068 1266 1272 1316 interim
1322 1269 1576 1330 remitto,

504 1342 735 1405 quamvis
778 1357 877 1392 non
918 1341 1164 1406 diffitear,
1208 1345 1377 1393 locum
1419 1345 1574 1407 hunc,

503 1419 587 1466 vel
628 1433 693 1466 ex
736 1419 893 1468 nimio
936 1422 1191 1482 acumine,
1237 1421 1321 1469 vel
1360 1433 1424 1469 ex
1461 1436 1573 1470 cor·

500 1496 706 1555 ruptela
774 1495 1015 1558 quadam,
1094 1496 1287 1559 aliquid
1343 1497 1571 1547 obscuri·

504 1571 629 1619 tatis
674 1571 864 1620 babere
911 1574 1030 1621 mibi
1077 1572 1258 1621 videri.
1324 1576 1454 1623 Eum
1491 1575 1571 1624 sic

498 1645 883 1708 interpretatur
909 1650 1052 1696 Ceva
1075 1663 1088 1696 ς
1123 1649 1138 1674 ⁸
1164 1648 1371 1698 Quanto
1394 1650 1573 1700 utilior

499 1736 641 1771 esses
668 1722 995 1783 reipublicae,
1018 1723 1059 1770 si
1097 1722 1148 1771 in
1186 1732 1327 1772 statu
1363 1726 1569 1787 privato

497 1799 679 1846 consul
723 1812 881 1852 esseS,
919 1805 972 1845 et
1019 1799 1233 1859 insuper
1271 1806 1331 1847 ut
1359 1809 1570 1850 senator

494 1875 804 1924 sententiam
830 1874 1065 1936 diceres;
1105 1884 1250 1930 tanto
1278 1891 1413 1926 nunc
1433 1880 1567 1930 scito

494 1951 787 2012 interesse‚'
810 1956 908 2001 &m
959 1953 1203 2002 Ceterum
1227 1955 1302 2003 his
1320 1969 1435 2005 cum
1456 1972 1567 2006 ver·

497 2028 580 2078 bis
603 2028 780 2078 finitur
801 2029 1031 2088 ἠθοποιΐα,
1055 2031 1121 2079 de
1144 2046 1245 2095 qua
1264 2047 1421 2097 supra
1437 2034 1566 2084 dixi.

495 2106 644 2155 Idem.

564 2182 816 2231 Consulem
835 2188 882 2232 te
899 2182 1115 2247 haberet]
1134 2185 1462 2234 Consulentem
1479 2186 1562 2235 hu-

492 2257 660 2317 beret,·
696 2260 809 2322 sed,
842 2262 1073 2310 consulem
1109 2267 1157 2311 te
1193 2262 1383 2311 haberet
1409 2263 1473 2311 V.
1497 2263 1561 2312 C.

493 2335 561 2384 G.
588 2337 651 2386 R.
676 2338 847 2387 Livin.
907 2339 1112 2395 Placet,
1153 2341 1288 2403 quod
1329 2341 1562 2391 restituit

493 2425 557 2460 ex
584 2422 805 2477 quatuor
828 2414 973 2464 libris
1000 2415 1278 2472 Livineius,
1308 2416 1561 2467 Consulem

490 2491 555 2536 te.
618 2488 721 2537 Sed
750 2497 801 2537 et
824 2504 919 2552 pro
942 2490 1153 2553 haberet,
1178 2491 1454 2554 legendum
1474 2494 1559 2543 Ιια·

491 2561 614 2611 here.
654 2563 904 2612 Rittersb.

559 2640 803 2687 Consulem
826 2638 1108 2703 te‘huberet]
1146 2642 1395 2692 Consulem
1416 2643 1557 2694 hube-

487 2719 580 2765 ret.
649 2715 930 2764 Manifeste
954 2716 1158 2778 falsum,
1182 2718 1317 2783 quod
1345 2733 1555 2770 consen·

488 2806 548 2839 su
575 2789 863 2854 praeferunt
889 2793 1001 2841 libri
1024 2810 1037 2842 ι
1061 2793 1181 2856 quid
1207 2795 1383 2844 enim?
1419 2798 1554 2846 Con·

485 2868 564 2917 sul
600 2866 670 2917 sit
710 2869 914 2932 aliquis,
950 2869 1038 2932 qui
1077 2883 1179 2919 non
1213 2878 1268 2920 et
1301 2876 1555 2923 senator?

486 2944 678 3008 Nugae.
748 2944 1105 2994 Adminiculer
1148 2960 1268 3009 ego,
1309 2953 1364 2995 et
1395 2948 1555 2997 verba

486 3027 837 3084 transponam,
864 3023 1114 3070 Consulem
1134 3022 1324 3072 haberet
1350 3028 1396 3072 te
1426 3023 1552 3087 (pro

482 3094 557 3161 et)
591 3111 653 3145 un
691 3103 880 3147 tantum
912 3104 1213 3148 senatorem:
1250 3100 1385 3162 quod
1424 3101 1550 3149 nihil

482 3170 686 3230 dubito,
722 3175 842 3238 quin
877 3174 1207 3237 apertissime
1231 3189 1426 3225 verum.
1460 3176 1549 3226 Li·

481 3261 583 3296 cm.

550 3324 796 3372 Consulem
839 3325 911 3388 te]
951 3325 1045 3374 Vir
1091 3326 1277 3376 doctus
1310 3326 1423 3377 hoec
1471 3329 1549 3378 ait

479 3412 645 3461 nugas
669 3414 804 3457 esse,
830 3416 927 3450 nec
951 3416 1257 3465 quemquam
1283 3405 1546 3453 consulem

480 3487 633 3537 posse
658 3488 792 3535 esse,
816 3477 902 3540 qui
932 3491 1035 3525 nou
1060 3486 1290 3529 senator.
1357 3478 1547 3542 Itaque

477 3563 536 3598 se
561 3550 866 3612 rescribere,
892 3553 1137 3602 Consulem
1160 3553 1354 3602 haberet
1385 3559 1451 3610 te,
1481 3571 1547 3604 un

479 3633 665 3676 tuntum
688 3635 965 3679 senatorem.
1031 3634 1141 3692 Ego
1161 3633 1417 3695 subsisto;
1451 3635 1546 3684 im-

475 3719 561 3754 mo
600 3705 801 3755 resisto.
871 3707 1007 3755 Nam
1042 3709 1199 3757 Plinii
1237 3711 1396 3758 verba
1421 3726 1541 3761 exa-

474 3782 670 3830 minata
735 3781 1037 3838 ostendunt,
1097 3787 1541 3848 comparationem

476 3856 571 3905 sub
594 3856 868 3920 hypothesi
894 3857 1026 3906 hanc
1048 3872 1184 3915 esse,
1224 3859 1375 3910 Sicut
1399 3870 1542 3912 vete·

474 3932 520 3980 ri
557 3946 666 3996 rep.
700 3933 742 3981 si
779 3947 934 3989 esses,
969 3949 1071 3983 non
1100 3936 1360 3987 consulem
1385 3945 1436 3987 te
1461 3953 1540 3987 so·

470 4009 577 4057 lum
614 4017 924 4071 appeterent
959 4010 1079 4075 (etsi
1121 4026 1318 4062 summa
1344 4028 1403 4063 ea
1428 4015 1541 4078 dig·

472 4082 635 4148 nitas)
680 4084 772 4134 sed
820 4087 977 4135 etiam
1026 4096 1339 4152 senatorem,
1384 4098 1441 4140 ut
1486 4091 1537 4140 in

470 4161 746 4209 sententiis
772 4162 1007 4211 dicendis
1033 4165 1210 4214 utilior
1232 4166 1538 4227 reipublicae

472 4247 655 4296 esses3
689 4237 764 4287 ita
786 4253 951 4303 nuuc,
981 4241 1079 4290 etsi
1112 4246 1167 4291 tu
1193 4242 1459 4309 princeps,
1481 4243 1535 4294 id

1209 366 1429 417 NOTAE
1479 369 1888 421 vammum
1934 373 2017 423 IN

1656 522 1757 573 est,
1776 530 1974 566 summa
1999 521 2231 581 potestas
2254 532 2270 581 ς
2303 521 2477 568 tamen
2503 518 2737 584 cupiunt

1653 600 1708 642 et
1732 594 2014 657 consulem,
2038 603 2095 643 ut
2124 594 2175 642 in
2200 602 2384 644 senatu
2405 596 2577 646 munia
2597 597 2731 647 obe·

1654 682 1727 730 as,
1749 683 1863 732 quae
1891 677 1995 718 tam
2020 669 2212 719 decore
2234 680 2289 720 et
2324 672 2520 720 utiliter
2546 679 2731 733 potes.

1655 743 1894 808 Atquin,
1917 745 2009 801 ait,
2043 760 2192 795 nemo
2227 746 2348 795 olim
2383 748 2583 809 consul,
2617 750 2731 798 nisi

1651 829 1876 869 senator.
1947 821 2090 871 Nihil
2130 823 2194 872 ad
2235 837 2363 878 rem,
2394 831 2453 873 ut
2486 822 2603 872 dem
2644 823 2728 874 ita

1653 908 1797 955 esse;
1847 897 1967 958 quis
2017 896 2386 947 conditionalis
2439 897 2589 948 modo
2635 908 2731 950 est

1651 984 1836 1020 sermo.
1892 971 2000 1021 Sed
2026 988 2128 1022 non
2153 974 2241 1036 do,
2274 981 2330 1023 et
2365 975 2547 1037 priscis
2585 983 2726 1024 tem-

1653 1048 1886 1110 poribus,
1921 1058 2044 1098 ante
2085 1051 2302 1099 annales
2345 1041 2509 1114 leges,
2553 1052 2724 1102 etiam

1641 1122 1882 1185 juvenes,
1926 1139 2024 1174 nec
2061 1132 2346 1182 senatores,
2386 1126 2450 1175 ad
2482 1128 2728 1176 consula·

1653 1203 1758 1246 tum
1783 1198 1964 1248 electi.
1999 1199 2131 1263 Lips-

1716 1274 1962 1337 Privatia]
2018 1276 2102 1324 Ita
2139 1275 2235 1325 sub
2275 1276 2595 1340 principibus
2638 1278 2726 1328 di-

1649 1358 1859 1410 cuntur,
1900 1352 2213 1416 quicumque
2258 1366 2361 1402 non
2406 1353 2725 1426 principes,

1647 1423 1746 1488 ipsi
1771 1426 1927 1474 etiam
1951 1427 2303 1489 magistratus.
2337 1429 2485 1479 Iam

1713 1501 1868 1550 Pares
1882 1501 1998 1564 sibi]
2024 1502 2247 1552 Codices
2264 1505 2519 1567 Vaticani,
2538 1506 2724 1559 Vene-

1648 1575 1709 1637 ti,
1733 1576 2157 1641 salisburgensis,
2184 1588 2238 1628 et
2265 1581 2530 1638 meus,l1as
2556 1595 2724 1634 voees

1645 1651 1720 1700 sic
1761 1656 2096 1716 transpositas
2143 1653 2399 1718 referunt,
2429 1657 2522 1705 eibi·
2554 1672 2722 1720 pur-ee.

1646 1727 1904 1792 Equidem
1948 1731 2012 1778 ad
2062 1746 2169 1780 rem
2210 1733 2376 1796 ipsam
2407 1749 2587 1797 parum
2632 1739 2719 1788 in-

1645 1812 1831 1868 terest,
1856 1817 1975 1856 utro
2014 1809 2197 1858 ordine
2240 1810 2321 1859 hae
2358 1824 2508 1861 voces
2547 1816 2718 1864 collo·

1643 1888 1865 1944 centur;
1901 1892 2137 1933 constare
2177 1893 2347 1934 tamen
2386 1888 2519 1945 volo,
2565 1890 2719 1946 mihi,

1644 1963 1889 2021 quantum
1915 1959 2029 2008 fieri
2062 1967 2259 2025 potest,
2296 1963 2459 2012 etiam
2496 1965 2717 2017 minima

1641 2047 1778 2081 curae
1801 2049 1927 2084 esse.
1963 2035 2026 2083 In
2052 2037 2487 2088 antecedentibus
2510 2041 2718 2106 verbis,

1640 2110 1831 2157 tandem
1869 2114 2026 2159 tamen
2064 2112 2226 2167 cessit,
2264 2115 2521 2175 particula
2547 2121 2716 2167 tomen

1639 2183 1812 2232 deleta
1834 2193 1916 2234 est
1935 2186 1985 2234 in
2013 2187 2179 2237 altero
2205 2189 2337 2238 libro
2363 2190 2626 2255 Gudiano,
2651 2203 2714 2245 et

1638 2260 1846 2322 punctis
1871 2263 2148 2313 subnotata
2168 2265 2317 2315 estin
2342 2266 2475 2318 libro
2493 2269 2713 2321 Vossia-

1636 2348 1720 2382 no.
1756 2333 2002 2387 Schwurz.

1700 2410 1903 2475 Recepit
1944 2414 2096 2479 enim]
2129 2415 2231 2467 Sex
2275 2418 2390 2469 boec
2427 2419 2706 2482 vocabula,

1635 2487 1832 2551 Recepit
1853 2491 1977 2540 enim
1995 2493 2191 2542 tertium
2212 2498 2523 2554 consulatum.
2537 2504 2594 2548 nt
2611 2501 2705 2549 d·-

1630 2570 1725 2626 ret,
1763 2566 2128 2616 desiderantur
2167 2569 2220 2617 in
2254 2572 2518 2622 codicibus
2557 2574 2700 2625 Mas.

1631 2641 1780 2691 Vatt.
1817 2646 1966 2691 8461.
2003 2649 2055 2693 et
2088 2648 2235 2693 1⁷75.
2259 2646 2310 2695 in
2337 2647 2710 2714 Guelpberby·

1634 2726 1772 2783 tuno,
1810 2727 1863 2768 et
1904 2734 2053 2780 meo;
2090 2722 2140 2770 in
2176 2723 2368 2772 ceteris
2400 2725 2700 2788 exprimun-

1634 2801 1733 2843 tur.
1803 2795 1909 2844 Cur
1930 2796 1979 2844 iu
2005 2796 2104 2844 illis
2123 2797 2309 2847 omissa
2329 2800 2452 2860 sint,
2470 2803 2706 2852 occasio-

1631 2883 1748 2918 nem
1774 2870 1996 2920 librariis
2022 2872 2229 2922 dedisse
2266 2873 2474 2924 videtur
2499 2877 2704 2940 syllaba

1628 2951 1722 3008 ret,
1752 2959 1817 2994 ex
1861 2947 2042 2996 ultimo
2088 2948 2283 3011 periodi
2330 2952 2702 3005 antecedentis

1628 3021 2013 3085 verbosae-eret,
2036 3032 2090 3073 et
2121 3039 2188 3073 ex
2224 3026 2404 3075 ultimo
2444 3027 2595 3091 hujus
2616 3031 2699 3097 ip.

1626 3098 1730 3145 sius
1755 3098 2028 3147 sententia
2062 3101 2267 3150 omissae
2307 3105 2486 3165 verbo,
2510 3108 2697 3160 ‹ra-ret.

1627 3175 1850 3225 Quando
1866 3177 2000 3225 enim
2017 3177 2102 3226 illa
2118 3179 2314 3242 syllaba
2331 3181 2385 3230 in
2402 3183 2700 3234 initio'duo·

1625 3270 1736 3304 rum
1765 3270 2021 3319 versuum,
2043 3259 2171 3321 sive,
2196 3267 2254 3309 ut
2289 3261 2441 3325 vulgo
2470 3263 2696 3328 loquun-

1625 3338 1727 3389 tur,
1762 3333 1977 3383 duarum
2014 3336 2284 3397 linearum,
2326 3340 2498 3403 stetit,
2534 3341 2695 3393 libra·

1628 3410 1732 3459 rius
1754 3425 1909 3459 uuum
1936 3425 2138 3461 versum
2159 3416 2426 3473 transiliit,
2447 3416 2689 3483 adeoque

1626 3491 1783 3533 totam
1815 3486 1949 3535 banc
1987 3490 2300 3539 senteutiam
2334 3495 2694 3555 proetermisit.

1623 3560 1786 3623 Cujus
1823 3562 2030 3622 generis
2065 3568 2381 3629 corruptela·
2397 3569 2510 3632 jam
2536 3571 2692 3634 plura

1622 3637 1673 3685 in
1707 3636 1806 3685 hoc
1845 3637 2172 3701 Panegyrico
2208 3642 2478 3692 observavi
2508 3660 2692 3697 exem·

1621 3712 1726 3774 pla.
1784 3712 1923 3762 Vide
1948 3729 2125 3777 supra,
2146 3716 2210 3766 ad
2236 3731 2353 3768 ux.
2378 3723 2428 3769 2.
2466 3722 2620 3773 Iden.

1689 3789 1852 3838 Tertio
1888 3793 2123 3857 consum]
2160 3794 2556 3847 Florentissima
2591 3799 2689 3850 lin-

1620 3879 1737 3927 με
1772 3866 1972 3915 Latinae
2008 3876 2188 3926 etate,
2221 3870 2264 3918 si
2290 3871 2527 3922 audimus
2552 3874 2693 3926 eeu.

1620 3953 1677 3990 x.
1725 3946 1774 3990 1.
1807 3942 2102 3993 dubitatum
2146 3951 2250 4008 est,
2295 3954 2473 3997 utrum
2510 3949 2690 4001 dicen·

1615 4015 1759 4072 dum,
1806 4017 2058 4067 ‘tertium
2106 4020 2327 4082 consul,’
2376 4036 2442 4071 an
2492 4025 2685 4076 ‘tertio

1615 4093 1834 4142 consul-²
1901 4093 2088 4144 Refert
2119 4098 2255 4146 enim
2287 4099 2346 4153 is,
2385 4098 2466 4147 M.
2487 4100 2683 4150 Varro-

1615 4182 1752 4232 nem,
1777 4170 1827 4219 in
1861 4170 1995 4220 libro
2022 4171 2415 4236 disciplinarum
2440 4187 2496 4223 V.
2520 4176 2686 4240 scrip-

1613 4245 1758 4304 sisse,
1795 4245 1991 4298 ‘Aliud
2014 4257 2117 4313 est,
2150 4250 2370 4316 ‘quarto
2395 4258 2681 4317 pretorem
