3060 4902
775 354 842 400 ο.
893 351 1138 401 rursm
1187 350 1524 402 saeuum
1580 352 1853 401 nnnc.
1931 353 1982 401 1.
2015 337 2122 403 72.

336 496 430 545 has
472 493 604 544 duas
642 506 795 543 voces
836 491 1127 544 Beroaldus
1165 499 1221 544 et
1247 493 1404 544 Cata·

336 588 502 625 naeus.
570 573 840 634 Ceterum,
878 572 964 621 bic
1008 572 1271 621 abstracta
1312 585 1402 634 po·

333 658 531 703 nnntur
569 663 667 712 pro
701 649 990 709 concretis3
1027 648 1173 714 quasi
1209 648 1402 698 dixerit

336 728 563 789 Plinius,
596 725 750 776 Aliud
778 725 1040 775 hominnm
1064 726 1406 788 solicitorum,

333 804 477 854 aliud
503 816 821 862 securorum,
841 802 1101 864 ingenium
1136 809 1233 851 est.
1301 803 1402 851 Cu·

325 878 562 943 jusmodi
587 878 828 940 exempla
861 878 964 926 alia
1002 878 1186 941 passim
1223 879 1274 927 in
1307 878 1403 928 hoc

335 954 666 1018 Panegyrico
690 953 841 1002 obvia
863 961 1019 1015 sunt;
1051 969 1144 1003 nos
1165 954 1401 1018 quaedam

323 1031 438 1094 jam
477 1043 636 1093 supra
669 1028 1027 1078 annotavimus
1057 1028 1120 1076 ad
1149 1041 1403 1079 xxxviii.

332 1111 385 1157 2.
450 1106 705 1169 Ingenium
743 1113 916 1155 antem
954 1108 1279 1167 μπωνυμικῶε
1309 1120 1404 1169 pro

332 1185 351 1212 ⁸
375 1181 709 1233 inventione’
742 1182 862 1246 poni
903 1183 1125 1245 videtur,
1167 1186 1291 1247 quia
1325 1184 1404 1234 in·

333 1259 490 1325 genio
510 1259 835 1323 potissimum
857 1262 1108 1322 competit
1134 1261 1406 1311 invenien-

331 1336 390 1387 di
412 1345 467 1387 et
489 1336 819 1400 excogitandi
847 1336 1088 1387 facultas.
1124 1338 1271 1387 Idem.

415 1415 656 1465 Neutrum
694 1414 1023 1463 simulationes
1060 1413 1400 1478 expresserint]

334 1491 449 1541 Pro
503 1490 775 1553 singulari,
822 1490 1076 1553 pluralem
1131 1505 1400 1540 numerum

334 1573 531 1630 neutra,
563 1568 616 1618 in
653 1569 785 1618 libro
826 1583 918 1620 suo
955 1571 1226 1620 annotavit
1257 1571 1310 1622 J.
1344 1571 1404 1621 F.

335 1646 651 1696 Gronovius.
717 1646 848 1709 Ego,
872 1647 916 1696 si
942 1647 1066 1711 quid
1103 1648 1400 1698 mutandum

330 1730 497 1782 esset,
519 1736 823 1786 reponerem
841 1729 1077 1783 neutrum,
1098 1730 1157 1773 ιιι
1182 1722 1402 1774 referre·

332 1805 425 1848 tur
449 1798 515 1848 ad
540 1798 839 1849 vocabulum
873 1799 1084 1848 invenio
1099 1816 1119 1858 ,-
1152 1799 1240 1848 sed
1266 1801 1405 1850 nulla

342 1888 477 1938 opus
499 1879 583 1923 est
604 1875 911 1923 mutatione.
958 1876 1048 1924 Sic
1076 1876 1211 1924 Plin.
1237 1876 1404 1939 Epist.

336 1964 401 2001 n.
424 1954 506 1999 11.
527 1951 542 1977 ⁴
566 1949 754 1999 Stabat
775 1949 931 1999 modo
954 1951 1261 2012 consularis3
1297 1966 1403 2001 mo·

332 2027 406 2078 do
450 2027 732 2090 septemvir
770 2027 1079 2090 epulorum5
1122 2027 1231 2091 jam
1277 2042 1402 2077 neu-

331 2103 509 2154 trum.’
573 2102 721 2153 Idem
747 2104 913 2166 Epist.
935 2116 1023 2152 ιιι.
1046 2107 1096 2152 9.
1125 2110 1138 2131 ·
1159 2103 1279 2151 Dari
1304 2104 1401 2153 sibi

331 2180 497 2242 diem,
538 2190 594 2230 et
647 2180 732 2230 edi
782 2180 1015 2244 crimina,
1062 2179 1400 2242 postulabat:

333 2265 578 2308 neutrum
615 2255 953 2320 impetravit!
1020 2258 1186 2320 Epist.
1216 2270 1295 2307 ix.
1322 2262 1404 2307 81.

327 2332 599 2383 ‘Laudem
642 2334 842 2396 pariter
881 2341 936 2382 et
981 2334 1175 2396 gratias
1221 2336 1404 2396 agam?

332 2416 580 2460 neutrum
622 2410 746 2459 satis
791 2408 1051 2473 possum.’
1115 2410 1200 2460 Sic
1244 2410 1402 2460 etiam

334 2485 524 2536 Cicero
565 2485 789 2551 loquitur
823 2483 891 2532 de
927 2485 1040 2536 Fin.
1076 2499 1164 2536 ιιι.
1189 2489 1266 2536 1⁵.
1290 2487 1305 2514 ‘
1331 2488 1404 2536 Ut

333 2565 513 2611 essent
553 2575 729 2610 eorum
771 2561 874 2609 alia
918 2560 1265 2623 aestimabilia,
1304 2563 1404 2610 alia

332 2647 543 2700 contra,
579 2641 681 2689 alia
722 2637 1010 2688 neutrum.’
1080 2639 1236 2703 Apud
1279 2653 1402 2689 eun·

333 2715 457 2765 dem
494 2715 611 2765 Cic.
642 2712 796 2762 Offic.
817 2728 856 2762 1.
882 2718 927 2763 1.
962 2713 1256 2764 Gronovius
1296 2715 1405 2763 alii·

336 2807 440 2857 que
466 2790 742 2855 legendum
771 2799 1105 2848 censuerunt,
1131 2790 1404 2841 'Quoniam

337 2876 637 2931 utrumque,
662 2873 718 2916 et
737 2865 1014 2930 Socratici,
1036 2874 1090 2916 et
1120 2866 1401 2931 Platonici,

333 2960 455 2996 esse
479 2942 746 2995 volumus!
813 2944 1004 2993 Mirum
1035 2958 1156 2992 vero
1180 2958 1279 2993 non
1304 2953 1403 3000 est.

331 3022 714 3073 simulationem
737 3018 1044 3069 adumbrare
1060 3019 1265 3084 quidem
1290 3035 1405 3084 pos·

334 3114 393 3150 se
417 3099 658 3165 gaudium
682 3105 740 3148 et
773 3096 1039 3147 tristitiam
1060 3114 1073 3156 5
1110 3111 1291 3146 revera
1314 3112 1402 3146 au·

337 3185 446 3227 tem
488 3183 545 3226 et
600 3182 900 3226 constanter
952 3175 1245 3237 exprimere
1300 3188 1401 3222 non

335 3266 527 3317 posse3
558 3251 697 3314 quia,
720 3250 855 3315 quod
888 3250 1076 3300 Cicero
1111 3252 1206 3313 ait,
1237 3248 1302 3297 de
1328 3250 1402 3299 0-

337 3335 440 3378 rat.
464 3342 552 3378 ιιι.
576 3332 658 3377 57.
692 3335 706 3356 ·
730 3328 851 3376 Sine
886 3325 1044 3376 dubio
1080 3326 1131 3375 in
1166 3327 1302 3374 omui
1346 3339 1400 3375 re

336 3405 506 3457 vincit
539 3405 873 3453 imitationem
909 3403 1102 3452 veritas
1122 3402 1156 3464 ;'
1192 3410 1247 3452 et
1281 3404 1401 3467 qnia

335 3474 666 3532 simulatores
702 3482 861 3544 magis
885 3480 1092 3545 quidem
1127 3482 1401 3530 connitun-

335 3567 444 3614 tur,
468 3567 522 3608 et
542 3557 802 3619 ingenium
835 3556 1115 3606 intendunt
1136 3557 1198 3606 ad
1226 3566 1401 3607 certos

333 3632 554 3684 affectus
589 3631 897 3694 imitandos;
930 3633 1018 3682 sed
1057 3649 1122 3682 ex
1162 3635 1250 3683 illo
1288 3634 1401 3695 ipso

331 3710 497 3760 nimio
550 3709 726 3759 studio
782 3711 1125 3759 velamentum
1178 3709 1401 3760 fictionis

334 3792 395 3836 et
434 3784 662 3836 affectati
701 3784 919 3835 affectus
956 3785 1116 3848 magis
1157 3786 1402 3848 pellucet.

335 3863 482 3913 Hinc
503 3862 636 3911 bene
660 3862 826 3910 Tacit.
855 3861 1039 3911 Annal.
1058 3876 1134 3910 iv.
1154 3866 1232 3911 81.
1249 3863 1265 3890 ‘
1285 3863 1401 3912 Nec

332 3940 600 3990 occultum
646 3946 746 3998 est,
787 3937 994 4002 quando
1049 3952 1117 3987 ex
1161 3940 1401 3996 veritate,

334 4014 549 4080 quando
574 4013 882 4063 adumbrata
912 4015 1117 4070 lie-titia,
1142 4014 1284 4064 facta
1307 4016 1401 4064 im-

334 4092 594 4154 peratoris
618 4088 987 4139 celebrentur!
1055 4091 1125 4140 Et
1149 4093 1404 4143 Quinctil.

337 4180 446 4218 xit.
476 4171 518 4215 l.
549 4167 565 4193 ‘
588 4165 776 4215 Prodit
810 4179 884 4227 se,
916 4167 1199 4229 quamlibet
1233 4176 1402 4217 custo·

2419 338 2552 404 935

1483 500 1634 544 tanta
1655 494 1928 560 eloquendi
1951 493 2195 558 facultas,
2217 499 2278 543 ut
2299 507 2402 543 non
2428 494 2553 544 titu-

1483 570 1573 620 bet
1596 586 1656 620 ac
1679 572 1898 636 liaereat,
1921 572 2124 638 quoties
2151 571 2217 620 ab
2241 572 2413 620 animo
2438 586 2550 621 ven-

1482 647 1552 696 ba
1574 646 1913 697 dissentiant!
1981 648 2192 698 Latinus
2219 646 2408 696 Pacat.
2430 661 2548 712 cap.

1480 725 1565 772 8⁷.
1591 730 1605 751 ‘
1625 723 1799 783 Fingit
1822 723 2052 787 quidem,
2078 730 2135 772 ιιι
2162 723 2370 786 scimus,
2394 723 2551 774 timor

1481 799 1765 863 gaudium3
1799 800 1889 849 sed
1916 802 1994 849 ita
2026 800 2234 849 intimos
2260 800 2447 849 mentis
2473 799 2548 850 af·

1479 872 1651 925 fectus
1676 875 1912 939 proditor
1936 875 2109 924 vultus
2134 877 2389 939 enuntiat,
2408 885 2467 925 ut
2495 877 2548 926 in

1480 953 1691 1015 speculo
1713 951 1958 1001 frontinm
1992 953 2162 1015 imago
2184 957 2334 1001 extet
2356 953 2549 1002 animo·

1480 1027 1628 1076 rum.’
1696 1026 1891 1077 Confer
1914 1043 2072 1091 snpra
2094 1028 2158 1077 ad
2180 1041 2265 1078 ιν.
2285 1033 2335 1078 2.
2366 1029 2517 1078 Idem.

1553 1102 1910 1167 Simulationes]
1965 1104 2239 1154 Tibullus:
2297 1111 2312 1133 ‘
2340 1103 2550 1154 difficile

1479 1187 1563 1230 est
1593 1181 1782 1230 imitari
1816 1181 2007 1245 gaudia
2040 1180 2186 1243 falsa,
2211 1179 2444 1231 Difficile
2468 1189 2551 1233 est

1480 1258 1617 1307 tristi
1658 1255 1857 1321 fingere
1890 1265 2064 1307 mente
2094 1255 2311 1322 jocum-⁹
2379 1259 2552 1308 Naza-

1479 1335 1618 1385 rius:
1650 1335 1665 1363 ‘
1685 1335 1860 1397 Fingit
1879 1335 2085 1398 quidem
2112 1335 2263 1384 timor
2288 1335 2555 1399 gaudium3

1479 1409 1569 1460 sed
1610 1410 1686 1459 ita
1721 1410 1930 1459 intimos
1967 1411 2152 1459 mentis
2186 1409 2398 1461 affectus
2432 1426 2549 1475 pro·

1478 1487 1618 1537 ditor
1655 1489 1824 1537 vultus
1860 1487 2121 1549 enunciat,
2154 1495 2212 1538 ut
2248 1489 2299 1537 in
2335 1489 2549 1552 speculo

1478 1562 1723 1614 frontium
1767 1564 1939 1629 imago
1983 1571 2160 1615 exstet
2212 1564 2517 1617 animorum.
2535 1563 2548 1584 ¹

1480 1641 1618 1703 Lips-
2188 1692 2193 1695 ,

1547 1717 1649 1766 Sim
1682 1716 1829 1765 verba
1861 1715 2044 1779 miseri]
2082 1717 2227 1766 Bene
2252 1718 2360 1768 Cic.
2380 1716 2448 1767 de
2472 1717 2547 1768 Ο·

1479 1801 1581 1842 rat.
1599 1806 1685 1842 ιιι.
1700 1797 1783 1842 67.
1800 1796 1815 1821 ‘
1834 1793 2018 1842 Omnis
2037 1802 2205 1844 motus
2227 1794 2379 1856 animi
2399 1809 2546 1845 suum

1479 1870 1739 1933 quendam
1774 1885 1806 1919 a
1839 1881 2026 1921 natura
2060 1871 2217 1921 habet
2251 1872 2469 1932 vultum,
2492 1879 2549 1923 et

1477 1961 1680 2008 sonum,
1703 1955 1757 1996 et
1785 1955 2019 2012 gestum3
2056 1953 2325 2012 totumque
2357 1961 2546 2012 corpus

1478 2023 1716 2081 hominis.
1756 2033 1812 2073 et
1852 2024 1963 2088 ejus
2003 2024 2166 2073 omnis
2206 2027 2396 2088 vultus,
2440 2039 2548 2074 om·

1477 2119 1672 2169 nesque
1698 2119 1872 2161 voces,
1894 2111 1953 2153 ut
1977 2104 2121 2153 nervi
2158 2104 2209 2153 in
2242 2103 2450 2157 fidibus,
2474 2104 2548 2152 ita

1479 2188 1686 2243 sonant,
1709 2189 1765 2229 nt
1792 2195 1822 2228 a
1844 2185 1985 2228 motu
2022 2180 2175 2229 animi
2198 2193 2404 2243 qnoque
2427 2185 2549 2228 sunt

1482 2256 1679 2320 pulsae.’
1747 2257 1815 2305 Et
1835 2269 1953 2318 cap.
1975 2258 2056 2303 58.
2077 2254 2092 2281 ‘
2110 2253 2267 2302 Aliud
2296 2253 2431 2302 enim
2457 2268 2546 2302 vo-

1480 2333 1556 2381 cis
1591 2346 1753 2396 genus
1778 2329 2042 2379 iracundia
2063 2328 2159 2377 sibi
2184 2335 2388 2388 sumat;
2425 2343 2547 2377 acu·

1481 2419 1609 2472 tuin,
1636 2407 1924 2468 incitatum,
1957 2405 2144 2455 crebro
2178 2405 2431 2456 incidens.
2455 2438 2469 2453 .
2495 2440 2508 2456 .
2534 2436 2549 2453 .

1479 2485 1638 2536 Aliud
1665 2485 1927 2534 miseratio
1958 2497 2018 2533 ac
2053 2496 2265 2532 moeror:
2303 2480 2549 2544 flexibile,

1481 2564 1710 2626 plenum,
1739 2561 2105 2624 interruptum,
2128 2557 2290 2609 flebili
2318 2574 2461 2610 voce.
2487 2594 2501 2611 .
2533 2596 2547 2611 .

1478 2637 1635 2688 Aliud
1662 2644 1859 2687 metus:
1894 2636 2264 2699 demissum,et
2290 2637 2550 2699 haesitans,

1480 2723 1533 2764 et
1567 2714 1850 2779 abjectum.
1875 2746 1889 2762 .
1917 2746 1930 2762 .
1955 2746 1970 2762 .
1992 2713 2147 2763 Aliud
2182 2714 2295 2764 vis:
2332 2723 2548 2763 conten-

1481 2801 1610 2854 tum,
1654 2792 1951 2853 vehemens,
2006 2792 2277 2842 imminens
2323 2790 2546 2856 quadam

1482 2868 1787 2917 incitatione
1828 2868 2122 2931 gravitatis.
2145 2903 2158 2918 .
2184 2902 2197 2917 .
2225 2901 2239 2915 .
2263 2868 2419 2917 Aliud
2462 2883 2548 2916 vo-

1482 2946 1692 3010 luptas:
1729 2943 1967 3007 effusum,
2006 2945 2143 3006 lene,
2181 2953 2441 3007 tenerum,
2476 2945 2549 2994 lii-

1481 3025 1663 3080 larum,
1686 3037 1746 3071 ac
1773 3019 2079 3070 remissum.’
2108 3021 2350 3069 Solimi-z.

1554 3097 1827 3162 thuejam
1848 3096 2077 3159 maxime]
2098 3096 2255 3144 Varie
2275 3096 2357 3143 hic
2385 3093 2549 3157 locus,

1479 3183 1536 3226 et
1560 3175 1880 3238 potissimum
1902 3172 1953 3221 in
1981 3171 2205 3235 antiquis
2237 3170 2548 3219 editionibus

1480 3259 1731 3313 corrupte
1767 3249 1974 3312 legitur.
2040 3247 2129 3297 Sic
2166 3247 2216 3295 in
2254 3246 2551 3307 Puteolani,

1480 3325 1748 3380 Beroaldi.
1785 3324 2036 3386 Catanaei,
2068 3323 2208 3380 Audi,
2243 3321 2548 3384 Philomusi,

1481 3403 1737 3463 Rhenani‚
1759 3402 1956 3460 Jiintoe,
1982 3401 2048 3451 R.
2082 3407 2137 3449 et
2171 3400 2242 3448 Η.
2265 3399 2549 3462 Stephano·

1479 3494 1613 3543 rum,
1632 3480 1938 3543 Boxliornii,
1963 3487 2018 3530 et
2054 3478 2186 3530 forte
2218 3479 2431 3528 aliorum
2457 3493 2544 3529 ex·

1478 3557 1795 3619 emplaribus
1829 3557 2025 3607 editum
2063 3568 2163 3618 est,
2208 3558 2276 3607 Ut
2312 3573 2416 3622 quoe
2441 3558 2549 3618 jum

1476 3635 1686 3684 maxime
1705 3634 1766 3684 ab
1788 3635 2003 3698 utrisque
2038 3635 2278 3686 dicantur.
2348 3633 2451 3683 Hic
2478 3637 2551 3683 vi-

1479 3711 1573 3760 des
1608 3727 1713 3775 quoe
1745 3727 1836 3775 pro
1872 3728 1962 3776 que
1991 3711 2220 3777 editum3
2260 3726 2358 3761 nec
2382 3710 2548 3760 solum

1480 3803 1762 3852 pronomen
1807 3791 1986 3844 eudem,
2028 3789 2118 3838 sed
2165 3790 2320 3838 etiam
2367 3788 2549 3835 ultima

1481 3864 1659 3925 verba,
1700 3865 1848 3913 aliter
1892 3864 2132 3920 dicuntur,
2181 3876 2299 3911 esse
2344 3861 2549 3908 omissa.

1479 3943 1577 3991 Cui
1603 3941 1816 3989 lectioni
1842 3940 2005 3989 codex
2033 3952 2236 4002 qnoque
2260 3936 2548 3986 Patavinus

1477 4019 1703 4067 accedit.
1770 4017 1833 4066 lu
1858 4016 2316 4078 Gnelplierbytano
2344 4021 2400 4063 et
2429 4027 2544 4063 meo

1480 4094 1663 4144 codice
1685 4093 1936 4154 scriptum
1963 4100 2065 4152 est,
2091 4091 2249 4152 thue
2265 4090 2373 4150 jum
2394 4091 2549 4139 maxi-

1478 4185 1554 4219 me
1584 4172 1746 4218 eadem
1772 4169 1832 4216 ab
1870 4169 2080 4228 aerisque
2111 4168 2351 4226 dicuntur,
2376 4166 2547 4217 verbis

330 4244 528 4299 diatnr,
573 4243 856 4308 simulatio,
886 4257 950 4293 ne
985 4258 1208 4310 unquam
1245 4244 1406 4297 fuerit
1481 4248 1699 4312 ultiniis,
1730 4245 1873 4295 aliter
1907 4245 2148 4308 dicuntur,
2180 4244 2362 4296 itidem
2397 4245 2547 4296 omis-
