3060 4902
801 383 869 432 c.
918 380 1154 432 eumn
1202 381 1529 434 sacuam
1582 385 1856 435 Panno.
1929 385 1978 437 1.
2022 370 2131 439 80.

377 524 638 588 videatur,
696 530 848 576 tanta
901 520 1077 577 tamen
1130 527 1434 580 incitatione

378 601 571 662 fertur,
608 609 668 652 ut
705 603 946 653 celeritas
986 604 1101 668 ejus
1128 616 1322 671 quanta
1348 608 1436 669 sit,

377 691 445 727 ne
466 677 686 741 cogitari
709 678 918 743 quidem
947 680 1145 743 possit!
1212 681 1436 731 Bebriua

377 756 606 819 putavit,
639 754 831 804 rectius
864 757 1021 807 scribi
1059 758 1318 820 debuisse,
1337 760 1436 809 cle·

377 832 562 881 russina·
596 832 771 882 sideris
798 848 961 892 inme,-
996 842 1051 885 at
1076 836 1277 886 Plinius
1313 838 1436 886 solia

378 908 703 959 celeritatem
735 909 798 957 ad
836 910 1051 973 Trajani
1091 915 1318 961 velocem
1346 928 1436 976 po·

381 987 620 1047 tentiam,
665 988 1167 1053 promtissiniamquc
1206 991 1436 1039 volunta·

380 1069 485 1112 tem
518 1062 862 1126 juvandornm
899 1064 1177 1129 bominum,
1209 1068 1434 1130 applica-

379 1141 474 1189 vit.
540 1141 629 1190 Sic
670 1142 805 1190 enim
836 1142 946 1204 jam
992 1157 1168 1207 supra,
1215 1157 1353 1195 xxx.
1385 1151 1436 1196 5.

378 1217 512 1267 dixit
538 1233 553 1267 ι
586 1226 600 1248 ·
619 1220 743 1267 Tam
781 1222 952 1282 velox,
976 1221 1175 1282 Caesar,
1201 1223 1435 1284 potentia

380 1302 469 1345 tna
505 1304 607 1358 est,
636 1304 846 1360 tamque
871 1298 921 1346 in
947 1297 1117 1346 omnia
1143 1300 1335 1361 pariter
1359 1300 1433 1349 in·

379 1380 527 1423 tenta
548 1373 753 1423 bonitas
776 1381 830 1423 et
854 1376 1103 1435 accincta,
1144 1384 1202 1425 ut
1236 1376 1431 1426 tristius

377 1450 574 1514 aliquid
612 1453 804 1501 saeculo
848 1459 937 1501 tuo
973 1452 1152 1515 passis,
1181 1453 1244 1501 ad
1269 1467 1432 1502 reme·

375 1528 516 1577 dium
551 1528 880 1593 salutemque
919 1527 1142 1577 sufficiat
1175 1537 1230 1579 ut
1263 1529 1433 1579 scias·'

377 1606 618 1657 &sm

449 1683 621 1732 omia
641 1682 830 1746 audire]
866 1683 1037 1744 Forte,
1055 1683 1209 1732 odire.
1234 1682 1399 1733 Livin.

446 1762 624 1810 Omnia
661 1759 848 1823 andire]
881 1761 1050 1809 Video
1090 1774 1216 1817 esse,
1248 1760 1431 1826 quibus

377 1838 643 1888 allubescit
661 1840 827 1897 παίω,-
861 1845 914 1886 at
932 1836 1054 1901 qnid
1075 1839 1207 1887 aliud
1231 1845 1307 1887 est
1325 1839 1431 1888 adi-

373 1929 443 1968 re,
486 1929 637 1979 quam
690 1915 706 1943 ‘
727 1917 945 1964 invisere
963 1915 998 1963 ?'
1036 1917 1189 1964 immo
1219 1922 1232 1945 ⁸
1256 1916 1428 1965 audit'

377 1993 534 2041 etiam
559 1994 654 2049 sol,
688 1993 704 2021 ‘
724 1991 969 2043 audiunt’
1002 1994 1101 2042 alia
1128 1993 1299 2043 sidera
1323 2009 1337 2054 ς
1374 2002 1431 2043 ιιι

376 2066 540 2118 fusius
564 2071 876 2120 ostendimus
899 2070 962 2119 ad
981 2071 1147 2120 Taciti
1165 2071 1251 2119 illa
1271 2085 1284 2118 ε
1309 2080 1320 2099 ·
1337 2070 1429 2120 So·

375 2145 478 2194 iem
503 2145 691 2194 deinde
735 2147 1035 2209 respiciens,
1068 2155 1121 2195 et
1158 2155 1336 2196 cetera
1366 2146 1430 2195 si-

375 2220 501 2272 dera
523 2236 730 2279 vocans,
764 2223 907 2288 quasi
942 2238 1111 2272 coram
1144 2223 1429 2285 interroga·

375 2296 488 2360 bat,
512 2298 771 2348 vellentne
789 2300 1018 2349 contueri
1043 2301 1193 2347 inane
1216 2300 1375 2347 solum
1395 2299 1432 2348 Ρ

375 2377 476 2425 dte.
543 2375 729 2425 Annal.
755 2390 888 2425 xm.
909 2380 986 2425 5⁵.
1016 2375 1052 2424 f.
1092 2377 1238 2424 Grut.

447 2454 760 2518 Undecanqne
774 2454 1060 2517 invocatum]
1081 2454 1348 2504 Gesnerns
1365 2453 1428 2504 ad

375 2529 490 2580 bac
535 2531 713 2591 verba,
762 2535 779 2560 ⁸
806 2529 1032 2580 Difficile
1075 2529 1196 2591 est‚'
1246 2531 1431 2595 iuquit,

371 2606 487 2657 ‘bic
501 2614 753 2669 statuere,
778 2615 950 2657 utrum
975 2609 1240 2658 invocatam
1260 2609 1431 2672 adjec-

375 2682 482 2733 tive
503 2698 705 2734 sumere
725 2683 1022 2741 debeamus,
1042 2699 1136 2747 pro
1155 2699 1253 2734 non
1277 2699 1430 2735 voca·

376 2767 466 2818 to;
500 2774 565 2809 an
590 2761 853 2824 participii
880 2776 1039 2824 more,
1062 2762 1303 2825 precibus
1341 2763 1431 2811 ad-

376 2846 631 2889 vocatum.
717 2839 1007 2905 Utrumque
1050 2842 1336 2905 pulchrum,
1376 2848 1433 2890 et

377 2916 443 2965 ad
466 2917 602 2967 bunc
627 2918 792 2967 locum
820 2923 1031 2982 aptum!
1096 2920 1291 2983 Negari
1329 2934 1430 2969 non

374 3001 571 3057 potest,
606 3003 880 3059 utramque
915 3011 1022 3046 rem
1059 2998 1174 3046 voci
1208 2998 1293 3045 isti
1317 2999 1435 3046 sub·

365 3070 567 3134 jectam
604 3085 733 3122 esse.
798 3073 888 3122 Sic
922 3073 938 3100 ⁸
959 3071 1259 3121 invocatus’
1292 3072 1430 3135 apud

375 3147 550 3197 Plaut.
581 3147 792 3206 dicitur,
827 3156 961 3198 ‘non
999 3148 1248 3210 vocatus,’
1283 3149 1430 3209 ἄκλη-

375 3242 473 3282 τος,
510 3224 791 3285 αὐτόματος,
823 3226 1028 3290 captiv,
1053 3241 1092 3276 1.
1115 3231 1161 3277 1.
1181 3232 1229 3277 2.
1264 3236 1277 3257 ⁸
1296 3228 1431 3279 Quia

374 3302 645 3352 invocatus
691 3305 832 3353 soleo
879 3318 991 3353 esse
1047 3303 1097 3352 in
1155 3304 1431 3355 convivio?

374 3379 533 3444 Apud
550 3381 762 3431 Terent.
787 3381 1017 3431 Eunuch.
1035 3385 1149 3431 v.9.
1168 3385 1249 3430 28.
1275 3381 1431 3430 ‘Pos-

376 3457 503 3517 tulo,
527 3464 584 3507 ut
608 3456 845 3506 mibi-tna
865 3458 1064 3518 domus,
1084 3467 1134 3506 te
1151 3465 1431 3521 praeaente‚

376 3533 615 3597 absente,
642 3541 840 3598 pateat,
865 3534 1104 3584 invocato
1121 3543 1179 3584 ut
1198 3535 1267 3584 sit
1291 3537 1433 3585 locus

371 3608 618 3671 semper.'
684 3608 837 3673 Apud
868 3611 1066 3674 Nepot.
1092 3611 1289 3661 Cimon.
1313 3626 1430 3676 cap.

372 3691 423 3737 4.
457 3687 628 3739 ‘Quos
658 3686 920 3737 invocatos
961 3688 1171 3739 vidisset
1206 3691 1255 3739 in
1297 3689 1430 3754 foro,

373 3781 552 3817 omnes
576 3765 885 3816 devocaret)
936 3767 1157 3824 Deinde,
1191 3770 1207 3797 ⁸
1228 3770 1432 3819 invoca·

375 3841 492 3893 tus’
524 3843 681 3892 etiam
721 3843 907 3892 dicitur
949 3845 1304 3907 compellatus,
1338 3846 1429 3894 im-

373 3920 627 3985 ploratus,
684 3920 927 3985 precibus
977 3920 1275 3971 advocatus.
1341 3923 1430 3973 Sic

374 3997 577 4048 Plinius
615 3997 834 4060 Epistol.
880 4010 1001 4046 vm.
1037 4002 1087 4046 4.
1131 3998 1428 4050 ‘Invocatis

373 4074 512 4138 Diis,
538 4081 614 4136 et,
637 4075 773 4123 inter
793 4076 960 4136 Deos,
999 4074 1130 4138 ipso,
1155 4076 1302 4141 cujus
1327 4091 1429 4141 res,

371 4159 553 4216 opera,
581 4151 790 4202 consilia
827 4150 1060 4200 dicturus
1084 4150 1173 4201 es.'
1237 4153 1429 4203 Jnatin.

373 4242 541 4280 xvtn.
581 4233 631 4278 d.
664 4228 814 4277 ‘Viri
859 4229 1060 4278 nomine
1094 4243 1210 4278 cnm
1251 4231 1426 4280 multis

370 4306 612 4372 lacrymis
634 4312 690 4357 et
712 4306 1080 4358 lamentatione
1105 4305 1262 4359 flebili
1285 4309 1427 4359 invo-

2435 371 2567 442 987

1508 530 1663 580 cato!
1697 532 1948 582 Mamert.
1970 532 2170 599 Paneg.
2192 533 2408 584 Maxim.
2431 535 2567 602 Aug.

1510 620 1626 668 cap.
1648 610 1695 655 8.
1730 610 1746 636 ‘
1771 609 1898 658 Cum
1932 609 1998 658 ad
2030 610 2404 660 restituendam
2434 626 2569 663 rem·

1511 683 1768 746 publicam
1806 699 1836 732 a
1864 692 2084 748 cognato
2120 685 2214 735 tibi
2247 687 2568 740 Diocletiani

1511 763 1718 811 numine
1755 761 1913 812 fueris
1943 763 2249 813 invocatus.'
2314 765 2406 816 Est
2429 768 2565 816 enim

1510 844 1638 888 tnnc
1674 839 2005 889 ‘invocatus'
2049 841 2378 904 participium
2417 843 2566 893 verbi

1508 920 1526 944 ·
1549 914 1830 964 invocare!
1882 914 1985 965 Sed
2012 931 2043 965 a
2066 931 2146 966 me
2160 916 2443 979 impetrare
2463 933 2563 969 non

1510 1006 1742 1057 possum,
1764 1000 1821 1041 nt
1850 991 1947 1041 hac
1991 993 2042 1041 in
2084 1007 2141 1041 re
2176 995 2287 1042 viro
2325 992 2564 1044 doctissi-

1508 1083 1594 1118 mo
1608 1069 1942 1124 subscribam,
1964 1077 2246 1134 putemque
2265 1071 2565 1122 utramlibet

1507 1145 1934 1205 significationem
1986 1145 2137 1209 liujus
2190 1145 2423 1195 vocabuli
2478 1146 2563 1197 hic

1511 1222 1798 1284 promiscue
1824 1237 1972 1285 posse
1998 1223 2168 1271 locum
2193 1223 2403 1272 habere.
2455 1223 2563 1274 Ad·

1508 1299 1740 1347 verbinm
1777 1300 1912 1347 enim
1944 1298 2226 1362 adjectum,
2247 1302 2566 1364 undecunque,

1507 1375 1560 1423 ni
1585 1373 1753 1433 fallor,
1785 1390 1871 1423 nos
1903 1384 2070 1438 urget,
2093 1384 2151 1425 ut
2180 1376 2447 1427 inowatm
2468 1392 2564 1442 pro

1506 1451 1784 1516 participio
1829 1453 2122 1509 habeamus,
2162 1461 2218 1502 et
2254 1455 2564 1517 interprete·

1508 1544 1624 1579 mur
1665 1530 2069 1594 ‘imploratum,'
2122 1531 2232 1580 aive
2288 1531 2562 1595 ‘precibus

1508 1605 1857 1655 advocatum?
1938 1607 2051 1656 Etsi
2092 1608 2227 1656 euim
2264 1609 2564 1674 undecunque

1505 1683 1716 1748 proprie
1739 1685 1807 1733 sit
1828 1684 2129 1733 adverbium
2153 1684 2280 1746 locig
2316 1699 2464 1750 aequc
2485 1694 2562 1736 ta-

1506 1774 1643 1820 men,
1665 1773 1726 1808 ac
1757 1763 1773 1787 ⁸
1793 1761 1927 1809 unde
1945 1759 1961 1783 '
1992 1771 2047 1810 et
2080 1768 2094 1790 ⁴
2115 1761 2378 1827 undique,’
2399 1765 2561 1817 etiam

1508 1837 1573 1886 ad
1619 1852 1859 1901 personas
1895 1838 2120 1903 aliasque
2151 1853 2233 1887 res
2273 1854 2560 1891 accommm

1505 1913 1679 1976 datur,
1717 1924 1771 1965 et
1803 1923 1950 1965 notat
1991 1915 2127 1965 idem
2160 1917 2296 1981 quod
2331 1917 2431 1969 ‘ab
2453 1932 2561 1967 om·

1506 1991 1644 2039 nium
1689 1992 1913 2040 locorum
1961 1993 2294 2057 gentiumque
2345 1993 2562 2044 bomini·

1507 2066 1641 2116 bus.’
1674 2068 1785 2117 Cic.
1811 2082 1906 2130 pro
1930 2068 2137 2130 Flacco,
2162 2084 2278 2133 cap.
2302 2073 2384 2119 26.
2408 2074 2433 2099 ·‘
2452 2069 2559 2120 Ad·

1506 2151 1626 2191 sunt
1662 2142 2022 2201 Athenienses,
2053 2146 2192 2195 undo
2229 2148 2291 2209 (i.
2324 2162 2370 2195 e.
2399 2162 2428 2196 a
2451 2148 2558 2211 qui·

1506 2217 1623 2282 bus)
1645 2219 1953 2276 humanitas,
1976 2235 2039 2270 ac
2062 2221 2320 2281 doctriua,
2362 2223 2558 2287 religio,

1506 2295 1701 2361 fruges,
1725 2297 1886 2359 leges,
1910 2306 2038 2347 ortas
2061 2298 2343 2360 putantur!
2409 2301 2557 2364 Virg.

1506 2373 1623 2422 AEn.
1662 2386 1787 2422 vm.
1823 2377 1906 2422 ⁷1.
1940 2374 2259 2423 ‘Laurentes
2301 2377 2559 2439 nymphe,

1505 2466 1669 2515 genus
1700 2450 1932 2501 amnibus
1957 2450 2093 2500 unde
2117 2449 2234 2501 est)
2301 2453 2383 2502 Ad
2408 2469 2556 2517 quem

1504 2528 1673 2577 locum
1723 2529 1976 2578 Servius:
2020 2528 2184 2577 ‘Cum
2240 2532 2363 2579 unde
2403 2530 2558 2581 hodie

1505 2606 1571 2654 ad
1618 2607 1783 2655 locum
1827 2603 2127 2668 referamus,
2162 2614 2364 2655 veteres
2400 2607 2558 2658 etiam

1507 2685 1738 2748 personis
1774 2683 2125 2746 applicabant,
2160 2684 2235 2733 ita
2271 2691 2331 2733 ιιι
2360 2683 2424 2734 ad
2451 2700 2557 2736 om·

1507 2775 1572 2810 ne
1620 2775 1799 2823 genus,
1835 2768 1889 2809 et
1924 2759 1988 2808 ad
2033 2774 2234 2809 omnem
2273 2775 2560 2820 numerum,

1507 2834 1806 2885 referrent!
1888 2835 2112 2892 Tacitus,
2150 2836 2338 2885 Annal.
2374 2838 2462 2888 lib.
2492 2852 2558 2888 ιι.

1507 2929 1624 2977 cap.
1662 2917 1743 2963 63.
1781 2911 2135 2962 ‘Maroboduo
2165 2914 2393 2978 undique
2426 2915 2485 2978 (i.
2511 2929 2559 2963 e.

1504 2990 1571 3040 ab
1593 2987 1852 3052 omnibus)
1886 2989 2114 3047 deserto,
2147 3003 2248 3037 uon
2275 2991 2412 3039 aliud
2439 2993 2558 3041 sub·

1506 3068 1713 3128 sidium,
1762 3080 1916 3132 quam
1977 3065 2328 3115 misericordia
2386 3068 2558 3116 Caesa-

1504 3149 1575 3197 ris
1613 3147 1743 3197 fuit?
1807 3148 2056 3200 Quinctil.
2087 3146 2258 3197 Instit.
2279 3147 2430 3197 Orat.
2454 3161 2558 3197 vu.

1506 3230 1555 3276 8.
1589 3227 1762 3283 ‘Nom
1797 3225 2137 3289 undecunque
2178 3239 2361 3273 caussa
2391 3222 2561 3282 fluxit,

1507 3302 1579 3353 ibi
1604 3302 1758 3366 culpa
1783 3309 1895 3351 est:
1934 3310 1991 3350 ιιι
2022 3303 2064 3350 si
2101 3300 2181 3349 cui
2216 3302 2328 3365 quis
2354 3298 2558 3366 profec-

1508 3382 1701 3430 tionem
1725 3379 1963 3437 suaserit,
1999 3387 2056 3430 ιιι
2080 3379 2144 3428 ad
2171 3379 2387 3429 amicum
2412 3395 2559 3432 acce·

1505 3458 1596 3507 dat
1620 3466 1760 3508 trans
1783 3472 1945 3515 mare,
1970 3465 2024 3509 et
2046 3458 2088 3508 ia
2124 3455 2394 3523 naufragio
2424 3460 2559 3523 peri·

1505 3533 1642 3585 crit.’
1710 3534 1965 3598 Vopiscus
1995 3535 2046 3583 in
2078 3535 2300 3590 Bonoso,
2335 3549 2453 3598 cap.
2477 3526 2558 3587 12¹.

1504 3612 1591 3662 ‘Si
1616 3611 1820 3675 quando
1853 3612 2009 3675 legati
2046 3612 2376 3662 barbarorum
2402 3614 2559 3663 unde-

1505 3703 1711 3753 cunque
1735 3689 1963 3751 gentium
1987 3690 2268 3753 venissent,
2293 3691 2415 3755 ipsis
2442 3705 2560 3753 pro-

1506 3762 1755 3828 pinabat.'
1823 3763 1885 3813 In
1911 3765 2244 3828 sequentibus
2267 3767 2437 3814 verbis
2452 3765 2560 3813 edi-

1505 3842 1670 3892 tiones
1695 3839 1933 3906 quaedam
1950 3841 2139 3891 babent
2162 3841 2325 3901 veluti,
2349 3857 2440 3902 pro
2460 3843 2559 3890 oel-

1501 3922 1592 3977 stt,·
1625 3918 1861 3983 qnoedam
1902 3924 2247 3981 transponunt
2272 3917 2358 3964 bas
2385 3931 2556 3980 voces,

1502 4010 1674 4046 numen
1708 3998 1852 4045 velut.
1920 3994 1980 4043 In
2007 3994 2271 4044 codicibus
2296 3994 2425 4042 Mss.
2452 3996 2556 4045 Va-

1503 4074 1681 4122 ticano
1716 4075 1862 4120 8461.
1896 4071 2102 4118 Veneto
2135 4078 2371 4131 utroque,
2402 4069 2556 4118 Salis·

1503 4147 1769 4211 burgensi,
1783 4142 2268 4207 Guelpherbytano,
2286 4144 2560 4218 Patavina,

1503 4232 1559 4274 et
1582 4237 1715 4285 meo,
1733 4221 2057 4270 desideratur
2077 4234 2175 4268 vox
2197 4234 2385 4270 numen.
2453 4225 2556 4274 De.

1503 4304 1659 4369 nique
1703 4305 1818 4365 post
1855 4300 1966 4349 haec
2002 4296 2284 4348 Vaticanus
2319 4302 2466 4351 ⁸⁴61.
2499 4311 2554 4351 et
