3060 4902
503 333 635 400 956

503 495 671 554 tiebat,
691 489 1020 553 dissentiebat,
1041 489 1325 550 discedebat,
1345 491 1428 551 dfe.
1473 487 1570 537 Est

503 571 708 634 quidem
747 569 849 616 ista
887 567 1122 629 enallage
1163 565 1425 614 historicis
1464 563 1569 613 fre·

503 645 871 711 quentissims3
900 659 930 692 a
948 657 1050 707 qus
1071 651 1242 691 tamen
1263 656 1357 691 nec
1382 640 1571 704 poete,

502 735 669 784 neque
708 727 968 782 oratores,
1002 727 1123 768 suut
1155 718 1333 768 alieni.
1400 717 1573 767 Galba

501 796 641 859 apud
683 797 795 846 Cic.
828 796 994 860 Epist.
1033 808 1093 844 x.
1132 799 1213 843 30.
1254 798 1332 844 10.
1370 792 1572 841 ‘Anto-

502 872 654 937 niani
683 887 764 920 me
795 871 1024 935 insequi;
1068 872 1231 919 nostri
1273 870 1378 931 pila
1414 869 1573 931 conji-

504 962 629 997 cere
662 946 832 997 velle!
900 946 983 996 Cf.
1021 948 1133 996 Cic.
1176 946 1342 996 Attic.
1388 959 1488 993 vn.
1522 949 1574 993 4.

505 1026 530 1064 ⁸-
549 1024 829 1087 Pompeius
850 1056 863 1071 .
948 1025 1012 1071 de
1052 1023 1313 1084 triumpho
1347 1018 1575 1079 hortari‚'

506 1103 606 1150 διο.
642 1101 756 1148 Lat.
781 1101 971 1149 Pucat.
997 1101 1192 1162 Paneg.
1214 1114 1261 1148 c.
1283 1102 1362 1146 35.
1395 1105 1408 1126 ⁸
1431 1098 1574 1145 Mili·

508 1185 585 1226 tes
626 1191 860 1226 caussam
903 1176 1164 1238 publicam
1206 1188 1357 1222 manu
1399 1188 1578 1235 agere,

505 1253 561 1303 in
618 1253 790 1301 hostes
850 1250 1156 1314 gladiatoria
1212 1249 1575 1313 desperatione

508 1342 757 1392 pugnare.
782 1340 878 1377 uec
910 1328 1071 1390 gradu
1111 1326 1317 1375 cedere.
1385 1325 1457 1374 At
1488 1325 1574 1374 ubi

508 1406 729 1467 impulsa
774 1404 934 1465 acies,
979 1403 1055 1452 ire
1093 1401 1429 1466 praecipites,’
1472 1405 1576 1452 διο.

509 1482 645 1530 Vide
666 1481 905 1530 Servium
938 1479 1001 1528 ad
1029 1480 1211 1541 virgil.
1239 1479 1351 1528 AEn.
1376 1493 1436 1528 11.
1459 1482 1577 1526 683.

513 1557 586 1607 cf.
612 1565 668 1607 et
689 1558 923 1607 Curtium
964 1556 1031 1605 ad
1069 1557 1280 1605 Sallust.
1316 1557 1474 1604 Catil.
1503 1567 1579 1604 vt.

506 1639 559 1684 4.
596 1634 822 1694 Deinde,
847 1642 904 1682 ut
924 1633 1135 1681 verbum
1163 1633 1502 1693 interrogares,
1525 1632 1577 1678 in

509 1710 710 1760 duobus
756 1710 964 1772 scriptis
1017 1708 1288 1757 codicibus
1351 1708 1578 1768 obvium,

512 1794 880 1837 connecterem
918 1799 1035 1834 cum
1079 1784 1427 1833 antecedente
1465 1798 1580 1832 sen·

511 1862 694 1921 tentia,
711 1869 764 1910 et
785 1861 1052 1924 sigillatim
1067 1873 1181 1907 cum
1204 1859 1362 1908 verbo
1375 1874 1543 1919 ageres
1561 1874 1581 1916 ,-

511 1935 922 2000 interponendss
942 1937 1029 1983 has
1054 1935 1337 1997 particulas
1362 1935 1506 1994 duxi,
1529 1934 1582 1982 id

511 2018 603 2072 est,
642 2012 750 2060 sive
788 2011 872 2059 Ιιοο
906 2016 1008 2059 est:
1046 2024 1159 2074 quae
1194 2008 1466 2058 admodum
1500 2009 1580 2057 fa-

513 2089 739 2138 miliares
777 2094 896 2137 sunt
940 2085 1150 2145 Plinio;
1207 2101 1256 2133 v.
1294 2101 1342 2146 g.
1378 2085 1581 2147 Pancg.

515 2177 642 2214 vm.
666 2167 717 2212 3.
761 2165 777 2193 ⁸
798 2163 874 2211 Te
897 2161 1058 2211 filium
1082 2161 1200 2223 sibi,
1222 2163 1320 2210 hoc
1343 2170 1441 2215 est,
1470 2162 1580 2208 uni-

431 2290 441 2303 ,
514 2256 632 2290 cum
659 2240 905 2289 auxilium
930 2238 1075 2288 fessis
1107 2239 1281 2293 rebus,
1307 2235 1580 2286 assumsit?

512 2331 657 2368 xxx,
681 2323 730 2367 6.
780 2319 796 2347 ⁸
821 2317 991 2382 igitur
1026 2314 1380 2369 inundatione,
1405 2314 1453 2361 id
1480 2321 1582 2373 est,

518 2395 778 2457 ubertate,
800 2395 942 2457 regio
967 2389 1244 2441 fraudata:
1294 2389 1374 2439 Cf.
1399 2403 1510 2439 ut.
1534 2393 1582 2437 7.

512 2472 685 2534 Epist.
710 2486 787 2520 vt.
812 2475 896 2519 29.
919 2474 967 2519 3.
989 2483 1091 2518 vn.
1118 2473 1196 2517 12.
1224 2472 1270 2517 1.
1295 2474 1349 2517 et
1376 2467 1582 2529 passim.

518 2548 696 2595 Facile
730 2556 903 2594 utitem
942 2546 1131 2606 literae,
1166 2544 1199 2590 i.
1235 2559 1278 2592 e.
1314 2543 1494 2606 quibus
1527 2544 1581 2591 id

518 2631 590 2671 est
622 2620 1025 2684 significabatur,
1070 2618 1276 2668 tandem
1317 2633 1409 2681 per
1445 2619 1583 2667 iner-

516 2700 640 2748 tiam
675 2697 1001 2746 librariorum
1040 2695 1284 2744 excidere
1323 2704 1580 2757 potuere3

515 2789 804 2838 quanquam
843 2779 898 2821 et
942 2787 1034 2833 per
1071 2773 1228 2818 solam
1255 2771 1492 2834 copulam
1517 2776 1584 2830 et,

516 2854 628 2909 aut,
662 2846 1019 2910 praetermissis
1051 2845 1287 2893 omnibus
1326 2858 1582 2892 assumen-

516 2927 600 2980 tis.
621 2940 711 2988 per
724 2921 997 2987 ἀσύνθετον,
1017 2922 1230 2970 verbum
1247 2923 1586 2984 interrogares,

519 3002 848 3052 antecedenti
871 3014 1037 3062 ageres
1073 3000 1358 3060 adjungere
1384 2998 1583 3060 possis3

519 3080 597 3129 uti
637 3079 837 3128 Plinius
878 3093 1056 3141 supra,
1101 3090 1289 3126 xxvn.
1336 3082 1383 3125 1.
1421 3075 1580 3127 dixit:

515 3164 530 3187 ⁴
558 3158 701 3206 'Palis
741 3170 814 3210 es,
856 3162 912 3204 ut
950 3155 1045 3203 sub
1086 3161 1136 3202 te
1173 3153 1361 3202 liberos
1401 3154 1583 3204 tollere

517 3234 702 3297 libeat,
741 3230 1027 3296 expediat!
1096 3231 1369 3283 Quomodo
1408 3238 1584 3281 autem

517 3310 721 3358 Plinius
761 3310 940 3358 melius
980 3308 1272 3371 exprimere
1310 3311 1585 3370 potuisset,

518 3386 802 3447 Trajanum
830 3394 952 3435 tunc
990 3384 1039 3433 in
1077 3392 1258 3434 senatu
1293 3384 1416 3433 nihil
1450 3399 1584 3447 prae·

520 3467 602 3507 ter
626 3462 889 3509 consulem
916 3462 1102 3523 egisse,
1124 3462 1234 3509 sive
1252 3461 1377 3509 nihil
1401 3462 1585 3522 egisse,

516 3534 617 3583 nisi
645 3535 777 3597 quod
804 3536 1025 3584 consulis
1059 3551 1241 3584 munus
1277 3538 1584 3599 postularit5

433 3661 436 3664 ,
517 3624 668 3674 qnam
694 3611 736 3658 si
771 3610 1004 3672 dixisset,
1029 3625 1146 3660 eum
1174 3613 1225 3660 in
1249 3621 1432 3660 senatu
1457 3615 1583 3661 dun-

520 3694 668 3736 taxat
702 3688 1047 3748 interrogasse
1079 3695 1135 3735 et
1166 3689 1482 3737 consuluisse
1505 3703 1585 3738 se·

521 3764 764 3813 natores?
801 3762 934 3811 Haec
957 3761 1093 3809 enim
1119 3777 1313 3811 sumnus
1336 3774 1449 3812 erst
1472 3765 1585 3815 offi-

519 3839 584 3890 cii
608 3838 887 3889 consularis
909 3837 959 3885 in
983 3843 1184 3886 senatu.
1233 3838 1314 3888 cf.
1337 3841 1475 3890 Plin.
1499 3857 1584 3891 su·

521 3930 634 3980 pra,
663 3929 755 3964 Lx.
780 3920 824 3964 1.
860 3915 1078 3975 Verum,
1095 3916 1260 3964 adhuc
1285 3918 1443 3967 etiam
1467 3933 1585 3969 ver·

522 3995 645 4045 bum
667 3994 843 4045 sentire
865 3993 1257 4043 adsciscendum
1278 3993 1421 4050 duxi.
1444 3998 1582 4061 quod

519 4080 737 4135 propter
770 4071 935 4120 simile
962 4069 1175 4118 verbum
1198 4071 1468 4132 dissentire,
1494 4087 1586 4122 ex-

419 4200 428 4207 ,
521 4145 709 4194 cidisse
736 4154 880 4209 puto.
945 4145 1065 4198 Jam
1100 4153 1271 4195 autem
1295 4146 1393 4197 boc
1417 4148 1583 4211 ipsum

521 4220 588 4273 de
613 4236 732 4275 rars
766 4230 1059 4291 temporum
1092 4222 1348 4276 felicitate
1374 4226 1469 4276 sub
1493 4227 1583 4277 im-

1194 345 1414 393 NOTAE
1461 342 1876 392 VARIORUM
1927 341 2010 391 IN

1644 486 1789 550 perio
1843 484 2055 550 Trajani
2111 489 2488 535 commemorat
2536 483 2718 538 Tacit.

1645 561 1785 612 Hist.
1812 575 1854 609 1.
1879 566 1924 609 1.
1947 564 1960 587 ‘
1989 561 2076 609 ubi
2099 560 2316 621 sentire,
2349 574 2466 624 quae
2492 560 2640 616 velis,
2664 570 2729 611 et

1647 656 1761 703 qnae
1786 644 2000 699 sentias,
2022 640 2198 689 dicere
2231 638 2426 689 licest.'
2500 639 2605 688 Alii
2630 640 2730 688 sli-

1647 732 1728 765 am
1752 717 2045 778 explicandi
2065 716 2216 780 liujus
2239 716 2341 766 loci
2362 716 2495 764 viam
2522 729 2618 779 per
2636 729 2723 764 me

1646 791 1843 840 ineant.
1880 791 2130 840 Schmun.

1713 868 1986 923 Discedere,
2011 874 2058 916 et
2080 868 2289 932 copiam]
2329 866 2489 916 Liber
2506 866 2723 916 Vossia-

1648 957 1744 992 nus
1769 944 1926 992 habet
1949 946 2224 993 descendere
2244 959 2264 1001 ,·
2297 944 2464 993 codex
2484 943 2724 993 Venetus

1648 1024 1698 1068 2.
1721 1021 1932 1076 discere:
1969 1023 2208 1085 utrinque
2230 1022 2433 1069 vitiose.
2470 1020 2590 1070 Non
2609 1019 2724 1083 qui-

1650 1097 1765 1145 dem
1806 1098 1888 1145 hic
1929 1096 2139 1151 dicitnr,
2179 1095 2317 1160 qnod
2349 1097 2462 1160 jum
2509 1096 2725 1157 Lipsius

1651 1173 2039 1235 animadvertit,
2054 1172 2218 1221 cuivis
2236 1172 2462 1234 licuisse,
2476 1184 2593 1219 curn
2610 1171 2726 1233 pla·

1651 1252 1838 1305 cuerit,
1876 1264 1905 1298 e
1942 1251 2087 1297 curia
2124 1248 2432 1308 discedere3
2463 1249 2721 1312 >quonism

1654 1334 1862 1375 senatus
1901 1325 2162 1373 ordinarie
2191 1339 2292 1374 non
2315 1323 2556 1372 discessit
2580 1337 2613 1372 e
2634 1338 2725 1372 cu·

1654 1404 1749 1465 ria,
1775 1402 1873 1449 nisi
1894 1401 1959 1449 ab
1983 1415 2065 1464 eo,
2097 1401 2186 1465 qui
2225 1402 2550 1465 praesederat
2573 1413 2727 1449 sena·

1655 1480 1749 1541 tui,
1768 1480 1818 1527 in
1845 1480 1955 1528 hoec
1979 1478 2136 1527 verba
2159 1478 2516 1527 dimitteretur
2537 1493 2553 1526 ε
2574 1484 2603 1516 -‘
2625 1477 2726 1526 Ni·

1651 1556 1723 1604 hil
1763 1571 1852 1604 vos
1878 1570 2152 1617 moramur,
2176 1557 2239 1604 Ρ.
2259 1554 2342 1604 C!
2391 1556 2409 1583 ‘
2436 1553 2609 1603 Neruo
2633 1567 2723 1602 vos

1657 1638 1820 1692 tenet,
1857 1633 1921 1680 P.
1955 1632 2034 1681 C!
2058 1633 2202 1681 ‚Cic.
2241 1632 2304 1680 ad
2342 1631 2412 1681 Q.
2450 1632 2542 1680 Fr.
2579 1644 2643 1680 ιι.
2678 1635 2726 1679 1.

1653 1712 1668 1736 ⁴
1685 1709 1814 1756 Tum
1839 1709 1922 1756 ille
1946 1722 2002 1756 se
2024 1708 2232 1770 negavit
2249 1714 2482 1756 senatum
2504 1704 2725 1756 tenere)

1656 1785 1722 1833 Et
1746 1785 1817 1832 sic
1841 1785 2024 1833 Cicero
2050 1785 2208 1832 etism
2245 1783 2549 1832 concionem
2575 1782 2726 1831 dimi·

1654 1862 1737 1922 sit,
1782 1861 1942 1910 Catil.
1980 1874 2068 1909 111.
2112 1864 2193 1910 12.
2250 1860 2420 1913 ‘Vua
2466 1859 2723 1919 Quirites,

1657 1938 1895 2000 quoniam
1925 1937 2035 2000 jam
2059 1950 2162 1985 nox
2193 1943 2295 1998 est,
2316 1935 2640 1985 veneramini
2662 1936 2723 1984 il·

1656 2016 1758 2063 ium
1783 2015 1993 2076 Jovem‚
2015 2014 2282 2064 custodem
2304 2013 2458 2077 hujus
2482 2012 2645 2076 urbis,
2662 2027 2725 2062 ac

1658 2100 1904 2150 vestrum,
1934 2101 2091 2154 atque
2116 2091 2166 2138 in
2193 2097 2337 2138 tecta
2358 2096 2536 2138 vestra
2559 2087 2726 2137 disce·

1658 2167 1802 2217 dite!
1836 2169 2050 2224 Verum,
2080 2167 2320 2216 discedere
2342 2167 2425 2215 hic
2449 2166 2522 2214 illi
2546 2165 2724 2215 dicun·

1660 2256 1766 2307 tur,
1807 2246 1895 2308 qni
1934 2247 2015 2295 vel
2057 2245 2153 2308 ipsi
2181 2244 2292 2308 jam
2324 2250 2448 2294 inte
2482 2244 2725 2293 dixerunt

1659 2323 1993 2383 sententiam,
2018 2321 2099 2369 vel
2139 2321 2188 2368 in
2221 2320 2436 2368 alterins
2472 2319 2719 2368 sententi-

1659 2413 1741 2447 am
1785 2397 2002 2461 pedibus
2044 2398 2249 2456 ierant3
2286 2396 2329 2443 si
2367 2404 2487 2458 post
2522 2395 2590 2445 ab
2624 2395 2727 2444 alio

1660 2475 1922 2522 meliorem
1969 2475 2280 2522 senteutiam
2324 2469 2500 2521 afferri
2545 2472 2725 2521 erede·

1662 2559 1795 2608 rent,
1819 2550 2028 2599 dimissa
2054 2550 2225 2611 priore
2247 2548 2531 2610 sententis,
2551 2550 2616 2604 ei,
2638 2562 2724 2598 cu·

1652 2628 1741 2691 jus
1767 2625 2026 2675 sententia
2049 2624 2147 2673 sibi
2178 2624 2358 2672 melior
2382 2623 2495 2671 visa
2516 2630 2618 2678 est.
2639 2636 2724 2671 se·

1659 2712 1944 2753 cesserunt.
2033 2701 2336 2765 annsmodi
2400 2699 2723 2749 discessionis

1660 2781 1799 2828 clara
1837 2779 2073 2841 exempis
2100 2778 2210 2840 peti
2242 2783 2460 2840 possunt
2494 2790 2563 2825 ex
2586 2776 2725 2825 Ptin.

1660 2857 1827 2919 Epist.
1853 2869 1914 2904 11.
1938 2860 2019 2905 11.
2051 2859 2066 2883 ⁸
2084 2857 2214 2904 Cum
2255 2853 2408 2901 fleret
2441 2851 2727 2913 disces-io:

1659 2933 1845 2996 inquit,
1868 2938 1883 2961 ‘
1917 2931 2003 2995 qui
2028 2931 2170 2979 sellis
2204 2929 2475 2978 consulum
2511 2928 2724 2978 adstite-

1661 3017 1794 3072 runt,
1831 3009 1881 3057 in
1918 3007 2133 3057 Cornuti
2167 3006 2481 3055 sententiam
2516 3005 2595 3054 ire
2621 3020 2722 3054 cn·

1660 3093 1880 3151 perunt:
1920 3094 2028 3134 tum
2064 3084 2157 3140 illi.
2182 3084 2269 3147 qui
2304 3097 2360 3132 se
2395 3083 2612 3145 college
2637 3083 2725 3131 ad·

1660 3161 1914 3210 numerari
1962 3149 2317 3223 patiebantur,
2361 3159 2414 3207 in
2459 3159 2723 3209 diversum

1662 3234 2015 3287 transierunt.'
2078 3235 2406 3284 Presidente
2454 3242 2629 3284 autem
2668 3243 2725 3285 et

1662 3313 1922 3365 referente
1964 3309 2218 3373 principe,
2265 3311 2580 3359 sententiam
2624 3310 2724 3375 ipsi

1659 3393 1818 3439 etiam
1840 3388 2077 3436 consules
2095 3383 2359 3448 ferebant,
2378 3394 2435 3436 ut
2454 3388 2622 3436 ceteri
2645 3401 2724 3437 se·

1662 3476 1889 3525 naiores,
1929 3472 2064 3513 teste
2099 3465 2284 3513 Tacito
2312 3464 2503 3513 Annal.
2537 3478 2625 3514 ιιι.
2652 3468 2726 3514 tr.

1657 3543 1894 3604 ‘Copism
1903 3539 2090 3603 judicii
2109 3540 2187 3588 sui
2205 3540 2497 3603 reipublice
2512 3538 2727 3601 facere,'

1661 3625 1764 3678 est,
1784 3616 2041 3679 judicium
2062 3629 2209 3664 snum
2235 3616 2610 3680 consiliumque
2633 3617 2726 3666 im·

1661 3692 1845 3756 pertiri
1879 3692 2085 3753 patrie,
2119 3698 2177 3741 et
2208 3707 2304 3754 pro
2336 3692 2471 3742 bono
2511 3694 2724 3758 publico

1660 3769 1972 3818 sententiam
2028 3767 2226 3816 dicere.
2313 3768 2400 3817 Ita
2439 3776 2497 3818 et
2539 3770 2725 3819 Cicero

1660 3844 1812 3901 dixit.
1829 3843 1894 3891 de
1915 3843 2065 3891 Orst.
2084 3855 2175 3890 ιιι.
2194 3845 2279 3892 88.
2300 3844 2317 3870 ⁴
2331 3841 2511 3893 fucere
2528 3845 2725 3895 civibus

1660 3919 1899 3970 omnibus
1918 3918 2120 3967 consilii
2141 3918 2222 3966 sni
2246 3918 2489 3981 copiam.'
2524 3921 2677 3969 1110..

1724 3992 2009 4056 Discedere]
2065 3994 2184 4044 Nou
2229 3994 2440 4057 quidem
2479 4008 2512 4043 e
2550 3996 2726 4057 curin

1659 4072 1752 4125 sed
1778 4070 1999 4135 pedibus
2023 4070 2099 4118 ire
2130 4071 2184 4119 in
2216 4069 2352 4120 hanc
2373 4071 2585 4121 illamve
2607 4086 2719 4122 seu·

1662 4148 1898 4198 tentiam.
1967 4145 2065 4196 Cui
2098 4146 2333 4195 libertati
2363 4161 2483 4196 mox
2507 4148 2725 4211 opponit

1660 4224 1678 4253 ⁶
1703 4222 2052 4273 sedentariam
2090 4220 2406 4271 assentiendi
2441 4222 2724 4273 necessita·
