3060 4902
792 401 855 446 G.
904 394 1148 445 PLtNu
1197 395 1526 446 saeuum
1580 396 1854 445 Panno.

345 539 684 606 ,publicarunt
722 551 900 588 vocem
939 537 1147 598 liberius,
1182 537 1411 587 nomina-

348 616 749 670 timCatanaens‚
765 613 1127 676 cuspinianus,
1141 613 1416 677 Stephani,

346 691 618 756 Gryphius
641 690 691 738 in
711 690 939 746 editione
954 705 1035 738 an.
1055 694 1198 740 1642.
1217 689 1411 739 Ascen-

343 769 471 828 siua‚
494 767 727 826 Eizevir,
750 765 1094 828 Boxhornius,
1118 766 1375 815 Celiarius
1395 780 1411 827 3

346 857 483 894 nunc
514 845 675 892 etiam
702 840 1009 891 Arntzenius
1045 850 1100 891 et
1132 842 1413 892 Gesner-us.

347 919 500 969 Hanc
524 920 801 968 lectionem
836 919 995 974 etiam
1037 919 1274 982 probavit
1298 919 1413 967 Rit-

346 996 634 1046 tershusins
666 1002 862 1045 noster.
930 996 1197 1056 Ceterum,
1234 996 1282 1042 in
1324 1010 1408 1044 co-

347 1072 464 1121 dice
489 1073 751 1121 Vaticano
788 1075 936 1121 1475.
964 1073 1238 1133 Patavino,
1259 1079 1314 1120 et
1350 1073 1409 1120 ti-

347 1148 437 1198 bro
459 1150 729 1208 Vomano,
750 1163 844 1210 pro
863 1148 1263 1211 intemperantius,
1283 1148 1406 1211 legi·

348 1234 434 1274 tur
467 1226 842 1288 tempo-antius,-
881 1234 937 1273 et
973 1225 1022 1272 in
1059 1225 1238 1272 codice
1264 1224 1408 1272 Vati·

346 1315 474 1350 cano
511 1305 659 1350 ³401.
697 1309 750 1350 et
788 1300 1274 1364 Gueipiterbytano,
1313 1314 1409 1362 pro

345 1379 546 1441 odimus,
572 1379 823 1441 scriptum
850 1387 929 1427 cst
957 1380 1208 1435 <tudinium
1244 1379 1409 1428 utrin-

345 1467 443 1518 que
468 1456 729 1504 mendose.
764 1454 1004 1503 Schwarz.

410 1531 721 1581 Cae-anx.
748 1531 988 1586 Quantam
1005 1530 1286 1594 maximam]
1309 1530 1408 1579 Co-

344 1604 445 1655 dex
486 1606 891 1667 salisburgensis
944 1614 1000 1655 et
1039 1620 1181 1655 meus
1220 1606 1409 1655 habent

343 1687 571 1743 matam
593 1684 815 1734 maxime.
880 1682 984 1730 Sed
1023 1682 1293 1731 retinenda
1326 1690 1409 1733 est

345 1759 522 1815 lectio.
544 1774 696 1823 quam
732 1760 892 1809 ceteri
930 1759 1048 1808 iibri
1084 1773 1258 1808 omues
1290 1774 1407 1808 con·

343 1831 572 1883 firmant.
637 1834 715 1882 Ea
753 1833 891 1882 euim
934 1847 1034 1882 non
1078 1841 1277 1883 tantum
1305 1835 1408 1883 Pti-

343 1911 449 1970 nio‚
484 1911 575 1960 sed
617 1920 671 1961 et
707 1912 821 1961 aliis
858 1912 1065 1974 optimis
1112 1913 1408 1960 auctoribus

343 1986 535 2049 lingue
560 1988 757 2036 Latinae
778 1989 1040 2036 convenit.
1085 1987 1221 2037 Ptin.
1244 1989 1411 2050 Epist.

343 2068 545 2113 unil-
581 2064 596 2092 ‘
620 2064 782 2114 Dedit
816 2065 950 2113 enim
992 2064 1132 2127 mihi,
1157 2073 1406 2128 quantum

343 2142 625 2191 maximnm
672 2142 864 2205 potuit,
909 2141 1124 2190 daturus
1167 2141 1407 2203 amptius,

341 2216 382 2264 si
408 2215 700 2279 potuisset.’
766 2218 934 2267 Quam
972 2216 1250 2265 lectionem
1281 2217 1405 2265 Cor·

345 2293 444 2342 tina
467 2308 531 2342 ex
561 2293 930 2342 vetustioribus
966 2292 1109 2340 libris
1146 2293 1276 2341 Mss.
1314 2292 1402 2340 im·

343 2371 637 2432 pressisque
686 2377 828 2418 recte
872 2368 1155 2417 vindicavit
1202 2368 1404 2429 Plinio;

341 2460 460 2496 cum
498 2445 777 2495 sichardus
814 2453 870 2495 et
911 2445 1175 2509 Gryphius
1214 2445 1406 2495 edidis-

341 2532 459 2573 sent
502 2523 745 2578 Quantum
771 2525 978 2572 maxime
1012 2524 1186 2585 potuit.
1255 2524 1403 2572 Simi-

341 2600 464 2649 litet·
519 2601 748 2664 loquitur
800 2600 936 2648 Ptin.
983 2600 1151 2661 Epist.
1200 2614 1275 2649 vt.
1324 2604 1403 2649 12.

340 2682 354 2704 ⁴
377 2675 561 2725 Vectio
596 2675 797 2738 Prisco,
829 2683 1079 2739 quantum
1128 2677 1404 2739 plurimum

344 2760 584 2815 potuero,
621 2751 918 2819 praestaboss
985 2753 1096 2801 Cic.
1132 2754 1183 2800 in
1222 2752 1403 2814 Laelio,

343 2833 497 2878 c.20.
533 2829 732 2877 ‘Tanta
772 2836 854 2877 est
892 2828 1026 2877 iuter
1063 2841 1169 2889 eos,
1210 2836 1405 2892 quanta

341 2905 565 2952 maxima
598 2910 771 2966 potest
807 2918 939 2966 esse,
978 2919 1172 2952 morum
1207 2906 1405 2954 studio-

341 2994 560 3044 rumque
583 2979 866 3029 distantis!
933 2981 1045 3030 Liv.
1071 2981 1101 3028 Ι.
1124 2994 1272 3031 xxn.
1294 2996 1341 3032 c.
1357 2987 1406 3033 3.

343 3057 633 3109 ‘Quantam
670 3057 940 3105 maximam
988 3056 1282 3107 vastitatem
1315 3072 1405 3121 po-

344 3146 468 3198 test,
523 3137 755 3187 cedibus
801 3137 1155 3203 incendiisque
1204 3140 1404 3188 consuii

342 3216 522 3278 procul
548 3212 815 3263 ostendit.'
884 3215 1126 3263 Ceterum
1153 3216 1289 3264 inter
1312 3215 1404 3264 dn-

343 3294 399 3339 ιδ
421 3290 790 3339 antecedentes
817 3304 992 3351 voces,
1008 3296 1164 3339 tamen
1188 3291 1407 3356 affectus,

341 3368 528 3431 copula
554 3372 602 3415 et
637 3367 826 3416 omissa
851 3374 930 3416 est
957 3368 1006 3415 in
1041 3367 1222 3417 codice
1248 3368 1407 3418 Pata·

345 3442 483 3492 vino.
514 3444 665 3492 Idem.

409 3519 503 3566 Illo
522 3517 624 3581 die]
650 3519 765 3569 Quo
789 3532 974 3582 nempe
994 3517 1407 3583 designabantur

342 3602 400 3645 et
435 3594 860 3644 renuntiabantnr
899 3596 1016 3643 novi
1062 3598 1408 3657 magistratus.

344 3670 407 3720 In
432 3670 550 3720 cod.
577 3671 818 3720 Vatican.
847 3674 995 3721 3461.
1021 3679 1077 3720 et
1101 3677 1247 3722 1775.
1281 3675 1404 3722 item

343 3754 398 3797 et
432 3747 481 3796 in
517 3746 996 3812 Gueipherbytano,
1031 3757 1084 3797 et
1123 3750 1253 3797 libro
1276 3751 1405 3799 Vos·

342 3824 506 3885 siano,
528 3824 790 3888 particula
824 3824 928 3873 ideo
962 3826 1041 3874 his
1066 3825 1266 3875 duobus
1293 3836 1414 3883 ver-5

342 3901 422 3951 bis
445 3901 520 3950 sic
548 3901 888 3963 praeponitur,
912 3903 1015 3951 ideo
1037 3902 1118 3950 illo
1139 3904 1234 3953 die.
1301 3905 1404 3953 Sed

1930 398 1979 445 t.
2008 382 2116 447 69.
2421 383 2553 448 903

1485 552 1637 603 quem
1665 554 1786 588 vero
1808 554 1954 589 usum
1991 540 2230 603 praebere
2266 539 2433 602 possit
2462 541 2552 592 ilia

1486 616 1760 677 particula,
1800 622 2054 679 putarem,
2086 630 2199 666 cam
2236 623 2406 666 natam
2436 631 2550 668 esse

1486 703 1553 737 ex
1593 689 1894 753 pronomine
1928 706 2001 750 eo,
2039 706 2155 740 cum
2190 690 2411 741 fortasse
2454 707 2551 756 pro

1485 765 1570 813 illo
1602 765 1698 821 die,
1730 767 1854 814 olim
1888 767 2138 830 scriptum
2170 766 2328 817 fuerit
2361 783 2414 818 eo
2447 768 2550 830 ipso

1483 843 1580 891 die.
1650 841 1853 904 Lipsius
1888 845 2178 907 suspicatus
2215 851 2314 905 est,
2346 858 2410 893 an
2446 860 2549 895 non

1487 920 1570 968 hic
1615 919 1909 968 exciderint
1954 920 2142 984 aiiqua,
2181 928 2234 969 ct
2278 920 2550 983 perierint,

1487 1011 1603 1059 quae
1625 995 1690 1044 de
1717 993 1932 1044 affectus
1958 997 2112 1044 notis.
2166 996 2268 1045 Sed
2306 1011 2404 1059 ego
2436 998 2549 1046 nui-

1486 1073 1587 1122 ium
1612 1073 1782 1122 sentio
1817 1073 2031 1132 hiatum,
2054 1074 2245 1121 nulium
2270 1071 2550 1124 defectum.

1486 1149 1672 1199 Nonne
1697 1149 1833 1198 enim
1855 1150 1978 1198 satis
1994 1150 2125 1211 signi
2146 1156 2278 1206 erat,
2298 1157 2549 1213 qnantum

1484 1234 1722 1275 amarent
1735 1225 2033 1288 Trajanum,
2050 1233 2103 1274 et
2122 1240 2275 1290 quam
2297 1227 2548 1287 praeclare

1485 1302 1552 1351 de
1591 1304 1702 1367 eJus
1742 1303 1992 1365 aequitate
2032 1310 2086 1350 et
2121 1302 2355 1352 bonitate
2390 1304 2550 1352 senti·

1486 1387 1605 1427 rent
1651 1379 1890 1440 Romani,
1926 1377 2133 1442 quando
2172 1378 2373 1427 Plinius
2411 1392 2549 1427 com·

1484 1461 1754 1515 memorat,
1778 1470 1952 1503 omnes
1985 1454 2289 1504 candidatos
2319 1470 2434 1503 cum
2459 1455 2550 1503 iae·

1488 1530 1624 1592 titia,
1661 1537 1747 1578 aut
1782 1545 1896 1579 cum
1936 1544 2049 1593 spe,
2085 1545 2150 1579 ex
2188 1530 2413 1579 comitiis
2447 1531 2549 1579 dis-

1485 1608 1725 1668 cessisse,
1758 1608 2013 1657 nemiuem
2053 1607 2332 1661 tristatum,
2367 1613 2458 1655 aut
2483 1606 2549 1655 de

1483 1684 1706 1747 Trajano
1746 1692 1984 1747 questum
2023 1683 2178 1731 esse?
2236 1683 2321 1731 Sic
2361 1696 2548 1744 nempe

1487 1760 1687 1808 Plinius
1731 1760 1840 1808 iiaec
1887 1773 2002 1808 cum
2040 1757 2389 1821 superioribus
2426 1771 2551 1806 con·

1476 1837 1683 1899 jungit:
1725 1837 1874 1886 Licet
1897 1849 1995 1884 non
2020 1835 2226 1883 intersis
2252 1834 2552 1884 domesticis

1486 1915 1672 1962 uostris
1711 1913 1778 1961 de
1822 1921 1875 1962 te
1914 1912 2254 1973 sermonibus,
2290 1924 2458 1974 neque
2496 1910 2548 1958 in

1484 2007 1570 2041 eos
1596 1994 1843 2058 inquiras,
1869 2002 1921 2041 ut
1949 1991 2109 2040 nostri
2135 1994 2262 2055 e'rga
2286 1999 2337 2040 te
2361 1990 2550 2041 amoris

1484 2069 1890 2132 magnitudinem
1910 2082 2221 2131 cognoscere
2242 2069 2433 2131 possis3
2459 2068 2551 2114 hu·

1474 2145 1563 2207 jus
1608 2152 1778 2192 tamen
1816 2141 2033 2193 affectus
2070 2153 2124 2192 et
2160 2143 2347 2206 judicii
2387 2142 2548 2190 nostri

1484 2221 1895 2282 experimentum
1953 2220 2252 2272 maximum,
2297 2225 2548 2279 qttantum

1481 2297 1688 2360 quidem
1728 2309 1958 2358 praesens
1984 2308 2169 2356 capere
2210 2292 2440 2356 potuisti,
2465 2292 2549 2339 die

1481 2373 1570 2422 iiio
1595 2373 1839 2420 comitiali
1863 2372 2069 2434 cepisti,
2093 2373 2190 2419 διο.
2227 2369 2375 2417 Idem.

1551 2449 1664 2504 Die.
1693 2448 1806 2512 qao]
1840 2446 2064 2511 Ambigo
2104 2446 2309 2501 ieviter,
2349 2460 2414 2494 an
2449 2459 2547 2493 non

1480 2527 1562 2575 hic
1583 2525 1807 2575 defectio
1829 2522 2032 2588 aliqua:
2072 2532 2125 2572 et
2155 2522 2549 2585 perierint.quae

1482 2603 1547 2651 de
1574 2601 1790 2652 affectus
1815 2601 1965 2650 notis.
2036 2599 2145 2649 Etsi
2172 2606 2349 2663 postea
2378 2609 2549 2646 tamen

1480 2679 1698 2740 aliquid,
1721 2678 1812 2726 sed
1840 2676 2076 2740 posthaec
2101 2675 2268 2724 tarde.
2302 2675 2436 2737 Lips.

1546 2751 1880 2814 Solicitadini]
1930 2753 2064 2801 Dum
2090 2751 2148 2800 fit
2171 2751 2478 2815 designatio,
2497 2757 2553 2800 et

1480 2832 1602 2879 dum
1630 2831 1879 2894 pendent.
1919 2828 2065 2876 Idem.

1546 2906 1845 2969 Pudor-ique]
1884 2905 2014 2953 Post
2040 2903 2313 2967 repulsam.
2355 2904 2501 2951 Idem.

1545 2982 1773 3045 Laetitia]
1809 2980 1961 3031 Quod
1988 2979 2262 3041 designati.
2298 2981 2446 3028 Idem.

1508 3095 1513 3101 v
1553 3060 1700 3107 Nemo
1720 3057 2029 3106 consolandus
2040 3054 2171 3118 suit]
2203 3055 2406 3115 Nempe
2427 3069 2553 3119 qna.

1481 3136 1525 3184 si
1566 3141 1783 3198 propter
1821 3131 2148 3195 ignominiam
2191 3131 2448 3195 quandam
2491 3140 2549 3181 et

1480 3211 1845 3262 coutumeliam
1880 3207 2222 3271 injuriamque
2259 3214 2550 3268 acceptam.

1482 3289 1557 3338 Ut
1603 3286 2018 3349 experimentum
2067 3284 2349 3345 capiamus,
2394 3297 2547 3347 qnam

1480 3363 1713 3426 corrupti
1737 3359 1947 3409 codices
1966 3359 2096 3409 Mas.
2120 3359 2343 3407 maxime
2365 3359 2413 3406 in
2434 3374 2552 3420 pos-

1483 3441 1677 3492 teriore
1734 3447 1885 3502 parte
1944 3437 2257 3500 Panegyrici
2305 3438 2552 3501 Pliniani,

1482 3518 1546 3567 ad
1577 3532 1665 3566 nos
1690 3515 2024 3580 pervenerint
2047 3530 2061 3574 ;
2096 3529 2198 3562 non
2225 3528 2427 3577 possum
2450 3515 2555 3562 dis·

1482 3594 1742 3656 simulare,
1760 3592 1809 3640 in
1836 3590 2104 3640 codicibus
2124 3591 2387 3640 Vaticanis
2406 3596 2550 3641 1475.

1483 3679 1539 3721 et
1569 3674 1710 3719 1776.
1748 3671 1797 3717 in
1831 3668 2130 3724 Parisiensi,
2156 3668 2556 3731 salisburgensi,

1485 3759 1705 3812 utroque
1742 3747 1969 3803 Veneto,
2006 3746 2284 3808 Patavino‚
2318 3754 2372 3794 et
2408 3748 2458 3793 in
2496 3745 2553 3793 ii·

1482 3828 1577 3875 bro
1622 3825 1897 3884 vossiano,
1945 3838 2041 3887 pro
2084 3824 2394 3872 consolandus
2426 3820 2554 3881 suit,

1483 3902 1746 3966 inquinate
1794 3902 2046 3964 scriptum
2096 3913 2208 3949 esse
2247 3898 2552 3947 consulendus

341 3991 494 4028 nemo
528 3991 629 4026 non
653 3976 812 4036 videt,
834 3976 960 4026 iliud
996 3979 1407 4031 additamentum
1470 3982 1596 4041 suit.
1630 3979 1890 4027 Schwarz.

341 4066 780 4118 supervacaneum
822 4067 953 4115 esse,
990 4069 1085 4105 nec
1118 4057 1406 4120 quadrare3

343 4130 674 4197 quantamvis
723 4129 878 4177 etiam
931 4129 1407 4194 interpunctionem

345 4214 531 4256 mutes.
581 4205 796 4255 Interim
827 4204 907 4253 iiie
932 4206 1091 4256 habes
1114 4211 1409 4272 exemplum

347 4286 486 4337 vocis
534 4283 746 4347 alienae,
780 4284 1005 4333 orationi
1049 4285 1285 4337 intrusae.
1352 4287 1410 4336 Si

1555 4056 1654 4105 Nec
1678 4054 1781 4103 ideo
1803 4048 2019 4111 segnius]
2053 4048 2314 4098 Livineius
2339 4048 2390 4095 in
2414 4061 2550 4097 mar·

1485 4133 1605 4196 gine
1646 4144 1710 4179 ex
1747 4129 2050 4191 conjectura
2085 4124 2374 4185 annotavit,
2409 4122 2548 4173 forte

1483 4206 1779 4271 legendum,
1817 4218 1901 4253 nec
1942 4217 1994 4251 eo
2033 4202 2243 4262 segnius.
2311 4203 2379 4249 Et
2422 4214 2550 4252 sane

1486 4286 1561 4337 ita
1602 4282 1828 4348 loquitur
1868 4280 1982 4329 Liv.
2018 4291 2144 4329 va.
2174 4282 2255 4328 10.
2290 4278 2306 4307 ‘
2334 4277 2449 4329 Nec
2484 4293 2550 4331 eo
