3060 4902
778 351 845 396 0.
894 348 1134 398 Pmml
1186 349 1518 400 SECUNDt
1572 351 1848 400 PANBG.

333 497 574 554 tempore
609 489 732 540 belli
770 491 946 541 hostes
973 494 1130 542 tectis
1167 493 1406 558 agrisque

333 567 798 632 depopulationem
835 569 1236 633 vastitatemque
1273 570 1405 621 infe-

334 653 475 692 runt.
522 647 536 673 ⁴
565 645 786 694 Obsidio
806 643 819 664 '
855 644 937 693 liic
963 650 1285 712 aerumpna&
1312 663 1402 709 pro

329 734 490 776 noxa,
528 721 887 783 incommodis,
924 731 977 771 et
1016 725 1288 785 angustiis,
1324 725 1401 773 di·

331 798 503 857 citur;
535 798 612 846 nti
639 797 774 859 apttd
800 798 912 846 Cic.
941 801 1083 848 Fam.
1111 814 1165 848 v.
1187 804 1238 847 6.
1266 809 1280 831 ‘
1315 802 1399 863 qui

330 888 400 923 ex
442 874 707 921 obsidione
739 872 1081 924 foeneratores
1118 879 1405 928 exemerit.’

334 948 417 997 Ad
485 964 637 1012 quern
703 950 870 999 locum
929 951 1046 1000 vide
1112 953 1400 1003 Graevium.

331 1026 494 1075 Ovid.
535 1028 669 1077 Met.
711 1042 837 1077 vm.
876 1034 989 1077 290.
1028 1045 1173 1093 seqq.
1215 1046 1397 1094 aprum

328 1104 693 1166 Calydonium,
736 1113 977 1168 tanquam
1032 1109 1183 1157 talem
1233 1118 1398 1159 vasta-

333 1189 500 1229 torem
549 1194 809 1243 agrorum,
855 1182 1068 1243 pulchre
1115 1183 1395 1233 describit:

327 1258 343 1284 ‘
372 1256 424 1304 Is
450 1257 603 1305 modo
626 1259 884 1306 crescenti
902 1267 1106 1321 segetes
1127 1262 1397 1320 proculcat

323 1332 381 1381 in
421 1333 612 1395 berba3
647 1335 763 1383 Nec
800 1343 1002 1383 matura
1038 1337 1186 1384 metit
1223 1334 1394 1385 fleturi

330 1417 452 1456 vota
499 1411 710 1470 coloni;
748 1413 814 1460 Et
859 1412 1099 1460 Cererem
1142 1412 1191 1460 in
1237 1413 1394 1476 spicis

321 1486 637 1548 intercipit,'
660 1492 760 1538 διο.
793 1490 1035 1540 Schwarz.

397 1564 696 1628 Usurpabane
714 1568 923 1627 gloriam
949 1568 1114 1631 istam]
1138 1567 1262 1617 Scil.
1285 1569 1393 1631 glo-

325 1639 457 1690 riam
483 1645 791 1692 venationis,
842 1645 955 1693 Etsi
982 1646 1192 1694 verbum
1217 1653 1231 1673 ‘
1250 1661 1393 1693 usur-

321 1732 455 1781 pare
474 1719 488 1739 ’
511 1721 798 1781 generatim
821 1721 940 1769 nihil
961 1723 1097 1770 aliud
1117 1722 1393 1785 significet,

325 1812 479 1859 quam
510 1798 562 1846 in
589 1810 734 1847 usum
764 1814 976 1864 capere,
1018 1801 1165 1860 item,
1200 1803 1248 1849 in
1288 1800 1391 1850 fre-

322 1875 507 1939 quenti
542 1890 634 1923 usu
667 1875 873 1931 babere,
911 1878 1043 1926 sicut
1085 1878 1285 1926 Plinius
1308 1894 1389 1927 su·

320 1964 438 2013 pra,
461 1965 499 2001 t.
518 1956 565 2000 2.
587 1953 752 2002 dixit:
789 1955 803 1980 ‘
823 1955 926 2005 Qui
949 1970 1074 2011 mos,
1097 1957 1178 2005 cui
1202 1959 1390 2019 potius,

319 2043 473 2092 quam
498 2031 714 2091 consuli,
730 2039 819 2080 aut
837 2031 1039 2093 quando
1063 2036 1225 2095 magis
1248 2050 1390 2082 usur-

319 2106 544 2169 pandus,
568 2107 917 2171 colendusque
938 2108 1059 2157 est?
1087 2116 1389 2158 Lxxvnt.3.

320 2183 335 2208 ‘
363 2183 534 2233 Quem
564 2197 689 2246 ergo
714 2184 959 2231 honorem
998 2188 1159 2245 magis
1199 2201 1391 2244 amaro,

318 2258 458 2322 quod
476 2274 659 2308 nomen
681 2273 925 2321 usurpare
944 2262 1149 2324 saepius,
1173 2262 1333 2311 debes
1353 2263 1390 2310 ?'

317 2336 442 2385 Hoc
478 2342 647 2385 tamen
687 2337 800 2385 loco
834 2336 1190 2398 significanter
1222 2339 1288 2387 de
1328 2340 1386 2387 iis

313 2411 422 2464 dici
450 2414 673 2475 videtur,
707 2416 793 2478 qui
819 2414 1011 2479 aliquid
1038 2415 1304 2479 invadunt,
1330 2425 1384 2466 et

315 2503 412 2540 aaa
459 2490 557 2540 sibi
603 2491 916 2540 auctoritate
971 2501 1197 2556 sumunt,
1241 2494 1384 2556 cujus

314 2568 513 2616 nullum
546 2568 633 2630 jus
670 2567 882 2616 liabent.
951 2569 1038 2615 Sic
1078 2576 1131 2616 et
1170 2569 1385 2620 Sueton.

314 2644 542 2693 Claudio
578 2659 696 2706 cap.
718 2649 800 2692 25.
831 2652 845 2672 ⁴
874 2644 1175 2704 Peregrina!
1210 2647 1384 2694 condi·

314 2721 476 2769 tionis
509 2720 738 2769 homines
786 2720 949 2768 vetuit
989 2734 1242 2781 usurpare
1284 2722 1382 2770 Ro-

313 2811 469 2847 mana
512 2798 738 2852 nomina,
794 2797 1050 2845 duntaxat
1105 2798 1385 2859 gentilitia.

315 2875 595 2925 Civitatem
645 2874 930 2922 Romanam
977 2882 1284 2936 usurpantes
1331 2875 1380 2922 in

308 2967 499 3015 campo
549 2951 816 3015 Esquilino
863 2951 1032 2999 securi
1088 2952 1382 3014 percussitss

313 3029 444 3088 Hic,
480 3037 494 3059 ‘
519 3030 784 3077 civitatem
823 3028 1100 3077 Romanam
1128 3042 1379 3091 usurpan-

310 3104 436 3167 tes,’
493 3104 754 3166 dicuntur,
797 3105 884 3167 qui
934 3118 988 3152 se
1038 3119 1131 3166 pro
1178 3104 1378 3152 civibus

305 3189 602 3245 gesserunt,
631 3196 746 3230 cum
785 3194 884 3228 non
914 3188 1106 3240 essent,
1129 3183 1224 3228 διε.
1295 3180 1379 3229 Ita

306 3269 367 3307 et
388 3259 562 3307 Tacit.
587 3257 775 3306 Annal.
803 3270 890 3305 m.
914 3260 996 3304 60.
1029 3264 1041 3284 ‘
1070 3256 1243 3317 Igitur
1269 3259 1379 3320 pta-

309 3337 498 3395 citutu,
538 3341 595 3382 ut
640 3335 909 3383 mitterent
954 3332 1200 3382 civitates
1239 3333 1380 3398 jura,

309 3421 472 3477 atque
521 3413 736 3475 legatos.
815 3411 885 3459 Et
932 3411 1191 3474 quaedam,
1237 3412 1377 3474 quod

305 3489 441 3539 falso
474 3495 871 3550 usurpaverant,
902 3494 1089 3549 sponte
1124 3487 1381 3536 omisere)

309 3568 560 3616 Ceterum
590 3566 666 3613 liis
707 3563 874 3613 verbis
907 3563 1173 3625 sigillatim
1205 3564 1377 3614 Domi·

305 3644 506 3691 tionum
544 3640 819 3701 designari,
854 3638 939 3686 alii
967 3640 1075 3702 Jam
1116 3649 1380 3689 notat-unt.

301 3719 392 3767 De
441 3731 547 3780 quo
584 3717 800 3766 Sueton.
839 3730 957 3777 cap.
995 3719 1073 3763 19.
1117 3717 1132 3742 ‘
1162 3716 1375 3766 Laboris

303 3794 606 3856 impatiens,
653 3807 748 3855 per
790 3792 970 3840 urbem
1012 3790 1234 3853 pedibus
1276 3805 1374 3842 non

304 3878 505 3920 temere
543 3868 843 3918 ambulavit.
927 3868 991 3916 In
1036 3869 1378 3931 expeditione

302 3957 361 3997 et
384 3947 608 4009 agmine,
640 3961 772 4010 equo
806 3947 990 4008 rarius,
1033 3945 1218 3994 lectica
1252 3947 1372 3993 assi·

300 4025 430 4082 due,
457 4030 634 4072 vectus
659 4031 754 4071 est.
809 4023 1080 4072 Armorum
1107 4022 1269 4080 uullo,
1293 4037 1374 4070 sa·

301 4103 555 4167 gittarutn
588 4100 668 4149 vel
702 4100 966 4162 praecipuo
1002 4099 1193 4154 studio,
1227 4108 1372 4148 tene-

302 4180 478 4229 batur.
546 4178 811 4226 Centenas
841 4177 968 4224 varii
1002 4177 1207 4237 generis
1233 4175 1372 4224 feras

298 4272 446 4321 sape
471 4256 522 4304 iu
547 4253 753 4304 Albano
775 4266 982 4303 secessu
1007 4251 1368 4305 conficientem

1926 356 1976 402 1.
2004 338 2111 404 81.
2420 343 2550 408 997

1481 503 1789 557 spectavere
1832 496 2103 562 plerique.'
2176 498 2259 548 De
2299 499 2547 550 Indorum

1484 572 1690 632 regibus
1736 574 1960 633 Curtius,
2004 587 2128 622 vm.
2166 579 2217 622 9.
2261 574 2276 600 ‘
2316 574 2548 625 Venatus

1483 651 1737 699 maximus
1777 651 1923 699 labor
1962 660 2076 711 est,
2115 653 2310 700 inclusa
2356 654 2549 703 vivario

1482 727 1727 774 animalia
1763 727 1897 775 iuter
1935 726 2054 775 v'ota
2088 736 2374 792 cautusque
2402 730 2548 792 pelli-

1479 816 1597 850 cum
1644 801 1841 864 figere.’
1912 804 2332 852 Luculeutiorem
2378 806 2546 856 locum

1480 878 1546 926 de
1590 879 1867 927 Persarum
1905 880 2113 942 regibus
2138 897 2165 928 e
2191 881 2356 930 Dione
2381 882 2545 947 Chry·

1480 964 1710 1004 sostomo
1735 960 2008 1006 annotavit
2028 958 2322 1020 Livineius;
2350 961 2545 1022 quippe

1479 1031 1567 1094 qui
1593 1031 1836 1080 dicuntur
1860 1031 1996 1081 feras
2018 1033 2181 1082 hortis
2217 1033 2457 1097 inclusas,
2491 1042 2547 1084 et

1477 1107 1719 1169 domitas,
1766 1108 2103 1174 custodiaque
2146 1108 2355 1167 fractas,
2396 1127 2542 1176 pere·

1477 1183 1651 1244 misse,
1694 1185 1989 1248 pariterque
2025 1193 2078 1234 et
2117 1185 2541 1236 inveniendarum

1478 1261 1765 1324 voluptate,
1810 1271 1865 1313 et
1909 1264 2387 1326 prmvenietitlarttnt
2434 1273 2543 1313 stu-

1474 1337 1579 1393 dio,
1608 1339 1970 1404 pugnandique
1986 1340 2281 1401 alacritate,
2295 1342 2540 1391 caruisse.

1476 1414 1629 1462 Idem.

1542 1491 1640 1546 Qua·
1659 1491 1789 1539 obire
1810 1507 1900 1540 non
1921 1491 2165 1555 poterant]
2203 1493 2306 1541 Pro
2330 1494 2407 1542 his
2430 1509 2538 1543 ver-

1472 1565 1549 1614 bis
1574 1567 1867 1629 Cliristoplt.
1902 1567 2120 1615 Belirius
2146 1569 2419 1628 legendum
2447 1585 2541 1633 pu·

1474 1643 1624 1698 tavit,
1669 1643 1749 1704 qui
1793 1642 1996 1691 laborem
2037 1645 2398 1705 gravabantum
2444 1647 2537 1695 sed

1471 1720 1655 1767 nullius
1692 1720 1803 1768 libri
1842 1721 2073 1784 auspicio
2107 1718 2402 1770 addicente.
2468 1725 2539 1773 Et

1469 1797 1591 1858 quid
1630 1812 1755 1859 opus
1797 1806 1877 1846 est
1915 1799 2242 1847 mutatione?
2277 1814 2391 1848 cum
2424 1806 2478 1849 et
2503 1802 2537 1849 ii

1469 1889 1559 1921 non
1589 1873 1719 1922 obire
1751 1889 1906 1936 posse,
1948 1875 2052 1924 dici
2091 1884 2306 1939 queant,
2350 1877 2537 1941 quibus

1469 1950 1677 2013 inertia,
1714 1959 1766 1999 et
1798 1953 2020 2015 ignavia,
2056 1954 2422 2018 mollitiesque,
2455 1964 2537 2003 est

1467 2027 1862 2088 impedimento.
1964 2028 2244 2077 Catanaeus
2321 2031 2533 2081 verbum

1465 2102 1596 2150 obire
1622 2104 1799 2151 retulit
1827 2104 1888 2151 ad
1911 2117 2095 2151 nomen
2116 2105 2339 2164 gloriam,
2365 2114 2415 2154 et
2444 2121 2532 2154 ex·

1466 2179 1698 2240 plicavit,
1738 2182 1753 2206 ‘
1780 2181 1864 2242 qui
1902 2194 2012 2227 eam
2047 2181 2262 2242 gloriam
2295 2182 2534 2246 assequi,'

1464 2264 1519 2303 et
1568 2255 1771 2312 mereri,
1820 2256 1835 2282 ‘
1875 2270 1973 2303 nou
2019 2255 2296 2317 poterant!
2364 2258 2531 2308 Quem

1463 2346 1670 2380 sensum
1696 2331 1873 2379 borum
1899 2331 2170 2380 verborum
2190 2334 2343 2381 etiam
2371 2334 2531 2383 iuter·

1464 2417 1638 2471 protes
1658 2416 2017 2472 respexerunt,
2040 2408 2225 2471 Italus,
2250 2410 2448 2466 Gallus,
2474 2419 2532 2462 et

1462 2488 1771 2536 Germanus.
1820 2485 1970 2537 Quod
1997 2486 2040 2533 si
2066 2501 2189 2534 vero
2211 2487 2527 2549 aliquantum

1463 2563 1766 2612 insolentior
1805 2562 2046 2626 loquendi
2090 2560 2311 2611 formula
2355 2563 2527 2612 videa·

1463 2647 1565 2696 tur,
1599 2640 1803 2701 gloriam
1826 2638 1973 2695 obire,
2010 2654 2276 2702 possumus
2311 2640 2404 2688 sub
2430 2641 2527 2689 boc

1460 2720 1620 2769 verbo
1645 2720 1925 2769 subaudire
1962 2735 2243 2782 pronomen
2280 2723 2295 2747 ⁴
2321 2720 2408 2775 id)
2443 2724 2525 2771 vel

1459 2803 1473 2825 ‘
1498 2796 1599 2860 ea,'
1629 2812 1818 2860 nempe
1858 2812 1969 2861 quae
1998 2797 2062 2845 ad
2094 2798 2424 2846 venationem
2448 2808 2526 2847 at·

1460 2874 1646 2934 tinent,
1683 2873 1749 2922 de
1782 2889 1879 2936 qua
1903 2888 2099 2933 sermo;
2138 2889 2346 2936 nempe,
2376 2874 2391 2900 ‘
2422 2889 2522 2923 non

1458 2958 1702 3011 poterant
1758 2952 1977 2998 lustrare
2035 2951 2215 3009 saltus,
2271 2958 2521 2999 excutere

1458 3026 1711 3075 cubilibus
1767 3024 1928 3087 feras,
1984 3040 2228 3087 superare
2278 3027 2523 3075 immensa

1455 3102 1881 3165 montiumjuga,’
1902 3105 1999 3151 ἃς.
2048 3101 2222 3164 Atque
2241 3102 2339 3151 ltuc
2363 3103 2520 3150 etiam

1457 3179 1732 3229 referenda
1788 3186 1870 3228 est
1924 3179 2210 3241 explicatio
2269 3179 2477 3228 Cellarii
2504 3194 2517 3228 x

1453 3265 1467 3286 ⁴
1492 3259 1592 3309 Qui
1620 3266 1833 3320 propter
1858 3257 2128 3305 mollitiem
2150 3271 2248 3305 non
2272 3263 2521 3319 poterant

1454 3334 1504 3382 id
1530 3335 1719 3382 laboris
1744 3330 2034 3380 sustinere!
2072 3332 2206 3380 Plin.
2237 3330 2404 3394 Epist.
2444 3345 2520 3383 vt.

1455 3416 1536 3460 16.
1568 3414 1582 3439 ‘
1607 3411 1759 3461 Quod
1796 3410 2023 3458 studioso
2052 3409 2220 3457 animo
2252 3411 2519 3458 inchoave-

1452 3496 1553 3550 rat,
1591 3487 1698 3552 (id)
1732 3487 1843 3534 obit
1886 3484 2144 3534 maximo.'
2193 3486 2302 3535 Cic.
2354 3486 2516 3535 Attic.

1455 3579 1581 3613 vin.
1608 3568 1686 3612 12.
1726 3571 1739 3592 ⁸
1765 3562 1829 3611 Id
1855 3563 1952 3611 etsi
1974 3571 2087 3610 erat
2114 3562 2518 3624 deliberationia,

1452 3641 1595 3690 obire
1617 3655 1718 3690 nou
1746 3640 1925 3703 potui!
1946 3641 2012 3692 Q.
2034 3640 2144 3689 Cic.
2167 3640 2230 3688 de
2251 3640 2514 3689 Petitione

1453 3718 1661 3768 Consul.
1702 3732 1817 3780 cap.
1857 3722 1932 3766 12.
1966 3717 1980 3743 ⁴
2025 3716 2208 3780 Neque
2236 3732 2386 3779 posse
2424 3717 2514 3763 do-

1452 3809 1588 3844 mum
1614 3794 1727 3857 ejus
1752 3793 2020 3856 compleri,
2044 3793 2130 3856 qui
2159 3792 2513 3840 tautummodo

1452 3872 1732 3933 reciperet,
1769 3877 2017 3933 quantum
2044 3869 2265 3929 videret,
2291 3882 2344 3914 se
2370 3866 2512 3915 obire

1451 3946 1637 4010 posse?
1705 3946 1844 3996 Quid
1882 3961 2006 3993 vero
2031 3943 2351 4006 frequentius
2383 3942 2512 3991 dici·

1451 4033 1556 4082 tur,
1588 4038 1740 4088 quam
1764 4022 1908 4074 obire,
1946 4021 1978 4068 i.
2002 4034 2050 4068 e.
2092 4033 2268 4081 agere,
2302 4021 2512 4082 exequi,

1450 4099 1720 4162 perficere.
1776 4096 2061 4159 negotium,
2107 4109 2255 4155 opus,
2313 4109 2512 4152 munus,

1448 4189 1566 4225 suas
1604 4188 1702 4233 res,
1735 4173 1953 4233 labores,
1987 4172 2336 4230 venationem,
2370 4174 2513 4222 etsi.

1447 4251 1620 4303 milia?
1659 4249 1833 4300 Verba
1858 4250 2134 4314 sequentia
2153 4250 2512 4315 Cuspinianus.
