3060 4902
490 360 624 429 828

493 531 669 575 tamen
687 522 860 573 cessit.
879 553 892 570 .
911 555 926 571 .
941 521 1170 586 Recepit
1186 524 1321 571 enim
1343 523 1556 572 tertium

492 600 853 658 consulatum,'
897 602 1122 650 Plinium
1162 602 1330 650 adhuc
1365 601 1561 651 diserte

494 679 632 740 loqui
653 676 720 726 de
747 677 902 726 tertio
925 677 1215 732 consulatu,
1256 683 1493 724 recusato
1530 688 1562 722 a

492 755 741 818 Trajsuo:
775 768 930 817 quem
956 767 1078 801 vero
1103 753 1430 800 consulatum
1448 752 1562 814 jam

491 836 820 892 susceperat,
841 830 1051 877 ineunte
1072 842 1206 877 anno
1224 828 1416 877 Christi
1439 841 1561 876 ceu-

495 906 700 967 tesimo,
722 904 982 968 hujusque
1002 905 1120 953 anni
1148 905 1324 967 primis
1340 911 1564 968 quatuor

493 982 757 1032 mensibus
793 989 1063 1043 gesserat;
1097 995 1212 1029 cnm
1253 981 1454 1031 Plinius
1475 977 1563 1029 de·

497 1072 636 1105 mum
678 1057 926 1106 Calendis
972 1054 1370 1117 Septembribus
1427 1055 1562 1105 hunc

495 1133 879 1196 Panegyricum
903 1132 1139 1181 haberet.
1189 1132 1422 1181 Necesse
1440 1146 1562 1195 ergo

497 1216 598 1272 est,
621 1210 758 1257 illam
785 1207 1162 1255 recusationem
1185 1220 1370 1256 anuum
1391 1206 1565 1256 Chris·

498 1285 542 1335 ti
577 1284 912 1334 centesimum
954 1283 1296 1345 praecessisse.
1363 1284 1442 1331 Ex
1467 1283 1566 1332 hoc

498 1367 672 1412 autem
704 1360 857 1409 Plinii
884 1362 996 1409 loco
1012 1360 1368 1423 intelligimus,
1387 1361 1565 1422 Traja-

496 1452 621 1487 uum
641 1438 718 1486 bis
742 1436 1079 1498 deprecatum
1106 1451 1216 1486 esse
1241 1432 1564 1485 consulatum

498 1514 732 1564 tertium.
800 1513 999 1569 Primo,
1035 1528 1149 1562 cum
1186 1513 1353 1561 adhuc
1376 1512 1565 1562 absens

495 1596 656 1640 esset.
723 1588 924 1637 Absens
949 1595 1123 1637 antem
1149 1595 1281 1643 erat,
1319 1596 1373 1636 et
1398 1588 1565 1638 adhuc

498 1663 552 1713 iu
571 1664 850 1711 Germania
870 1663 1121 1719 haerebat,
1148 1662 1209 1712 A.
1233 1662 1294 1712 C.
1313 1667 1396 1711 98.
1434 1663 1565 1713 Cum

496 1754 625 1802 ergo
649 1738 697 1787 ei
717 1746 840 1787 tnnc
866 1738 1179 1801 absenti,et‚
1201 1746 1320 1801 post
1345 1746 1562 1788 mortem

499 1817 716 1876 Nervus,
754 1829 1004 1864 summum
1047 1815 1315 1877 imperium
1352 1815 1566 1878 adepto,

495 1888 776 1939 offerretur
800 1891 1097 1938 consulatus
1118 1891 1316 1944 tertius,
1333 1890 1383 1939 iu
1410 1905 1565 1952 prox-

498 1965 655 2014 imum
682 1978 888 2025 annum,
905 1969 990 2014 99.
1008 1964 1392 2027 suscipiendus3
1411 1965 1565 2020 hunc,

499 2046 718 2104 propter
739 2040 1046 2095 absentiam,
1087 2041 1365 2096 recusavit,
1392 2041 1565 2103 priva-

497 2117 689 2181 tisque,
726 2131 913 2180 nempe
958 2118 1201 2166 Cornelio
1258 2117 1453 2166 Paimae
1508 2125 1563 2167 et

500 2193 642 2242 Sosio
671 2194 966 2249 Senecioni,
1002 2193 1286 2258 gerendum
1316 2195 1564 2256 permisit.

498 2268 847 2333 Posteaquam
888 2284 1011 2318 vero
1046 2285 1109 2318 eo
1149 2270 1260 2333 ipso
1300 2284 1452 2331 auno,
1481 2274 1565 2321 99.

500 2351 797 2395 reverterat
822 2346 1059 2410 Romam,
1082 2346 1280 2410 ipsique
1322 2345 1373 2395 in
1408 2347 1566 2395 comi·

506 2421 598 2469 tiis
633 2422 1015 2486 consularibus,
1059 2437 1172 2486 quae
1215 2430 1336 2472 aute
1374 2436 1565 2472 anuum

501 2497 698 2547 Christi
711 2499 1048 2547 centesimum
1069 2499 1132 2547 de
1148 2499 1401 2561 eligendis
1418 2500 1566 2548 novis

498 2575 804 2624 consulibus
842 2576 1183 2632 habebantur,
1219 2578 1388 2625 denuo
1421 2577 1564 2626 obla-

501 2658 585 2698 tus
611 2659 725 2699 erat
772 2654 1070 2700 consulatus
1108 2653 1314 2711 tertius,
1361 2653 1411 2701 in
1447 2669 1565 2702 eum

498 2725 666 2788 ipsum
720 2740 907 2775 annum
968 2729 1161 2777 Christi
1220 2730 1564 2781 centesimum

498 2801 891 2864 suscipiendus3
947 2803 1084 2852 huuc
1141 2805 1328 2854 iterum
1377 2805 1567 2869 depre-

498 2882 649 2927 catus
703 2888 807 2938 est,
871 2880 945 2928 ita
988 2887 1184 2937 tamen,
1252 2890 1312 2930 ut
1361 2881 1567 2932 demum

500 2956 720 3004 cesserit
745 2956 995 3004 voluntati
1021 2965 1247 3012 senatus,
1274 2957 1568 3008 admiserit-

500 3047 604 3097 qne
626 3034 967 3082 consulatum.
1016 3034 1136 3084 Jam
1160 3048 1304 3095 vero,
1323 3036 1442 3096 quia
1460 3035 1568 3084 Pli-

501 3110 615 3159 nius
655 3125 750 3173 per
788 3111 1052 3169 ἠθοποιΐαν.
1090 3112 1155 3160 de
1197 3127 1299 3176 qua
1344 3113 1407 3162 ad
1456 3127 1568 3163 mx.

503 3192 550 3236 1.
574 3186 702 3245 dixi,
738 3189 883 3250 qiiasi
923 3187 1134 3250 fingitur
1176 3189 1380 3237 nomine
1421 3203 1571 3238 sena-

502 3272 605 3319 tus,
643 3264 867 3325 Trajano
901 3266 1013 3327 jam
1052 3263 1199 3313 A-C.
1232 3269 1315 3313 99.
1354 3267 1572 3315 Romam

499 3351 729 3393 reverso,
748 3348 801 3387 et
820 3339 990 3388 denuo
1011 3342 1335 3390 consulatum
1360 3342 1572 3391 tertium

499 3415 826 3478 deprecanti,
863 3419 1051 3466 multas
1087 3432 1375 3480 gravesque
1415 3420 1572 3469 ratio-

498 3505 596 3539 nes
619 3493 899 3551 attulisset,
923 3494 990 3541 ob
1012 3508 1134 3556 quius
1161 3495 1435 3557 Trajanus,
1461 3496 1571 3556 jam

500 3579 753 3629 praesens,
776 3581 878 3614 nou
903 3566 1123 3615 deberet
1147 3567 1339 3616 diutins
1357 3566 1571 3619 differre

501 3641 835 3690 consulatum
862 3643 1073 3689 tertium
1098 3657 1111 3687 ε
1142 3642 1193 3688 in
1220 3642 1435 3705 illaipsa
1457 3658 1571 3692 sua·

501 3716 640 3766 soria
666 3717 1029 3765 adhortatione
1064 3723 1080 3745 ¹
1101 3718 1362 3779 proximus
1386 3721 1572 3769 annus'

500 3792 711 3842 omnino
736 3793 801 3840 de
815 3792 881 3841 A.
898 3794 959 3841 C.
975 3797 1057 3841 98.
1080 3793 1448 3856 intelligendus
1469 3804 1571 3852 est,

499 3869 553 3918 iu
577 3883 680 3933 quo
703 3870 959 3932 Trajauus
984 3869 1151 3918 adhuc
1183 3868 1370 3919 absens
1405 3872 1573 3934 primo

498 3946 763 3995 recusavit
786 3947 1111 3994 consulatum
1145 3948 1380 3996 tertium.
1446 3949 1571 3997 Ete-

502 4019 609 4069 nim
633 4028 688 4069 et
714 4020 881 4083 prima
910 4022 997 4069 illa
1034 4021 1250 4078 oblatio,
1289 4030 1345 4072 et
1383 4023 1570 4086 depre-

498 4095 638 4146 satio
660 4098 977 4154 consulatus,
1012 4097 1122 4161 jam
1161 4113 1350 4148 anuum
1376 4099 1569 4149 Christi

501 4174 588 4223 99.
623 4174 944 4226 antecedere
983 4173 1185 4227 debuit.
1274 4177 1571 4230 Musonius

1187 376 1405 425 NOTAE
1453 373 1868 425 vsluomm
1917 374 2003 425 IN

1633 534 1779 584 ergo,
1820 520 1870 570 iu
1905 519 2035 569 Vita
2076 516 2233 569 Plinii
2273 531 2452 567 verum
2488 517 2699 584 quidem

1634 603 1838 659 tempus
1861 594 2187 657 designavit3
2222 593 2312 644 sed
2353 608 2454 643 non
2481 609 2699 645 necesse

1634 672 1809 722 habuit
1848 672 2074 727 tradere,
2122 673 2173 719 iu
2213 670 2471 720 Plinianis
2508 664 2702 734 verbis,

1632 748 1849 810 proximo
1870 761 2012 801 anno,
2044 760 2146 795 nou
2171 744 2359 795 referri
2400 745 2593 797 debere
2632 747 2699 796 ad

1636 823 1849 871 verbnm
1871 823 2135 882 recusandi,
2157 823 2246 871 sed
2269 825 2556 872 consulatus.
2594 823 2700 873 Pli-

1637 896 1749 946 uius
1772 899 1983 961 quidem
2015 899 2420 961 Panegyricum,
2456 900 2537 948 uti
2571 898 2700 963 dixi,

1637 973 1704 1022 A.
1724 973 1785 1022 C.
1810 979 1924 1023 1⁰0.
1950 975 2223 1034 recitavit;
2260 982 2314 1023 at
2341 976 2429 1023 illa
2451 993 2699 1038 προσυπο-

1635 1049 1787 1111 rocta,
1817 1057 1928 1111 aut,
1963 1050 2005 1097 si
2034 1050 2214 1109 mavis,
2234 1049 2468 1110 ἢθοποιΐα,
2488 1066 2608 1115 quae
2647 1053 2700 1101 in

1637 1127 1964 1189 Panegyrico
1990 1123 2226 1187 affertur,
2262 1127 2490 1188 pertinet
2530 1127 2595 1176 ad
2635 1127 2703 1178 A.

1641 1203 1700 1252 C.
1724 1205 1807 1251 99.
1843 1203 1894 1249 in
1934 1215 2102 1265 eaque
2152 1201 2352 1250 ‘aunns
2400 1203 2703 1266 proximus,'

1638 1278 1782 1342 isque
1811 1279 2124 1341 praeteritus,
2161 1279 2368 1326 omniuo
2393 1277 2703 1330 referendus

1638 1362 1719 1403 est
1760 1354 1824 1403 ad
1864 1353 1932 1403 A.
1979 1354 2037 1402 C.
2078 1357 2164 1402 98.
2228 1353 2541 1404 Conferstur
2580 1356 2705 1408 Ant.

1640 1431 1850 1494 Pagins.
1876 1431 1927 1478 iu
1951 1430 2132 1480 Critic.
2154 1431 2349 1481 Barou.
2371 1431 2434 1480 ad
2460 1432 2528 1482 A.
2545 1434 2606 1483 C.
2622 1437 2705 1483 99.

1641 1509 1725 1558 ubi
1750 1511 2045 1568 annotavit,
2076 1510 2358 1559 Batonium
2394 1510 2521 1560 duas
2560 1511 2703 1561 tertii

1639 1586 1940 1634 consulatus
1964 1584 2354 1649 denegationes,
2376 1603 2494 1651 quae
2528 1587 2705 1638 diver·

1641 1661 1712 1709 sis
1756 1661 1903 1709 aunis
1946 1664 2233 1725 contigere,
2294 1678 2568 1728 perperam
2612 1665 2705 1714 uni

1641 1735 1912 1799 eidemque
1937 1751 2068 1785 auno
2091 1739 2400 1802 assignasse.
2435 1741 2705 1801 Ceterum,

1642 1812 1693 1859 in
1741 1812 1998 1874 principio
2039 1813 2191 1875 hujus
2235 1816 2446 1878 capitis,
2495 1816 2547 1864 in
2586 1830 2702 1866 meo

1639 1887 1842 1942 codice,
1879 1888 2130 1949 scriptum
2172 1897 2253 1938 est
2289 1890 2445 1954 Aequa
2483 1905 2602 1952 ego,-
2650 1891 2704 1939 in

1641 1962 2122 2027 Guelpherbytsno‚
2156 1964 2309 2028 Atqui
2348 1981 2463 2028 ergo
2485 1981 2507 2024 ,·
2558 1967 2706 2028 itan,

1641 2054 1735 2103 pro
1758 2039 2018 2103 adjectivo
2053 2043 2365 2104 praecipnain,
2400 2045 2451 2091 iu
2488 2044 2706 2094 Vatica-

1638 2115 1738 2177 nis,
1764 2115 2245 2179 Guelpherbytauo,
2295 2128 2348 2166 et
2392 2134 2528 2181 meo,
2565 2120 2706 2183 posi·

1640 2196 1746 2239 tum
1762 2200 1842 2239 est
1861 2192 2160 2240 adverbium
2178 2197 2428 2257 praecipue.
2442 2195 2704 2245 Schwars.

1705 2267 1962 2329 Proximo]
2010 2268 2379 2331 Preteritoue,
2419 2286 2484 2320 an
2525 2270 2706 2323 futuro

1641 2349 1695 2392 et
1718 2343 1963 2393 instanti?
2001 2345 2154 2393 immo
2171 2347 2297 2407 hoc;
2321 2347 2549 2410 loquitur
2566 2349 2705 2400 enim

1640 2418 1708 2468 de
1733 2420 1902 2484 quarti
1926 2422 2224 2471 consulatus
2249 2424 2466 2486 gerendi
2499 2439 2707 2477 recusa·

1643 2496 1801 2557 tione,
1826 2505 1883 2545 ut
1906 2498 2135 2546 ostendit
2171 2500 2314 2562 Lips.
2338 2501 2492 2566 hnjns
2516 2504 2707 2568 scripti

1642 2572 1965 2635 phosphorus
1989 2575 2039 2622 in
2064 2584 2392 2636 argumento.
2427 2580 2585 2629 Bm.

1707 2648 1821 2695 Non
1839 2651 2051 2713 poteras]
2085 2650 2306 2701 Poteras
2339 2653 2569 2719 quidem,
2608 2667 2709 2718 per

1642 2726 1898 2789 exempla,
1921 2735 1977 2775 et
2002 2728 2148 2776 multi
2189 2729 2266 2776 ita
2297 2730 2580 2794 principes,
2611 2733 2707 2781 im·

1641 2818 1726 2852 mo
1750 2804 1968 2867 privati3
2005 2804 2095 2853 sed
2136 2806 2265 2857 inire
2301 2808 2595 2868 absentem,
2619 2824 2709 2874 ge-

1641 2893 1779 2940 rere,
1819 2887 1873 2928 et
1916 2879 2089 2941 finire,
2132 2880 2229 2931 hoc
2284 2883 2605 2947 indecorum,
2651 2894 2706 2938 et

1641 2961 1835 3018 praeter
1857 2964 2086 3005 veterum
2113 2957 2371 3008 instituta.
2439 2960 2558 3009 Non
2574 2967 2709 3024 pste-

1637 3047 1719 3080 ναι
1761 3031 1934 3095 igitur,
1980 3033 2032 3081 id
2073 3041 2175 3095 est,
2221 3043 2361 3086 recte
2401 3043 2460 3087 et
2502 3052 2570 3088 ex
2613 3046 2708 3091 tua

1640 3116 1832 3157 mente.
1870 3108 2008 3172 Lips.

1706 3188 1891 3237 Absens
1906 3200 2074 3248 gerere
2093 3201 2186 3235 non
2206 3188 2416 3252 poteras]
2452 3180 2709 3242 Cur'vero

1642 3277 1743 3312 nou
1771 3263 2027 3325 potuisset
2051 3264 2324 3328 Trajanns,
2344 3280 2461 3316 curn
2501 3274 2583 3318 tot
2616 3270 2709 3321 alii

1643 3339 1926 3403 potuerint,
1965 3346 2020 3387 et
2064 3353 2180 3388 cnm
2229 3341 2340 3404 ipse
2373 3343 2561 3394 absens
2593 3345 2708 3410 jam

1642 3416 1960 3463 consulatum
1986 3415 2272 3465 secundum
2299 3418 2364 3468 A.
2383 3420 2446 3469 C.
2474 3424 2561 3469 98.
2594 3436 2711 3485 ges·

1640 3491 1831 3540 sisset?
1910 3490 2100 3553 Immo,
2153 3494 2290 3559 quod
2346 3496 2556 3559 Lipsius
2613 3499 2711 3563 ait,

1641 3566 1657 3593 ‘
1680 3581 1780 3615 non
1808 3566 1978 3629 potuit
2002 3576 2167 3627 recte,
2203 3576 2257 3616 et
2279 3581 2346 3618 ex
2369 3585 2463 3620 sua
2491 3575 2712 3638 mente:

1641 3658 1810 3706 neque
1842 3657 1906 3691 ex
1945 3643 2121 3705 prisca
2154 3647 2554 3711 consuetudine,
2590 3665 2711 3702 cnm

1641 3718 1755 3781 lege
1813 3725 2118 3767 vetarentur
2171 3722 2417 3771 absentes
2471 3728 2711 3778 consules

1642 3796 1791 3844 Rom.
1812 3794 2001 3843 creari.
2037 3795 2192 3857 Nsm,
2212 3798 2496 3849 Plutarcho
2519 3800 2575 3851 iu
2592 3803 2708 3853 Ma·

1643 3872 1736 3927 rio,
1761 3886 1814 3934 p.
1836 3874 1952 3920 ⁴12.
1987 3869 2271 3928 referente,
2311 3875 2501 3926 iterum
2523 3892 2707 3929 cousu-

1639 3948 1740 3996 lem
1778 3946 2176 4010 designaverant
2211 3950 2272 3998 C.
2298 3952 2555 4004 Marium:
2590 3970 2706 4007 cum

1640 4028 1726 4075 lex
1761 4035 1932 4077 autem
1971 4028 2261 4093 absentem,
2306 4039 2379 4092 et,
2423 4033 2706 4086 nisiinter·

1630 4103 1779 4167 jecto
1823 4111 1968 4153 certo
2021 4104 2213 4168 spatio,
2270 4115 2481 4159 vetaret
2530 4110 2703 4161 denuo

1638 4181 1808 4233 creari
1830 4184 2113 4250 consulem,
2149 4184 2445 4250 repudiavit
2484 4191 2703 4255 populus
