3060 4902
519 328 691 394 1060

515 488 713 538 virtute
742 484 1001 535 fortunam
1036 479 1372 546 adaequavit.'
1437 479 1578 529 Vell.

512 578 579 614 11.
600 567 681 613 47.
715 564 733 591 ‘
751 563 912 621 Julia,
938 576 1067 611 uxor
1085 560 1291 623 Magni,
1313 554 1578 607 decessit!

514 639 702 702 Neque
724 637 884 687 solum
911 637 1104 687 Graeca
1129 651 1257 685 voce
1281 632 1462 695 Μέγας,
1486 632 1579 681 sed

514 722 569 764 et
625 722 835 763 retenta
904 715 1138 762 Romana
1206 709 1578 774 appellatione,

512 788 707 850 Μάγνος
748 790 921 839 dictus
967 804 997 837 a
1039 788 1313 847 Strabone,
1358 785 1580 835 Nicolao

511 866 861 920 Damasceuo,
903 864 1156 926 Josepho,
1204 861 1397 917 Dione,
1437 860 1581 909 Zosi-

509 956 617 1001 mo,
642 942 877 1003 aliisque,
896 946 1048 1002 prout
1067 937 1407 1001 Spanbemius
1423 950 1580 985 anno·

512 1019 667 1080 tavit,
691 1019 725 1066 1.
754 1033 801 1066 c.
825 1031 945 1078 pag.
966 1020 1046 1064 66.
1071 1015 1158 1078 qui
1195 1013 1383 1062 ibidem
1408 1012 1582 1072 docet,

509 1094 609 1143 hoc
631 1106 913 1156 cognomen
939 1093 1095 1140 ctiam
1133 1089 1198 1140 ad
1232 1088 1365 1138 filios
1402 1095 1580 1152 poste·

510 1182 696 1234 rosque
744 1170 843 1219 Cn.
884 1167 1125 1230 Pompeii
1185 1165 1475 1225 transiisse3
1523 1170 1581 1213 et

511 1247 712 1309 pridem
737 1251 894 1293 antea
919 1245 1006 1292 illo
1032 1251 1045 1271 ·
1072 1243 1255 1304 Magni
1281 1242 1293 1262 ’
1319 1240 1580 1303 cognomi·

509 1335 577 1371 ne
622 1320 920 1382 insignitum
963 1316 1125 1367 fuisse
1168 1319 1230 1366 P.
1277 1315 1581 1366 Africanum

509 1398 778 1460 majorem.
843 1396 1050 1445 Seneca
1092 1393 1321 1459 quidem,
1363 1393 1429 1441 de
1473 1393 1581 1452 Ira,

508 1488 550 1523 1.
577 1477 656 1522 16.
696 1472 878 1528 tradit,
916 1474 931 1500 ‘
961 1486 1203 1534 maguum
1228 1469 1241 1492 ⁹
1275 1469 1509 1532 separari
1550 1484 1580 1517 a

508 1553 525 1578 ‘
544 1550 678 1600 bono
698 1548 711 1569 ’
737 1564 835 1598 nou
861 1564 1042 1612 posset
1084 1556 1097 1578 ⁸
1119 1549 1240 1597 Non
1259 1547 1375 1600 est.’
1395 1546 1580 1609 iuquit,

510 1633 526 1655 ‘
552 1626 686 1690 quod
726 1625 1014 1684 existimes,
1048 1637 1226 1672 verum
1263 1636 1398 1680 esse,
1441 1621 1578 1683 quod

509 1703 649 1765 apud
693 1701 1086 1751 disertissimum
1128 1699 1311 1754 virum,
1360 1697 1582 1752 Livium,

510 1779 733 1829 dicitur:
790 1779 889 1827 Vir
935 1777 1128 1839 ingenii
1178 1775 1353 1837 magni
1400 1774 1582 1836 magis,

509 1870 664 1919 quam
691 1854 844 1913 bonig
882 1866 983 1900 non
1023 1859 1192 1915 potest
1217 1851 1341 1898 illud
1369 1864 1581 1911 separa-

509 1932 588 1978 ri:
626 1938 717 1978 urit
755 1942 998 1991 magnum
1023 1935 1076 1976 et
1109 1927 1297 1975 bonurn
1333 1925 1454 1985 erit,
1489 1932 1583 1973 aut

509 2020 607 2054 nec
625 2017 861 2066 magnum
882 2004 1021 2066 quia;
1041 2000 1450 2064 magnitudinem
1472 2002 1580 2048 ani-

508 2081 580 2130 mi
618 2081 973 2130 inconcussam
1009 2076 1266 2139 intelligo,
1300 2083 1356 2124 et
1391 2075 1580 2124 intror-

509 2172 595 2206 sus
634 2157 869 2211 solidam,
907 2156 971 2204 ab
1001 2154 1100 2203 imo
1139 2166 1316 2216 parem
1356 2151 1581 2199 firmam-

510 2247 610 2297 que
633 2249 651 2294 ;
685 2232 853 2295 qualis
878 2231 1045 2279 inesse
1072 2230 1215 2279 malis
1236 2229 1456 2291 ingeniis
1481 2242 1581 2276 uon

510 2306 728 2372 potest.'
780 2308 882 2356 Sed
907 2307 992 2356 hic
1012 2306 1221 2354 disserit
1241 2305 1443 2353 Seneca
1468 2304 1580 2366 pbi-

507 2386 794 2448 losopliice,
813 2398 878 2432 ex
902 2383 1140 2431 doctrina
1164 2382 1455 2430 Stoicorum
1476 2397 1489 2439 ;
1523 2388 1580 2429 at

511 2463 633 2513 alibi
656 2478 721 2511 ex
748 2463 943 2524 vulgari
977 2475 1069 2508 usu
1092 2462 1107 2488 ‘
1134 2460 1305 2522 magni
1331 2458 1344 2479 ’
1371 2466 1424 2508 et
1447 2463 1461 2487 ‘
1489 2459 1579 2508 bo-

509 2538 565 2586 ni
588 2538 603 2561 '
639 2538 820 2600 utique
855 2542 1184 2599 separantur.
1254 2536 1325 2583 Et
1356 2535 1430 2582 sic
1467 2535 1578 2597 ipse

511 2613 625 2661 baec
652 2612 823 2674 elogia
858 2610 1120 2673 separavit
1142 2610 1344 2657 Seneca
1369 2610 1417 2657 in
1444 2611 1579 2659 Con-

509 2687 664 2736 solat.
710 2686 776 2734 ad
827 2686 1102 2746 Marciam,
1155 2699 1271 2747 cap.
1321 2690 1397 2733 16.
1453 2685 1577 2733 ‘Ti-

512 2762 809 2812 Gracchum
834 2768 889 2809 et
919 2760 1122 2821 Caium,
1159 2774 1284 2824 quos
1313 2762 1469 2808 etiam
1492 2762 1579 2824 qui

508 2837 671 2886 bonos
708 2837 843 2886 viros
875 2836 1166 2897 negaverit,
1202 2851 1417 2898 niagnos
1446 2836 1578 2887 fate·

509 2912 691 2970 bitur,‘
714 2916 812 2962 &c.
846 2913 1091 2962 Schmun.

579 2989 803 3051 Optimus
839 2987 1077 3051 princeps]
1129 2986 1335 3050 Nempe
1384 2989 1585 3048 Nerva,

512 3080 580 3115 ex
622 3065 773 3127 cujus
809 3065 1089 3127 adoptione
1121 3065 1373 3126 Trujanus
1404 3063 1578 3112 dictus

511 3148 591 3190 est
624 3142 702 3189 M.
740 3141 928 3203 Ulpius
964 3141 1141 3189 Nerva
1176 3140 1446 3202 Trajauus.
1513 3140 1576 3188 In

511 3218 800 3267 Boxhornii
826 3226 880 3266 et
906 3217 1116 3266 cellarii
1144 3217 1462 3265 editionibus
1482 3231 1579 3279 pro

511 3306 637 3340 casu
663 3291 845 3353 primo,
866 3291 1088 3353 optimus,
1106 3292 1233 3339 nrale
1257 3300 1470 3353 quartus
1488 3307 1574 3339 ex-

511 3381 662 3416 cusus
682 3375 760 3415 est
775 3370 999 3430 optimum
1014 3382 1033 3425 ‚-
1069 3367 1153 3415 ubi
1175 3381 1348 3415 omncs
1373 3367 1579 3416 codices

509 3443 642 3491 Mss.
668 3444 931 3504 ceterique
956 3443 1190 3505 impressi
1217 3451 1361 3491 recte
1386 3443 1580 3491 babent

509 3520 714 3581 optimus
760 3519 981 3582 princeps
1002 3535 1020 3577 ‚·
1077 3527 1131 3568 et
1185 3518 1299 3567 talis
1368 3518 1577 3583 quidem

510 3594 690 3644 Nerva
727 3608 821 3657 per
845 3595 1089 3655 elogium,
1121 3609 1223 3643 non
1256 3609 1351 3657 per
1387 3609 1577 3657 coguo-

510 3685 652 3731 men,
673 3669 884 3718 dicitur.
937 3670 1025 3718 Sic
1050 3670 1205 3718 etiam
1232 3671 1396 3719 codex
1421 3671 1577 3720 Salis-

513 3747 790 3811 burgensis
815 3753 869 3795 et
903 3760 1066 3807 mens,
1099 3747 1150 3795 iu
1187 3748 1436 3809 proximis
1463 3762 1578 3796 ver-

511 3824 594 3873 bis
618 3836 891 3887 perperam
915 3820 1165 3872 exhibent
1196 3828 1386 3871 senalus
1418 3824 1472 3872 iu
1492 3839 1577 3885 op·

511 3901 682 3949 timum
699 3913 899 3955 nomem·
933 3897 1021 3947 ubi
1044 3912 1221 3947 omnes
1245 3899 1430 3961 reliqui
1455 3898 1577 3947 libri

511 3977 708 4025 rectius
743 3975 936 4024 babent
968 3979 1161 4024 senatus
1195 3976 1247 4022 in
1286 3975 1471 4038 Optimi
1494 3988 1576 4023 no·

511 4067 634 4102 men.
678 4052 845 4102 Idem.

581 4128 641 4176 In
662 4126 821 4189 suum]
855 4129 1060 4177 Nomen
1088 4128 1348 4178 videlicet.
1394 4129 1576 4192 Traja-

512 4216 608 4252 uus
631 4203 767 4254 euim
790 4205 844 4254 in
868 4204 1116 4255 honorem
1155 4205 1387 4269 adoptivi
1414 4206 1576 4269 patris

1196 338 1412 387 NOTAE
1463 332 1871 384 vAmoRtJM
1925 332 2008 381 m

1658 489 1956 540 proeuomeu
1974 471 2222 524 assumsit
2240 472 2453 528 Nervn,
2466 480 2527 524 ut
2547 474 2729 525 videre

1658 553 1812 601 estin
1836 551 2075 600 nummis.
2111 550 2333 599 Puturol.

1723 628 1784 677 In
1818 625 1977 689 sumn]
2021 626 2203 676 Nerva
2243 625 2496 689 Trajsuus
2536 626 2725 678 dictus.

1655 705 1670 732 ‘
1696 706 1766 753 Et
1784 704 2060 759 Octavius,
2083 702 2363 765 adoptatus
2382 703 2433 751 iu
2460 718 2649 752 nomen
2671 712 2730 751 et

1657 778 1900 829 familiam
1926 778 2053 829 Julii
2090 777 2332 833 Caesaris.
2368 777 2524 826 Csius
2558 778 2730 830 Julius

1659 856 1835 905 Caesar
1855 854 2178 904 Octavianus
2201 853 2412 903 dictus?
2445 855 2637 904 Seuec.
2662 856 2728 904 de

1657 930 1947 992 Brev.,Vit.
1963 944 2012 979 c.
2034 933 2113 980 1⁵.
2137 929 2285 978 Suet.
2305 929 2486 978 Claud.
2507 943 2630 992 cap.
2650 934 2733 979 ³9.
2755 915 2762 930 ⁴

1658 1005 1812 1056 Galb.
1836 1020 1952 1069 cap.
1975 1009 2059 1054 17.
2123 1005 2382 1068 Vopiscus
2408 1006 2459 1054 in
2488 1004 2730 1054 Aurelia·

1656 1095 1742 1131 no.
1809 1081 1911 1130 Dio
1934 1081 1968 1129 l.
1998 1093 2152 1131 x1.v1.
2177 1081 2246 1129 de
2273 1080 2472 1143 Adopt.
2494 1081 2732 1129 Octavii.

1656 1155 1884 1219 Appian.
1904 1156 1996 1204 lib.
2018 1170 2109 1205 ιιι.
2159 1156 2432 1206 Claudian.
2456 1157 2507 1205 in
2527 1156 2730 1205 Houor.

1657 1239 1672 1259 ‘
1696 1231 1748 1279 in
1774 1245 1959 1281 nomeu
1986 1231 2231 1281 Romanis
2256 1230 2411 1281 rebus
2436 1232 2732 1296 adoptans!

1657 1308 1813 1358 Bern.

1724 1383 1939 1447 Definiee
1959 1383 2300 1448 distincteque]
2342 1383 2561 1432 Plurimi
2586 1384 2730 1435 codi-

1657 1473 1744 1509 ces
1785 1460 1916 1508 Mss·
1948 1459 2183 1508 ordinem
2229 1460 2408 1508 borum
2454 1460 2732 1509 adverbio-

1659 1549 1771 1583 rum
1808 1536 1883 1584 sic
1928 1535 2216 1591 invertunt,
2252 1535 2481 1584 distincte
2510 1535 2732 1599 affluite·

1655 1629 1778 1678 que5
1812 1615 1905 1664 sed
1937 1615 2138 1663 retineo
2171 1612 2409 1663 ordinem
2437 1615 2492 1662 iu
2529 1616 2729 1663 ceteris

1657 1691 1801 1739 libris
1828 1691 2116 1754 vulgatum,
2134 1704 2250 1739 cum
2275 1697 2331 1739 et
2350 1689 2537 1739 Cicero
2561 1691 2623 1740 iis
2645 1705 2733 1739 eo-

1659 1765 1776 1814 dem
1801 1766 1982 1815 ordine
2000 1780 2121 1815 usns
2144 1766 2231 1824 sit,
2251 1765 2301 1815 in
2328 1765 2480 1815 Orat.
2502 1781 2623 1829 cap.
2647 1772 2730 1816 29.

1658 1849 1673 1871 ‘
1695 1843 1795 1894 Qui
1823 1842 1949 1891 nihil
1985 1849 2159 1906 potest
2188 1841 2423 1901 definite,
2457 1842 2732 1899 distincte.

1658 1916 1852 1973 facete,
1876 1917 2089 1967 dicere.’
2152 1917 2214 1965 In
2241 1917 2496 1966 nonnullis
2531 1918 2732 1967 codici-

1659 1991 1756 2042 bus
1781 1994 1911 2042 Mss.
1934 2001 1991 2043 et
2013 1991 2158 2041 libris
2190 1994 2480 2055 antiquitus
2513 1994 2731 2056 impres-

1658 2069 1746 2125 sis,
1773 2084 1865 2130 pro
1894 2084 2036 2118 more
2061 2068 2218 2118 medii
2245 2069 2341 2118 aevi
2365 2070 2624 2132 scriptum
2648 2078 2733 2119 est

1656 2146 1860 2210 diffinite
1874 2162 1896 2203 ,·
1948 2146 2041 2195 sed
2089 2145 2355 2209 sequimur
2410 2146 2728 2208 scripturam

1659 2222 2007 2270 usitatiorem.
2072 2222 2167 2270 Est
2203 2235 2325 2269 vero
2344 2221 2562 2286 «infinite,
2589 2223 2731 2286 quod

1659 2297 1812 2358 vulgo
1839 2296 2035 2346 dicitur
2058 2304 2073 2326 ‘
2097 2295 2383 2359 expresse.'
2415 2297 2669 2346 Salem-2.

1726 2372 2000 2436 Optimum]
2057 2372 2283 2435 Propria
2336 2386 2397 2421 ac
2440 2374 2734 2435 peculiaria

1656 2448 1771 2497 Deo
1817 2448 2006 2512 cuique
2050 2447 2394 2511 cognomiua3
2445 2448 2564 2499 baec
2604 2450 2730 2501 Jovi

1656 2526 1968 2590 Capitolino.
2004 2524 2199 2574 Arnob.
2227 2524 2431 2575 advers.
2456 2526 2618 2575 Gent.
2644 2528 2734 2577 lib.

1655 2617 1695 2651 1.
1713 2604 1951 2655 Laetam.
1976 2603 2212 2653 Institut.
2235 2604 2362 2652 Div.
2376 2616 2415 2651 1.
2433 2607 2514 2651 10.
2537 2604 2554 2630 ‘
2572 2602 2735 2667 Opti·

1656 2680 1724 2728 mi
1771 2680 1933 2742 prius,
1975 2680 2098 2743 quia
2131 2679 2293 2742 majus
2335 2685 2436 2740 est,
2475 2688 2730 2745 certeque

1655 2758 1855 2821 gratius
1880 2757 2116 2806 omnibus
2137 2756 2404 2819 prodesse,
2420 2772 2575 2820 quam
2598 2772 2732 2820 opes

1655 2835 1906 2883 maximas
1944 2833 2173 2884 habere!
2240 2834 2352 2884 Cic.
2394 2832 2520 2882 Nat.
2557 2834 2733 2883 Deor.

1654 2909 1745 2959 lib.
1765 2924 1805 2959 r.
1827 2916 1842 2938 ‘
1867 2910 2081 2959 Maximi
2099 2908 2113 2931 ’
2138 2908 2348 2964 deinde,
2372 2909 2497 2973 qnia
2510 2911 2732 2972 opulen-

1658 2993 1737 3034 tos
1772 2988 2115 3051 copiososque
2148 2987 2318 3035 salvos
2353 2994 2411 3035 et
2440 2986 2731 3036 incolumes

1655 3060 1835 3111 efficit.
1870 3062 2025 3110 Rern.

1724 3136 2051 3199 Frugalitate]
2070 3137 2087 3165 ‘
2104 3137 2265 3185 Bonae
2285 3134 2604 3186 valetudinis
2620 3153 2732 3187 rna·

1656 3211 1772 3274 tre,’
1795 3222 1855 3261 ut
1880 3212 2119 3261 Valerius
2141 3213 2370 3276 loquitur
2391 3224 2456 3261 11.
2472 3216 2523 3260 5.
2549 3213 2617 3260 de
2639 3213 2730 3261 Pi-

1654 3288 1790 3335 sonis
1815 3288 2151 3337 abstinentia.
2216 3287 2367 3337 Idem
2389 3302 2467 3338 lv.
2490 3292 2638 3338 3-10.
2675 3290 2729 3338 1·

1652 3367 1774 3413 dem.

1719 3441 1945 3504 Pisones]
1997 3440 2073 3490 Ut
2113 3442 2425 3505 Calpurnius
2464 3444 2614 3507 Piso,
2658 3445 2726 3494 de

1653 3531 1755 3580 quo
1779 3517 1893 3566 Val.
1918 3517 2063 3566 Max.
2084 3522 2224 3567 uns.
2251 3522 2333 3567 10.
2352 3526 2410 3568 et
2435 3519 2579 3570 Pliu.
2600 3521 2732 3571 Nat.

1655 3592 1794 3641 Hist.
1819 3606 2033 3642 xxxin.
2056 3598 2104 3643 2.
2144 3595 2369 3644 Putat-01.

1716 3669 1885 3731 Laelii]
1923 3670 1986 3719 C.
2010 3671 2196 3721 Laelius
2222 3677 2435 3721 vocatus
2456 3677 2544 3721 est
2565 3686 2596 3721 s
2623 3674 2731 3723 Ro·

1650 3745 1815 3794 manis
1833 3746 2085 3808 Sapiens;
2122 3747 2263 3810 quia,
2300 3761 2419 3796 cum
2454 3748 2731 3811 corrigere

1653 3821 1812 3870 vellet
1837 3821 2093 3885 quendam
2115 3821 2329 3871 abusum
2353 3822 2731 3889 Romanorum,

1654 3895 1841 3960 quibus
1864 3895 2238 3946 excolebantur
2273 3896 2420 3947 fundi
2453 3899 2523 3947 ab
2547 3914 2726 3963 ergas-

1655 3972 1778 4019 tulis
1804 3971 2035 4020 barbaris
2053 3972 2284 4035 expulsis
2309 3973 2534 4030 civibus.
2557 3975 2725 4027 desti-

1654 4048 1720 4097 tit
1758 4051 2013 4100 tumultus
2052 4062 2220 4109 metu,
2261 4065 2413 4115 quem
2458 4054 2729 4104 excitave-

1653 4135 1772 4176 rant
1822 4136 2079 4191 potentes.
2170 4128 2489 4177 Plutarchus
2542 4131 2593 4178 iu
2644 4133 2730 4181 Ti.

1653 4202 1909 4255 Graccho.
1973 4207 2060 4256 De
2090 4204 2187 4255 boc
2221 4205 2335 4268 ipso
2369 4205 2538 4256 Laelio
2562 4209 2727 4272 pluri·
