3060 4902
525 374 658 441 556

532 532 773 599 precari‚'
804 532 854 580 in
890 528 1042 580 simili
1080 543 1137 577 re
1171 533 1290 576 usus
1320 531 1398 575 est
1422 526 1598 575 Latin.

529 612 718 660 Pacat.
743 621 930 657 xxvu.
959 609 1006 653 l.
1037 612 1051 634 ⁴
1079 604 1211 666 Est,’
1246 604 1430 667 inquit,
1463 604 1478 630 ‘
1506 603 1598 650 im-

531 688 811 753 proborum
833 683 1121 746 principum
1142 687 1403 745 postrema
1421 676 1599 726 defeu-

531 767 630 824 sio‚
655 796 669 810 .
688 798 701 812 .
723 798 734 810 .
762 760 1006 809 invidiam
1032 757 1325 821 rapinarum
1344 754 1599 816 magnitu-

530 842 651 890 dine
690 851 956 887 munerum
996 832 1305 898 deprecari!
1367 832 1600 893 Spartia-

531 930 629 966 nus
668 915 720 963 iu
759 911 927 962 Hadr.
965 925 1012 958 c.
1046 913 1095 958 7.
1141 910 1155 935 ⁴
1185 907 1498 962 Hadrianus,
1535 905 1601 954 ad

533 989 974 1054 comprimendam
1002 986 1068 1034 de
1094 1000 1150 1034 se
1175 983 1456 1043 infamiam,
1480 997 1600 1031 cou-

534 1070 752 1132 giarium
787 1066 983 1128 duplex
1017 1076 1242 1126 pra-sens
1283 1062 1473 1122 populo
1510 1059 1602 1108 de-

533 1145 651 1195 dit!
705 1146 776 1194 Et
802 1144 917 1206 quis
941 1154 1118 1190 omnes
1145 1138 1452 1187 variationes
1477 1152 1599 1186 enu-

534 1222 732 1271 meret?
773 1221 920 1268 Idem.

604 1293 1073 1356 Amen-eisarnam]
1093 1295 1167 1343 Ut
1182 1287 1349 1346 Nero,
1365 1291 1470 1356 qui,
1484 1290 1602 1340 sub-

533 1375 641 1423 lato
675 1374 995 1427 Britannico.
1036 1373 1051 1399 ⁸
1078 1370 1374 1434 potissimos
1415 1369 1604 1416 amico-

535 1466 649 1501 rum
672 1451 949 1515 largitione
970 1447 1153 1509 auxit,’
1174 1447 1248 1495 ait
1270 1446 1439 1494 Tacit.
1469 1445 1604 1493 Anu.

537 1541 670 1578 xm.
697 1532 775 1576 18.
800 1533 857 1575 et
880 1535 894 1556 ⁸
920 1532 1036 1588 post
1066 1524 1259 1573 caedem
1294 1522 1491 1578 matris,
1516 1520 1606 1568 do-

536 1606 734 1662 nativa,
758 1603 1041 1667 congiaria,
1069 1600 1218 1649 ludos
1256 1599 1415 1653 dedit,
1449 1597 1606 1661 frige-

538 1682 700 1731 rando
726 1681 953 1729 rumori.’
987 1680 1117 1739 Lips.

610 1756 833 1821 Culpam]
870 1755 943 1803 Ut
982 1755 1146 1813 Nero,
1183 1753 1290 1816 qui.
1331 1756 1450 1814 post
1489 1750 1606 1799 Bri-

541 1835 732 1885 tannici
768 1833 987 1894 caedcm,
1008 1830 1283 1893 largitione
1314 1829 1608 1890 potissimos

541 1912 821 1960 amicornm
863 1909 1023 1962 auxit,
1053 1910 1153 1955 διο.
1224 1906 1606 1954 Necessitatem

542 1986 824 2035 adhibitam
859 1982 1141 2033 credebant
1163 1997 1192 2030 a
1218 1980 1471 2044 principe,
1495 1994 1606 2028 sce-

540 2062 663 2110 leris
688 2061 780 2109 sibi
804 2059 1026 2115 conscio,
1045 2065 1097 2106 et
1121 2056 1321 2105 veniam
1345 2064 1607 2119 sperante,

540 2139 584 2188 si
624 2136 984 2200 largitionibus
1023 2133 1393 2183 validissimum
1431 2147 1608 2196 quem-

541 2229 644 2277 que
692 2213 1071 2262 obstrinxisset.
1153 2210 1369 2258 Tacitus
1416 2209 1606 2259 Annal.

541 2288 673 2340 1111.
696 2295 775 2340 18.
815 2290 1029 2337 Puturol.

605 2364 867 2416 Alimeutis
895 2363 1250 2426 crudelitatem]
1296 2360 1519 2410 Solenne
1557 2359 1608 2407 id

543 2432 885 2507 principibus,
906 2448 919 2471 ⁸
940 2440 1163 2504 sepelire
1185 2437 1442 2487 infamiam
1465 2451 1610 2486 suam

545 2520 759 2582 pulvere
796 2516 990 2565 aureo.’
1054 2518 1142 2565 Sic
1177 2519 1193 2543 ¹
1221 2517 1364 2565 Nero
1399 2513 1611 2563 sceleris

545 2594 641 2643 sibi
679 2593 931 2652 conscius,
955 2599 1007 2639 et
1038 2593 1237 2640 veniam
1275 2605 1490 2653 sperans
1515 2591 1612 2638 lar-

541 2670 828 2733 gitionibus
853 2668 1215 2716 validissimum
1241 2681 1495 2731 quemque
1521 2668 1612 2715 ob-

548 2743 800 2805 strinxit,'
830 2744 998 2792 Tacit.
1037 2740 1175 2791 Anu.
1213 2743 1340 2790 xn't.
1363 2746 1441 2791 18.
1474 2742 1610 2790 ‘Ha-

546 2816 759 2871 drianus
776 2819 839 2868 ad
858 2809 1295 2881 comprimendam
1317 2817 1382 2866 (le
1401 2831 1457 2866 se
1483 2817 1609 2866 infa-

546 2900 698 2947 miam
720 2896 1035 2960 congiarium
1060 2894 1252 2957 duplex
1278 2909 1506 2957 praesens
1528 2909 1614 2956 po·

545 2975 671 3037 pulo
705 2971 885 3035 dedit,'
921 2971 1187 3035 Spartian.
1213 2969 1467 3019 Hadrian.
1491 2984 1540 3018 c.
1563 2974 1612 3019 7.

549 3052 699 3102 Ber-n.

617 3127 959 3174 Crudelitatem
993 3124 1263 3186 redemisti]
1311 3123 1379 3171 H.
1415 3139 1459 3173 e.
1501 3123 1613 3171 nul-

545 3201 646 3250 lam
686 3203 912 3265 culpam,
937 3201 1132 3249 nullum
1165 3198 1359 3248 factum
1384 3198 1617 3261 crudele,

548 3278 831 3339 congiario,
869 3277 1082 3339 aliisque
1127 3276 1446 3333 muneribus,
1487 3290 1615 3339 pen·

548 3368 684 3417 sare,
704 3362 759 3401 et
789 3356 932 3403 velut
965 3353 1199 3416 expiare,
1225 3367 1431 3403 necesse
1456 3352 1614 3403 habu-

546 3429 654 3479 isti.
687 3430 702 3457 ‘
720 3427 1019 3478 Redimere'
1044 3427 1264 3478 dicimur
1284 3428 1495 3493 aliquid,
1513 3443 1613 3478 non

548 3506 711 3556 solum
735 3507 775 3554 si
801 3505 1108 3569 simpliciter
1134 3519 1241 3553 rem
1272 3506 1502 3561 emimus,
1529 3513 1619 3554 aut

550 3596 680 3644 rem,
704 3596 817 3643 quae
842 3589 997 3629 antea
1018 3578 1117 3628 fuit
1140 3588 1333 3635 nostra,
1358 3579 1525 3629 denuo
1553 3581 1618 3630 ab

551 3659 653 3707 alio
685 3658 931 3715 emimus3
966 3654 1057 3704 sed
1092 3656 1270 3717 etiarn,
1300 3657 1342 3704 si
1378 3654 1519 3718 quid,
1543 3656 1618 3705 in-

551 3732 876 3782 terveniente
914 3731 1155 3793 pecunia,
1184 3738 1273 3780 aut
1309 3732 1422 3780 aliis
1448 3732 1619 3786 rebus,

552 3819 964 3869 compensamus,
998 3805 1072 3855 ita
1109 3806 1335 3868 quidem,
1361 3814 1419 3856 ut
1454 3805 1496 3855 si
1535 3822 1618 3856 res

549 3885 760 3949 ingrata
789 3882 968 3937 fuerit,
991 3897 1055 3931 ea
1084 3885 1405 3949 emendetur,
1432 3898 1617 3948 purge-

551 3968 657 4013 tur.
702 3958 959 4022 expietur,
1001 3964 1287 4021 avertatur,
1328 3959 1620 4021 aboleatur,

549 4038 708 4101 atque
739 4035 1077 4097 obliteretur;
1110 4036 1185 4085 sin
1212 4043 1382 4100 grata,
1406 4043 1463 4086 ut
1492 4038 1620 4087 libc-

553 4123 719 4179 retur,
737 4119 1094 4175 recuperetur,
1116 4126 1179 4162 ac
1200 4120 1454 4163 servetur.
1502 4114 1620 4163 Pri-

552 4192 655 4240 oris
688 4190 892 4254 generis
924 4190 1219 4253 exemplum
1251 4191 1305 4242 h.
1328 4191 1362 4240 l.
1387 4191 1623 4255 suggerit

553 4260 774 4319 Plinius.
841 4264 946 4319 sed
980 4273 1040 4319 et
1068 4267 1156 4318 alii
1185 4267 1397 4333 optime
1427 4267 1622 4320 Latini·

1219 383 1438 433 NOTAE
1490 379 1901 429 vAmoRUM
1954 379 2034 426 ΙΝ

1674 524 1799 573 tatis
1844 530 2086 571 auctores
2126 520 2202 570 ita
2245 519 2553 584 loquuntur3
2603 532 2654 567 v.
2694 530 2750 581 g.

1674 600 1786 649 Cic.
1827 598 2010 648 Famil.
2043 610 2108 647 tr.
2134 602 2215 646 16.
2248 600 2264 625 ‘
2291 597 2454 647 Nulla
2487 604 2567 644 est
2600 607 2746 657 acer,-

1674 676 1830 731 bitas,
1857 711 1871 724 .
1895 710 1909 724 .
1933 709 1947 723 .
1971 691 2123 740 qnam
2150 675 2357 740 quidem
2380 688 2476 737 ego
2501 689 2531 722 a
2554 674 2747 735 repub·

1675 756 1774 803 lica
1813 754 1941 802 meis
1985 754 2198 816 privatis
2240 761 2295 801 et
2332 750 2628 799 domesticis
2668 751 2750 797 in·

1673 831 1954 897 commodis
1986 843 2087 877 non
2119 829 2474 877 lubentissime
2501 826 2749 875 redemis-

1675 906 1822 956 sem.’
1891 907 2117 955 Plancus
2150 919 2236 968 ap.
2266 905 2381 954 Cic.
2406 904 2593 952 Famil.
2618 916 2675 951 x.
2698 907 2749 952 8.

1671 984 1687 1011 ‘
1708 984 1823 1032 Non
1849 984 1984 1032 enirn
2007 983 2330 1050 praeteritam
2354 980 2557 1042 culpam
2580 979 2749 1027 videri

1678 1063 1795 1109 volo
1815 1057 2128 1109 redemisse.'
2196 1048 2330 1106 ven.
2354 1070 2415 1106 ιι.
2440 1060 2521 1105 87·-
2542 1057 2558 1082 ‘
2584 1055 2752 1105 Anto·

1677 1138 1790 1206 nius
1823 1149 1878 1184 se
1915 1137 2028 1199 ipse
2061 1150 2163 1202 non
2200 1135 2432 1196 segniter
2464 1133 2751 1188 interemit.

1678 1213 1829 1273 adeo,
1854 1220 1912 1261 ut
1932 1212 2095 1261 multa
2119 1210 2336 1260 desidiae
2370 1209 2585 1259 crimina
2613 1224 2752 1258 mor·

1677 1297 1728 1338 te
1765 1287 2082 1337 redimeret.’
2146 1287 2317 1335 Tacit.
2350 1284 2530 1348 Agric.
2561 1298 2676 1347 cap.
2699 1289 2753 1332 6.

1677 1374 1692 1395 ⁸
1717 1365 2044 1430 Quamquam
2070 1363 2348 1428 proconsul
2378 1395 2391 1410 .
2418 1394 2432 1410 .
2459 1395 2472 1409 .
2497 1362 2755 1426 quantali-

1679 1445 1771 1493 bet
1806 1443 2064 1493 facilitate
2100 1441 2426 1489 redemturus
2464 1447 2607 1487 esset
2639 1453 2751 1487 mu-

1680 1527 1820 1570 tuam
1845 1519 2307 1568 dissimulationem
2331 1514 2488 1565 mali!
2549 1517 2755 1565 Seneca

1680 1595 1806 1645 Nat.
1825 1595 2025 1645 Quaest.
2044 1607 2080 1641 1.
2104 1596 2183 1641 17.
2217 1599 2230 1620 ⁴
2250 1592 2476 1641 Inventa
2493 1598 2614 1642 sunt
2636 1605 2756 1655 spe-

1679 1671 1815 1732 cula,
1853 1677 1911 1718 ut
1948 1670 2100 1717 homo
2137 1669 2250 1731 ipse
2284 1684 2337 1717 se
2373 1676 2635 1718 nosceret.
2661 1703 2676 1718 .
2701 1703 2714 1716 .
2743 1703 2757 1716 .

1680 1738 1978 1812 Formosus,
2014 1755 2071 1796 ut
2108 1748 2300 1797 vitaret
2333 1746 2629 1807 infamiamg
2666 1747 2757 1796 de·

1679 1826 1880 1883 formis,
1918 1833 1973 1874 ut
2020 1825 2198 1887 sciret,
2242 1817 2597 1874 redimendum
2639 1839 2757 1873 esse

1681 1901 1979 1963 virtutibus,
2004 1900 2253 1964 quicquid
2276 1901 2483 1961 corpori
2507 1898 2758 1950 deesset.'

1680 1978 1881 2026 Seneca
1919 1976 2131 2023 Rhetor.
2157 1973 2318 2023 Praef.
2347 1988 2425 2023 ιν.
2448 1974 2591 2039 Epit.
2618 1977 2755 2025 Con-

1683 2060 1904 2101 trovers.
1936 2058 1950 2080 ‘
1972 2050 2287 2100 Redimebat
2309 2058 2485 2100 tamen
2507 2051 2632 2100 vitia
2655 2052 2759 2100 vir-

1683 2127 1918 2189 tutibus,'
1943 2128 1978 2177 i.
2003 2142 2050 2176 e.
2077 2126 2335 2190 pensabat
2369 2133 2460 2176 aut
2494 2127 2763 2190 expiabat.

1683 2207 1766 2255 Sic
1783 2207 1935 2269 plane
1951 2204 2179 2268 loquitur
2194 2203 2330 2252 idem
2343 2204 2537 2253 Seneca
2551 2204 2762 2253 Suasor.

1684 2298 1765 2332 τι.
1804 2285 1819 2311 ‘
1847 2282 1903 2330 Si
1945 2281 2059 2343 quis
2097 2288 2271 2328 tamen
2318 2279 2596 2329 virtutibus
2631 2281 2761 2329 vitia

1684 2359 1936 2423 pensarit,
1951 2359 2139 2407 Cicero
2157 2358 2236 2405 vir
2248 2370 2635 2419 magnus,acer‚
2652 2372 2763 2406 me.-

1685 2435 1946 2485 morabilis
1978 2433 2109 2483 fuit)
2180 2433 2331 2484 Addo
2365 2432 2534 2482 adhuc
2560 2433 2764 2485 Jusu'n.

1689 2528 1767 2562 vt.
1792 2517 1837 2560 l.
1872 2520 1885 2541 ⁴
1913 2513 2217 2574 Indignum,
2249 2511 2385 2560 bella
2421 2525 2521 2560 non
2560 2511 2761 2574 perfici,

1684 2589 1778 2638 sed
1823 2587 2039 2649 redimi;
2073 2589 2270 2637 hostem
2312 2589 2504 2650 pretio,
2538 2603 2640 2638 non
2680 2604 2761 2637 ar·

1687 2669 1803 2729 mis,
1818 2664 2151 2715 submoveri.'
2195 2664 2427 2714 Alterius
2444 2666 2650 2727 generis
2670 2680 2761 2713 ex-

1689 2745 1912 2807 emplum
1946 2758 2074 2807 cape
2114 2758 2143 2792 e
2173 2744 2284 2792 Cic.
2307 2757 2400 2805 pro
2422 2742 2585 2802 Sulla,
2606 2756 2654 2790 c.
2679 2747 2762 2791 11.

1688 2822 1703 2848 ‘
1727 2823 1838 2883 Ego
1875 2821 2031 2868 vitam
2069 2821 2296 2868 omnium
2329 2818 2536 2876 civium,
2563 2826 2763 2868 statum

1688 2899 1830 2946 orbis
1853 2905 2025 2957 terrie,
2042 2896 2219 2945 urbem
2242 2896 2369 2944 lianc
2395 2894 2642 2959 denique,
2666 2927 2682 2941 .
2708 2929 2723 2943 .
2747 2932 2761 2946 .

1689 2975 1914 3037 quinque
1948 2972 2208 3022 hominum
2243 2972 2521 3021 amentium
2554 2986 2614 3019 ac
2644 2987 2763 3034 per-

1689 3051 1914 3099 ditorum
1948 3064 2100 3114 poena
2130 3047 2365 3109 redemi,’
2389 3048 2424 3096 i.
2445 3063 2492 3097 e.
2519 3048 2765 3107 liberavi,

1690 3135 1744 3175 et
1763 3128 1997 3175 servavi:
2026 3128 2150 3175 item
2172 3139 2200 3173 e
2218 3125 2403 3187 Virgil.
2420 3124 2530 3173 AEu.
2549 3138 2627 3174 vt.
2653 3129 2763 3174 121.

1690 3203 1705 3229 ‘
1733 3204 1786 3253 Si
1813 3202 2031 3252 fratrem
2058 3202 2246 3250 Pollux
2271 3193 2470 3249 alterna
2491 3210 2658 3250 morte
2682 3216 2764 3250 re-

1690 3279 1888 3330 demit)
1945 3279 2106 3327 Mitto
2131 3279 2292 3327 multo
2316 3278 2461 3342 plura
2483 3279 2727 3341 exempla
2744 3295 2759 3326 ς

1691 3371 1755 3405 ex
1795 3356 1872 3405 liis
1914 3360 2091 3403 tamen
2134 3353 2374 3403 omnibus
2417 3351 2571 3401 facile
2612 3361 2766 3416 patet

1689 3430 1806 3481 fons
1847 3429 2187 3493 metapliorae‚
2225 3442 2412 3491 nempe
2450 3436 2510 3478 ut
2548 3429 2762 3493 ubique,

1692 3509 1835 3557 velut
1868 3507 2167 3555 interventu
2201 3505 2373 3567 pretii,
2394 3513 2483 3553 aut
2515 3519 2764 3569 compen*-

1691 3583 1905 3633 sationis
1931 3583 2167 3644 aliquns‚
2186 3594 2265 3628 res
2290 3581 2509 3642 ingratae
2532 3588 2588 3629 et
2608 3582 2764 3631 malae

1690 3660 1973 3717 tollantur3
2008 3666 2059 3706 at
2080 3671 2161 3706 res
2181 3662 2344 3720 gratae
2366 3665 2765 3719 recuperentur,

1692 3745 1746 3786 et
1771 3743 2060 3785 serventur.
2095 3735 2338 3784 Schmun.

1762 3811 2045 3874 Obligatus]
2079 3811 2125 3860 1.
2161 3826 2208 3860 e.
2232 3809 2508 3858 devinctus
2531 3812 2765 3872 gratuito

1692 3888 1960 3954 impendio
1984 3888 2227 3951 Trajani3
2262 3900 2366 3935 non
2391 3894 2653 3949 exoratus,
2668 3896 2766 3939 aut

1691 3967 1834 4033 quasi
1860 3964 2100 4014 mercede
2122 3963 2431 4026 conductus,
2454 3970 2513 4012 ut
2553 3962 2650 4012 tibi
2676 3978 2764 4012 ve-

1693 4045 1830 4093 niam
1857 4043 2075 4106 alicujus
2100 4040 2287 4104 culpae,
2320 4046 2565 4103 tanquam
2604 4038 2766 4092 bene·

1692 4122 1867 4173 ficium
1894 4118 2174 4184 quoddam,
2196 4117 2364 4167 daret.
2400 4116 2551 4167 Idm.
2736 4153 2755 4159 .,

1757 4200 1803 4248 Δ
1829 4197 2056 4247 tribunali
2085 4195 2190 4259 tuo]
2225 4193 2477 4244 Tribunal
2499 4198 2618 4243 erat
2639 4209 2765 4258 sug-

1696 4280 1875 4340 gestus
1897 4274 2052 4339 altus,
2072 4278 2129 4323 et
2150 4271 2369 4336 amplus,
2394 4270 2539 4337 isque
2561 4285 2592 4322 e
2614 4271 2769 4322 tabu-
