3060 4902
755 346 819 393 C.
870 338 1115 390 emm!
1167 331 1499 384 snouan
1556 329 1824 378 PANBG.

318 495 385 546 iis
412 505 542 557 quas
579 501 788 550 semper
820 483 1055 534 intellexi
1088 482 1141 532 in
1164 487 1217 530 te
1242 479 1386 539 sitas,

321 572 454 622 Fide
469 576 526 617 et
552 560 952 616 taciturnitate-¹
985 559 1068 609 Ad
1089 573 1203 622 quae
1231 556 1390 605 verba

318 651 598 700 Donatus:
643 645 658 672 ‘
676 643 777 692 Ars
815 639 909 689 ἀπὸ
938 639 1026 695 τῆς
1054 637 1220 700 ἀρετῆς
1249 633 1392 682 dicta

322 739 422 791 per
455 735 755 788 syncopam.
819 715 987 781 Ἀρετὴ
1031 724 1205 762 autem
1239 712 1394 761 virtus

322 802 443 852 est-¹
510 798 676 849 Sicuti
713 810 834 846 vero
861 792 1136 844 Terentius
1164 790 1227 838 ad
1254 794 1392 837 artes

324 877 494 929 refert
522 876 761 933 virtutes,
800 872 953 921 fidem
979 882 1166 930 nempe
1191 874 1243 915 et
1267 865 1394 914 taci-

328 955 633 1004 turnitatem
658 966 673 1013 ς
699 950 774 999 ita
807 950 904 998 ltoc
938 947 1051 995 loco
1075 943 1275 993 Plinius
1302 954 1396 1003 per

326 1030 540 1081 ‘artes'
577 1026 827 1089 intelligit
871 1024 1091 1073 maxime
1133 1016 1394 1068 fortitudi-

327 1122 449 1158 nem
473 1112 529 1155 et
558 1104 884 1160 industriam,
917 1101 1025 1148 sive
1065 1098 1222 1146 vitam
1259 1094 1396 1143 labo·

328 1188 520 1236 riosam
542 1201 556 1243 ;
580 1197 732 1247 quam
758 1178 989 1243 inprimis
1010 1173 1231 1224 venandi
1259 1171 1398 1220 navi·

330 1261 595 1327 gandique
635 1257 809 1307 studio
853 1252 1081 1318 prodidit
1125 1250 1399 1311 Trajanus.

333 1338 478 1388 Quas
519 1343 656 1385 artes
698 1334 856 1382 etiam
899 1342 1053 1390 supra
1088 1324 1402 1386 designavit,

332 1425 538 1464 Lxxxt.
560 1414 610 1458 2.
651 1409 781 1458 ‘his
815 1406 1011 1453 artibus
1045 1400 1206 1450 futuri
1241 1398 1400 1447 duces

331 1483 742 1539 imbuebantur-³
781 1483 1024 1532 Ceterum
1049 1478 1257 1527 codices
1277 1475 1405 1524 Mss-

282 1623 289 1630 .
334 1565 624 1614 Vaticanus
675 1563 822 1610 3461.
893 1553 1406 1617 Guelpberbytanus,

336 1636 769 1701 salisburgensis,
808 1640 860 1682 et
901 1646 1069 1691 meus,
1105 1643 1201 1691 pro
1249 1625 1406 1675 verbo

338 1719 630 1782 composito
669 1713 968 1771 inclaruisse,
1004 1708 1254 1757 exhibent
1289 1704 1409 1752 sim·

341 1799 464 1866 plex
490 1797 733 1846 claruisse.
800 1794 1015 1842 Sueton.
1034 1788 1099 1836 de
1121 1788 1408 1836 Grammat.

337 1890 460 1938 cap.
505 1877 582 1924 17.
621 1873 637 1900 ‘
662 1870 899 1919 Valerius
936 1866 1152 1914 Flaccus
1189 1857 1410 1908 docendi

342 1965 537 2015 genere
562 1948 782 1998 maxime
809 1942 1047 1993 inclaruit
1068 1938 1099 2000 ς’
1121 1950 1411 2003 quanquam

343 2034 403 2077 et
441 2026 514 2075 ibi
553 2012 762 2088 qnidam
797 2018 1004 2069 codices
1038 2016 1283 2072 habeant,
1315 2014 1411 2061 cla·

342 2102 467 2153 rsit.
520 2101 690 2151 Tacit.
721 2097 911 2148 Annal.
946 2107 1050 2142 xu.
1073 2096 1153 2139 8⁷.
1190 2097 1204 2118 ⁸
1229 2089 1414 2152 Neque

345 2193 464 2230 mea
491 2177 719 2232 fortuna,
754 2188 920 2237 neque
951 2179 1041 2220 tua
1067 2167 1232 2233 gloria
1252 2165 1416 2214 incla-

345 2254 572 2307 ruisset:
606 2252 709 2303 Sed
734 2253 814 2300 hic
830 2249 985 2298 etiam
1012 2243 1236 2307 simplici
1260 2241 1417 2289 verbo

348 2333 537 2399 passim
574 2330 775 2389 utitur;
810 2341 861 2374 v.
897 2339 948 2387 g.
982 2322 1071 2371 ‘Is
1108 2333 1313 2383 quoquo
1342 2314 1417 2364 fa·

349 2410 531 2462 cinore
587 2419 840 2472 properus
885 2404 1175 2451 clarescere
1220 2391 1421 2459 coepit.'

351 2486 599 2538 Schmun-z.

422 2564 528 2612 Ista
581 2561 720 2609 ludus
766 2562 814 2607 et
865 2556 1218 2604 avocamentum
1259 2546 1424 2610 huius]

353 2639 653 2690 Pronomen
694 2636 792 2682 ista
836 2644 935 2679 non
976 2627 1158 2688 ἄμέσως
1199 2624 1424 2673 referen-

355 2716 481 2766 dum
510 2721 590 2763 est
621 2712 683 2760 ad
711 2722 867 2759 voces
892 2706 1171 2770 proximas,
1207 2702 1283 2751 his
1303 2700 1424 2749 arti·

356 2792 459 2847 bus,
502 2788 593 2838 sed
636 2786 700 2834 ad
743 2790 906 2834 totam
942 2779 1272 2831 sententiam,
1310 2789 1426 2838 quae

357 2870 706 2933 precesserat
725 2859 790 2908 de
809 2853 1269 2908 exercitationibus
1291 2852 1429 2899 labo·

359 2942 681 3002 riosissimis,
711 2937 919 3002 quibus,
956 2948 1046 2982 seu
1083 2933 1134 2980 in
1168 2929 1431 2978 montibus

360 3017 622 3078 venando,
644 3029 733 3062 seu
760 3013 809 3060 in
846 3010 975 3059 mari
1011 3005 1319 3068 navigando,
1342 3017 1431 3051 ex-

361 3095 640 3146 ercebatur
661 3090 936 3153 Trajanus.
1009 3087 1129 3134 Cum
1164 3084 1260 3131 sint
1296 3082 1435 3131 ludus

363 3171 519 3232 nudus.
555 3170 588 3217 i.
614 3183 662 3217 e.
700 3164 931 3227 OE‘rajaui,
971 3161 1219 3225 principis
1253 3156 1434 3206 nostri.

366 3249 536 3300 Ludus
565 3245 691 3294 alias
729 3239 1015 3305 generatim
1052 3236 1266 3295 dicitnr,
1288 3233 1436 3297 quid·

367 3325 492 3391 quid
516 3323 575 3373 fit
600 3321 757 3370 animi
782 3316 1120 3380 corporisque
1146 3308 1438 3371 recreandi,

368 3404 729 3465 seriorumque
759 3397 992 3446 laborum
1018 3394 1191 3456 quiete
1217 3388 1438 3454 quadam

367 3476 872 3544 distinguendorum,
906 3484 1107 3519 caussa.
1175 3467 1262 3516 Ita
1307 3466 1441 3512 ‹lici-

370 3571 488 3609 mur
511 3557 643 3616 alea,
676 3551 799 3615 pila,
838 3547 1055 3605 facetiis,
1093 3543 1325 3593 versibus
1361 3542 1439 3589 lu·

372 3635 518 3685 dere.
554 3631 673 3681 Huc
699 3627 965 3693 pertinent
995 3622 1152 3671 etiam
1179 3620 1284 3668 ludi
1306 3632 1446 3667 cam-

374 3717 602 3776 pestres,
623 3708 733 3755 sive
758 3698 1162 3752 exercitationes
1185 3697 1236 3744 in
1262 3707 1446 3758 campo

376 3786 596 3843 Martio,
619 3784 741 3831 item
768 3779 1087 3836 venationes,
1114 3772 1446 3836 piscationes,

376 3873 435 3917 et
468 3863 657 3913 similia
694 3856 906 3920 negotia
941 3852 1287 3918 jucundiora3
1330 3863 1448 3913 quas

379 3940 446 3993 ad
465 3936 664 3989 ‘ludos’
684 3933 868 3985 referri
886 3937 1119 3994 possunt.
1148 3929 1235 3978 Sic
1253 3927 1364 3976 Cic.
1384 3924 1450 3974 de

381 4015 538 4069 Offic.
577 4030 614 4063 ι.
651 4016 733 4063 29.
769 4006 1156 4072 ‘Suppeditant
1186 4011 1359 4052 autem
1397 4007 1451 4050 et

382 4106 601 4156 campus
621 4095 824 4147 noster,
849 4093 904 4135 et
928 4083 1098 4133 studia
1116 4077 1458 4133 venandi,lto·

383 4178 537 4222 nesta
552 4164 792 4228 exempla
809 4158 1057 4211 ludendi.’
1090 4156 1353 4221 Ejusmodi
1368 4169 1455 4218 ge·

383 4260 511 4299 nera
536 4241 917 4296 recreationum
941 4244 997 4289 et
1018 4235 1321 4287 solatiorum
1346 4230 1457 4283 Pli-

1904 308 2090 374 1.82.
2351 303 2529 370 1015

1466 477 1584 526 nius
1607 475 1763 525 etiam
1789 478 1942 522 vocat
1965 469 1982 498 ‘
2000 471 2339 519 avocamenta
2354 463 2386 525 ;'
2410 463 2533 527 quia

1467 568 1561 601 nos
1587 569 1616 601 a
1641 549 1965 607 lal›oribus,a
1982 546 2142 606 curis,
2157 542 2536 605 molestiisque,

1468 638 1524 680 et
1560 644 1587 678 a
1624 628 1859 689 tristitia,
1889 625 2262 689 aliquantisper
2294 626 2531 669 avocant.

1472 707 1614 758 Plio.
1647 705 1813 768 Epist.
1851 717 1976 752 vm.
1999 708 2050 751 ⁵.
2085 702 2224 750 ‘Ero
2261 712 2388 760 ergo
2424 711 2534 746 sus·

1472 797 1662 848 pensus
1705 795 1799 845 pro
1834 780 2038 829 homine
2068 777 2393 831 amicissimo,
2414 773 2534 822 dum

1469 862 1747 911 admittere
1771 863 2109 907 avocamenta
2133 855 2195 918 (i.
2221 869 2267 901 e.
2289 852 2538 901 solamina

1472 938 1694 987 animum
1719 950 1747 984 a
1772 948 1988 983 moerore
2009 927 2310 991 avocantis)
2330 934 2384 976 et
2403 928 2542 976 cica-

1474 1015 1655 1064 tricem
1683 1013 1789 1075 pati
1817 1007 2017 1074 possit.’
2047 1006 2197 1056 Idem
2225 1005 2394 1067 Epist.
2419 1016 2542 1050 vm.

1473 1094 1557 1140 23.
1580 1097 1596 1120 ‘
1617 1089 1807 1138 Omnia
1824 1085 1946 1135 mihi
1964 1083 2154 1137 studia.
2175 1093 2352 1129 omnes
2368 1092 2542 1139 curas,

1474 1166 1646 1216 omnia
1673 1168 2028 1216 avocamenta,
2050 1159 2114 1223 (i.
2138 1173 2185 1207 e.
2216 1157 2357 1205 lusus
2381 1160 2435 1203 et
2461 1167 2541 1201 re-

1476 1240 1815 1302 creationes‚)
1839 1238 2052 1303 exemit,
2088 1231 2545 1293 excussit‚eripuit

1478 1319 1665 1368 dolor.'
1733 1314 2038 1365 Lactantius
2076 1311 2142 1360 de
2174 1306 2399 1371 Opificio
2422 1305 2547 1367 Dei,

1479 1411 1596 1458 cap.
1626 1398 1704 1443 18.
1726 1394 1742 1420 ‘
1763 1394 1915 1441 Mens
1935 1390 2029 1439 sibi
2049 1394 2384 1437 avocamenta
2404 1383 2546 1431 inve-

1480 1472 1578 1532 nit,
1602 1484 1665 1517 ne
1691 1466 2073 1516 saluberrimam
2108 1463 2336 1527 quietem
2362 1472 2547 1519 corpo-

1481 1549 1554 1596 ris
1591 1541 1975 1605 interrumpat.’
2045 1541 2209 1589 Immo
2242 1544 2299 1587 et
2337 1534 2548 1584 verbum

1481 1633 1496 1656 ⁸
1521 1621 1777 1683 avocare,’
1827 1618 2135 1682 simpliciter
2171 1615 2420 1679 positum,
2460 1611 2551 1659 ali·

1482 1699 1689 1764 quando
1733 1694 2007 1758 significat,
2041 1705 2304 1749 recreare,
2338 1696 2392 1738 et
2434 1685 2550 1736 refi-

1486 1790 1628 1837 cere,
1652 1775 1685 1823 i.
1710 1790 1756 1823 e.
1785 1786 2006 1822 avocare
2032 1786 2061 1819 a
2082 1768 2305 1832 negotiis
2329 1772 2382 1815 et
2398 1765 2555 1827 curis,

1486 1852 1673 1916 quibus
1697 1849 2071 1912 distringimur.
2136 1846 2274 1895 Plin.
2312 1842 2484 1907 Epist.
2516 1855 2554 1890 1.

1486 1933 1571 1978 24.
1597 1930 1611 1955 ‘
1630 1926 1967 1976 Mediocritas
2003 1924 2159 1983 villae,
2199 1919 2378 1969 modus
2404 1916 2555 1970 ruris,

1489 2006 1578 2069 qui
1616 2009 1799 2053 avocet
1835 2002 2016 2065 magis,
2052 2012 2201 2063 quam
2238 1991 2557 2058 distringat.'

1493 2081 1801 2130 Lactantius
1825 2080 1860 2127 1.
1878 2094 1924 2127 c.
1948 2086 1961 2107 ⁴
1985 2076 2250 2126 Avocatur
2267 2087 2393 2135 ergo
2412 2084 2557 2119 mens

1492 2157 1802 2217 simulacris,
1832 2155 1995 2203 donec
2030 2149 2263 2200 membra
2284 2161 2469 2212 sopore
2491 2148 2559 2194 ir-

1494 2234 1663 2296 rigata
1693 2228 2032 2293 vegetentur.’
2069 2228 2248 2275 Sidon.
2275 2223 2565 2286 Apollinar-

1496 2313 1667 2375 Epist.
1692 2322 1744 2357 v.
1769 2313 1847 2358 17.
1874 2311 1888 2334 ‘
1911 2306 2251 2368 Nunquamne
2279 2307 2331 2348 te
2359 2305 2558 2347 tantum

1498 2387 1729 2443 venatio,
1759 2384 1959 2442 civitas,
1985 2394 2127 2441 ager,
2152 2385 2355 2434 avocat,
2378 2382 2436 2422 ut
2462 2387 2562 2420 non

1497 2464 1669 2514 obiter
1695 2464 1963 2523 voluptate
2000 2458 2264 2505 literarum
2303 2461 2511 2500 teneare
2528 2448 2564 2497 ?'

1498 2541 1604 2592 Sed
1629 2550 1683 2589 et
1710 2540 1833 2587 talia
1869 2534 2222 2585 remissionum
2258 2535 2412 2592 atque
2444 2541 2565 2575 avo-

1498 2623 1855 2666 camentorum
1891 2624 2083 2675 genera
2115 2606 2236 2654 Val.
2271 2606 2417 2653 Max.
2441 2614 2565 2652 vnt.

1501 2698 1552 2741 8.
1576 2691 1806 2754 appellat
1829 2688 1844 2715 ⁴
1870 2683 2178 2735 diverticula
2196 2681 2228 2730 ι’
2264 2688 2276 2709 ⁸
2299 2676 2569 2742 Scaevola:

1503 2770 1692 2832 inquit,
1715 2771 1730 2796 ‘
1753 2765 1951 2827 optime.
1977 2763 2081 2825 pila
2104 2760 2287 2808 lusisse
2315 2756 2567 2806 traditur:

1503 2847 1626 2909 quia
1666 2843 1914 2891 videlicet
1959 2839 2024 2887 ad
2067 2840 2162 2886 hoc
2202 2834 2569 2885 diverticulum

1506 2923 1727 2971 animum
1766 2933 1911 2966 suum
1947 2913 2237 2963 forensibus
2269 2907 2570 2958 ministeriis

1505 2997 1800 3058 fatigatum,
1839 2989 2123 3041 transferre
2150 2983 2385 3034 solebat-³
2453 2983 2572 3031 Nec

1508 3076 1636 3134 scio,
1661 3086 1724 3119 an
1746 3070 1846 3118 huc
1866 3068 2019 3117 etiam
2043 3062 2200 3112 faciat
2221 3059 2347 3109 illud
2364 3058 2473 3108 Liv.
2492 3071 2575 3107 ιι.

1512 3156 1593 3201 17.
1635 3149 1650 3176 ⁴
1674 3147 1816 3198 Nihil
1849 3144 2012 3192 minus
2038 3138 2308 3203 quaesitum
2334 3150 2362 3182 a
2385 3134 2574 3198 princi·

1511 3228 1596 3291 pio
1622 3226 1773 3288 hujus
1797 3221 1967 3285 operis
1996 3217 2157 3266 videri
2192 3222 2386 3277 potest,
2423 3224 2574 3275 quam

1512 3314 1609 3353 ut.
1649 3336 1662 3351 .
1702 3334 1714 3349 .
1749 3297 2043 3360 legentibus
2081 3292 2223 3340 velut
2267 3288 2579 3338 diverticula

1513 3392 1735 3436 amoena,
1758 3383 1812 3424 et
1839 3371 2066 3435 requiem
2092 3367 2263 3416 animo
2283 3379 2418 3427 meo,
2437 3378 2576 3427 quoe·

1515 3454 1723 3505 rerem.’
1763 3454 1912 3501 Idem.

1580 3532 1949 3581 „tensamentum
1984 3522 2140 3584 hujus,
2174 3536 2280 3584 (μαι
2303 3524 2581 3583 quantaque

1515 3610 1613 3658 sint
1649 3606 1769 3670 iuoe]
1808 3605 2171 3652 Auos-amentum
2203 3599 2340 3660 hujus
2373 3597 2475 3656 illa,
2503 3597 2586 3656 &c-

1523 3686 1689 3736 Livin.
1712 3684 1762 3732 in
1793 3687 1976 3740 textu;
2017 3676 2106 3726 sed
2133 3679 2182 3724 in
2209 3675 2585 3737 niarginemvo·

1518 3765 1785 3813 comeatum
1829 3756 1987 3818 ludus,
2020 3770 2125 3817 quse
2169 3758 2446 3816 quantaque
2485 3747 2587 3796 sint

1520 3842 1618 3890 ina
1642 3838 1702 3887 C·
1723 3836 1942 3898 optime.
1982 3829 2222 3879 Rittersh.

1594 3917 1717 3972 Qua
1739 3914 2018 3975 quantoeque
2043 3903 2165 3965 sint]
2221 3904 2300 3950 De
2321 3900 2398 3948 his
2423 3897 2586 3948 tribus

1527 3992 1703 4042 verbis
1743 3995 1916 4037 actum
1972 3986 2128 4034 esset.
2167 3977 2265 4025 nisi
2310 3988 2395 4022 eas
2441 3973 2589 4022 nobis

1527 4073 1786 4120 servasset
1815 4060 2176 4122 cuspinianus.
2243 4053 2450 4102 Omissa
2472 4057 2591 4099 suut

1528 4149 1580 4197 in
1617 4142 1872 4197 omnibus,
1909 4151 2035 4198 quos
2069 4131 2342 4184 consulere
2377 4127 2498 4177 milti
2531 4128 2592 4175 li·

1530 4223 1660 4287 cuit,
1692 4215 1956 4269 codicibus
1986 4211 2119 4261 Mss.
2175 4206 2350 4260 Quid?
2374 4205 2512 4273 quod
2538 4204 2591 4257 in
