3060 4902
519 325 651 389 666

524 483 666 538 alios,
710 481 978 532 annotavit
1026 479 1307 545 Longolius
1345 478 1411 530 ad
1451 477 1592 529 Plin.

527 561 698 621 Epist.
727 573 783 608 x.
808 563 889 609 84.
914 564 962 609 3.
997 560 1149 609 Idem.

588 636 691 684 Per
722 635 941 698 Latium]
978 637 1064 685 De
1104 636 1202 685 hac
1224 634 1448 684 formula
1476 634 1591 698 jam

525 725 684 775 supra
723 711 790 760 ad
832 725 1063 761 xxxv-11.
1103 716 1151 759 8.
1197 711 1412 760 dictum.
1480 708 1587 759 Sed

523 788 574 836 in
598 788 693 836 hoc
717 787 832 835 loco
852 787 953 834 alia
967 789 1097 836 latet
1120 784 1418 848 difficultas,
1437 800 1589 849 quam

522 863 729 925 plurimi
753 871 1188 912 commentatores
1215 863 1591 911 transilierunt.

524 939 664 991 Quid
682 940 817 988 enim
835 940 934 988 sibi
950 942 1060 989 vult
1079 940 1278 989 Plinius
1297 941 1375 989 his
1390 939 1596 988 verbis?

520 1017 536 1043 ⁴
555 1015 655 1065 His
678 1030 903 1081 quoque,
917 1015 1101 1080 quibus
1118 1030 1211 1079 per
1231 1016 1435 1064 Latium
1461 1016 1591 1064 civi·

525 1103 600 1142 tas
626 1094 862 1144 Romana
880 1095 1154 1157 patuisset,
1179 1095 1314 1142 idem
1338 1092 1587 1142 indulsit-⁹

524 1172 715 1221 Nonne
754 1171 889 1220 enim
925 1184 986 1219 ea
1008 1185 1124 1235 quae
1165 1170 1368 1219 Plinius
1393 1169 1460 1219 de
1492 1171 1586 1219 im·

522 1248 774 1296 munitate
799 1247 1056 1297 vicesimae
1089 1248 1334 1296 hactenus
1357 1246 1585 1306 dixerat,

511 1323 620 1384 jam
646 1324 912 1386 pertinent
944 1322 1009 1370 ad
1040 1336 1199 1370 novos
1229 1322 1368 1371 cives
1396 1322 1587 1369 Rorna-

523 1414 635 1460 nos‚
675 1399 761 1462 qui
801 1399 882 1447 vci
921 1397 1174 1447 beneficio
1213 1398 1465 1461 principis
1501 1398 1584 1445 vel

524 1489 618 1535 per
652 1475 744 1538 jus
778 1475 915 1524 Latii
938 1475 1176 1524 venirent
1199 1474 1252 1523 in
1269 1475 1538 1523 civitatem
1565 1473 1583 1520 ?

522 1552 681 1600 Certe
707 1551 969 1600 veteribus
987 1550 1188 1600 civibus
1213 1549 1456 1599 Romanis
1483 1562 1584 1597 non

520 1644 649 1691 opus
691 1638 803 1677 erat
833 1626 1084 1691 ejusmodi
1122 1626 1343 1681 indultu,
1370 1641 1487 1675 cum
1521 1626 1585 1674 iis

513 1704 620 1766 jam
645 1703 909 1766 Augustus
950 1701 1231 1751 remisisset
1269 1702 1586 1761 vicesimam,

520 1780 608 1828 ubi
629 1794 741 1827 eam
763 1778 980 1841 primum
1007 1777 1248 1826 instituit.
1318 1778 1584 1840 Agnosces

518 1873 643 1922 ergo
664 1857 888 1922 aliquam
914 1856 1291 1919 difficultatem,
1327 1871 1444 1906 cum
1474 1856 1583 1906 Pli-

515 1937 631 1985 nius
652 1937 809 1985 nillilo
830 1936 995 1984 minus
1015 1935 1174 1996 dicat,
1196 1937 1211 1961 ‘
1230 1933 1328 1983 His
1352 1947 1578 1998 quoque,

516 2013 697 2077 quibus
712 2028 806 2076 per
821 2013 1023 2061 Latium
1038 2012 1226 2061 civitas
1241 2012 1474 2060 Romana
1492 2027 1581 2075 pa·

513 2090 719 2146 tuisset,
743 2089 879 2138 idem
906 2087 1168 2148 indulsit3'
1203 2090 1350 2153 quasi
1379 2088 1578 2138 Plinius

517 2176 672 2216 antea
689 2168 753 2216 de
778 2168 909 2222 aliis,
935 2181 1085 2230 quam
1099 2167 1217 2230 jure
1237 2167 1376 2215 Latii
1400 2167 1582 2215 civita-

520 2250 623 2291 tem
662 2243 944 2292 Romanam
987 2242 1297 2297 consecutis,
1339 2240 1582 2290 dixisset.

517 2322 670 2370 Solus
692 2322 893 2384 Lipsius
913 2321 1087 2383 attigit
1112 2321 1248 2369 bunc
1271 2323 1459 2377 locum,
1485 2319 1579 2370 sed

518 2398 695 2460 attigit
753 2398 1012 2446 levissime
1055 2404 1109 2445 et
1144 2396 1264 2446 liinc
1306 2411 1405 2445 non
1450 2397 1581 2447 nihil

516 2475 805 2524 obscurius.
841 2482 854 2502 ‘
880 2476 999 2523 Non
1023 2473 1222 2529 solnm,’
1247 2475 1431 2536 iuquit.
1453 2476 1468 2502 ‘
1492 2476 1578 2537 qui

523 2550 773 2599 beneficio
816 2550 1086 2612 principis.
1171 2550 1250 2598 Au
1296 2551 1393 2598 hoc
1430 2550 1579 2606 dicit,

518 2628 621 2676 Qui
648 2635 848 2675 tautum
888 2626 1060 2674 Latini
1085 2626 1226 2674 cives
1242 2624 1279 2674 Γ
1354 2627 1465 2675 Nisi
1493 2641 1581 2675 ve·

517 2703 787 2751 liementer
811 2701 980 2762 fallor,
1011 2702 1271 2765 duplicem
1298 2703 1450 2765 hujus
1478 2703 1578 2752 loci

514 2778 1005 2842 interpretationem
1029 2779 1205 2826 attulit
1222 2779 1426 2841 Lipsius
1444 2792 1456 2826 t
1475 2780 1579 2842 pri·

515 2874 667 2916 inam,
704 2865 763 2907 ut
787 2858 988 2922 putarit
1033 2872 1063 2906 a
1086 2858 1259 2907 Plinio
1281 2860 1354 2907 sic
1381 2857 1578 2921 signifi-

513 2938 642 2999 cari,
678 2936 958 2999 Trajauum
996 2949 1095 2984 non
1134 2934 1295 2983 solum
1332 2934 1394 2983 iis
1436 2935 1579 2983 novis

513 3011 708 3060 civibus
734 3010 996 3071 Romanis,
1022 3009 1106 3074 qui
1149 3009 1393 3072 peculiari
1423 3011 1579 3071 privi-

516 3088 651 3151 legio
676 3098 727 3137 et
754 3087 1009 3136 beneficio
1033 3086 1282 3149 principis
1307 3088 1578 3137 consecuti

516 3170 689 3212 essent
735 3164 824 3224 jus
868 3161 1096 3211 civitatis
1156 3161 1438 3224 Romanae;
1487 3164 1580 3211 sed

516 3238 673 3287 etiam
712 3239 774 3288 iis
810 3238 894 3301 qui
936 3253 1029 3300 per
1059 3238 1147 3301 jus
1184 3239 1320 3287 Latii
1369 3239 1420 3288 in
1462 3254 1579 3289 eam

520 3320 773 3381 venirent,
795 3318 1173 3368 immunitatem
1209 3319 1467 3369 vicesimas
1501 3320 1592 3368 inm

516 3396 747 3444 dulsisse.
813 3393 1108 3444 Secundum
1151 3395 1367 3444 alteram
1421 3395 1582 3443 inter-

518 3472 866 3534 pretationem
917 3471 1092 3533 Lipsii.
1138 3470 1338 3519 Plinius
1387 3471 1582 3532 signifi·

513 3562 634 3597 care
660 3549 842 3602 voluit,
882 3549 1157 3609 Trajauum
1182 3548 1336 3596 etiam
1366 3562 1457 3596 eos
1487 3548 1578 3611 qui

514 3637 571 3672 se
607 3638 708 3672 nou
735 3623 1077 3672 contulissent
1106 3624 1339 3687 Romam,
1362 3622 1453 3672 sed
1490 3625 1578 3686 qui

514 3697 873 3747 tantummodo
919 3697 1053 3747 Latii
1089 3698 1246 3760 cives,
1274 3699 1397 3761 jure
1439 3700 1578 3750 Latii

514 3775 609 3835 usi,
655 3776 707 3822 in
752 3774 966 3822 coloniis
1013 3773 1394 3839 provinciisque
1438 3778 1580 3825 vive-

513 3857 650 3915 rent,
675 3852 928 3899 immunes
965 3863 996 3897 a
1033 3851 1280 3900 vicesima
1308 3853 1577 3914 pronunti·

510 3940 639 3975 asse.
683 3926 901 3988 Verum,
924 3933 1107 3976 neutra
1130 3927 1241 3976 liaec
1263 3927 1577 3992 interpreta-

513 4003 587 4053 tio
607 4009 746 4051 stare
770 4008 963 4064 potest.
1030 4002 1300 4053 Posterior
1334 4007 1470 4054 enim
1495 4018 1578 4056 re-

508 4087 703 4145 pugnat
744 4080 978 4131 historia
1025 4081 1320 4133 vicesimam
1377 4099 1495 4136 cum
1542 4086 1577 4135 ii

511 4158 602 4221 qui
644 4171 787 4207 mero
815 4158 935 4221 jure
974 4157 1117 4207 Latii
1152 4159 1452 4218 utebantur,
1477 4176 1577 4213 nec

507 4234 629 4298 jure
674 4235 909 4287 Romano
970 4242 1284 4288 testamenta
1328 4238 1576 4305 condere,

1222 335 1438 385 NOTAE
1488 333 1898 383 vsluortuu
1955 334 2032 383 m

1665 491 1761 528 nec
1806 492 1871 527 ex
1908 484 2220 528 testamento
2253 474 2602 526 hereditatem
2642 490 2729 527 ca·

1664 570 1789 618 pere
1805 563 2031 618 possent,
2046 554 2296 618 adeoque,
2311 567 2410 602 uec
2430 554 2728 603 vicesimam

1665 633 1867 680 solvere
1904 632 2176 681 deberent.
2240 631 2442 679 Prioris
2471 631 2728 693 iuterpre-

1668 708 1876 758 tationis
1916 707 2180 756 sententia
2215 713 2294 756 est
2332 720 2491 767 vera;
2525 705 2618 756 sed
2659 721 2728 756 ea

1666 798 1768 833 non
1793 784 2032 832 exhaurit
2055 797 2259 832 sensum
2291 783 2538 831 orationis
2561 783 2726 832 Plini·

1665 877 1797 911 anm.
1868 863 2064 912 Plinius
2104 861 2238 910 enirn
2271 861 2419 925 quasi
2455 860 2730 921 distinguit.

1667 942 1803 990 inter
1822 954 1979 988 novos
2002 940 2142 988 cives
2166 938 2444 997 Romanos,
2472 938 2561 1000 qui
2595 945 2730 986 tem-

1666 1031 1794 1081 pore
1819 1017 2052 1080 Trajani,
2075 1019 2185 1066 sive
2210 1016 2323 1079 ejus
2345 1016 2600 1079 peculiari
2623 1019 2731 1080 pri-

1665 1094 1874 1154 vilegio,
1896 1094 2007 1142 sive
2037 1107 2128 1155 per
2143 1093 2232 1156 jus
2259 1093 2418 1154 Latii,
2440 1107 2730 1157 conseque·

1666 1177 1845 1218 rentur
1858 1170 2124 1219 civitatem
2147 1170 2524 1231 Romanam,de
2541 1170 2730 1234 quibus

1664 1245 1927 1311 hucusque
1964 1246 2203 1306 dixerat;
2237 1254 2292 1295 et
2330 1246 2468 1294 inter
2487 1245 2727 1309 ejusdem

1664 1323 1870 1385 generis
1913 1323 2056 1373 cives
2094 1324 2372 1385 Romanos,
2406 1323 2593 1387 quibus
2616 1324 2727 1386 jas·

1664 1408 1785 1450 aute
1806 1401 1931 1464 Traj
1940 1403 2022 1450 ani
2045 1408 2280 1464 tempora
2294 1401 2479 1450 civitas
2496 1400 2731 1450 Romana

1666 1476 1922 1540 patuisset
1946 1478 2362 1541 obvenissetque.
2411 1477 2532 1525 Non
2556 1476 2729 1526 solunt

1663 1554 1818 1618 igitur
1844 1555 1927 1614 iis,
1950 1567 1984 1602 a
2005 1569 2062 1603 se
2075 1551 2230 1602 sactis
2244 1552 2443 1602 civibus
2462 1554 2729 1615 Romanis,-

1661 1630 1755 1680 sed
1780 1639 1837 1680 et
1857 1632 1953 1691 his,
1965 1631 2074 1693 jam
2099 1644 2132 1678 a
2152 1630 2509 1691 superioribus
2533 1631 2728 1693 princi·

1661 1706 1811 1770 pibus
1835 1707 1887 1755 in
1906 1708 2173 1756 civitatem
2200 1706 2450 1768 receptis,
2469 1707 2728 1757 concessit

1658 1783 1908 1846 ‘l'rajanus
1932 1782 2150 1832 eandem
2172 1784 2566 1832 immunitatem.
2633 1785 2728 1834 Er·-

1660 1875 1746 1923 go,
1773 1861 1823 1908 in
1850 1860 2019 1909 verbis
2045 1860 2315 1922 Plinianis‚
2344 1862 2428 1910 vel
2457 1868 2580 1910 ante
2612 1876 2727 1911 ver-

1662 1936 1778 1986 bum
1817 1938 2068 2000 patuisset,
2087 1936 2286 1986 excidit
2323 1939 2579 2001 particula
2611 1943 2725 1988 ente

1658 2013 1767 2062 sive
1789 2015 1935 2073 olim
1972 2014 2053 2063 vel
2077 2029 2140 2063 ea
2173 2020 2320 2064 certe
2356 2015 2424 2062 ibi
2460 2014 2725 2064 subaudiri

1660 2090 1968 2151 debet‚cum
1993 2090 2063 2140 sit
2082 2089 2294 2139 verbum
2318 2092 2569 2154 temporis
2584 2092 2724 2154 plus·

1659 2164 2060 2231 quamperfecti.
2093 2166 2258 2216 Immo
2272 2168 2347 2217 sic
2369 2167 2564 2217 Plinius
2588 2183 2728 2232 pra·

1658 2245 1801 2294 dieat
1855 2245 2118 2307 singulare
2173 2259 2339 2308 genua
2386 2245 2728 2308 benignitatis

1657 2320 1883 2383 Traiani.
1951 2322 2081 2370 Cum
2126 2323 2263 2370 enim
2291 2320 2489 2383 priores
2511 2321 2726 2385 quidam

1658 2398 1999 2462 imperatores
2042 2412 2142 2447 non
2182 2395 2337 2447 facile
2372 2398 2725 2449 concederent

1658 2476 2126 2542 continuarentque
2164 2476 2364 2526 civibus
2408 2491 2470 2527 ea
2499 2479 2624 2541 jura
2665 2486 2724 2528 et

1660 2555 1949 2617 privilegia,
1966 2569 2080 2619 quoe
2106 2553 2172 2603 ab
2189 2554 2607 2603 antecessoribus
2629 2557 2732 2603 imo·

1659 2639 1973 2695 peti-assent,
1999 2631 2097 2681 nisi
2128 2640 2182 2682 et
2207 2632 2306 2695 ipsi
2325 2630 2549 2680 demisse
2573 2646 2732 2696 roga·-

1659 2714 1872 2770 rentur;
1906 2708 2160 2772 Trajanus
2196 2707 2399 2756 videtur
2436 2707 2548 2757 siue
2582 2722 2730 2758 nova·

1655 2786 1971 2847 singulorum
2030 2784 2298 2845 rogatione
2338 2790 2393 2832 et
2430 2784 2545 2832 sine
2586 2798 2732 2834 nove

1655 2858 2064 2914 confirmatione,
2087 2859 2244 2907 etiam
2280 2858 2343 2906 iis
2373 2859 2611 2907 omnibns
2646 2860 2723 2909 ei·

1658 2936 1804 2985 vibus
1823 2936 2091 2998 Romanis,
2104 2936 2190 2997 qui
2213 2949 2308 2998 per
2321 2935 2412 2999 jus
2431 2936 2571 2985 Latii
2595 2945 2726 2987 ante

1656 3028 1711 3062 se
1745 3013 2003 3062 venissent
2027 3012 2077 3060 in
2106 3012 2391 3070 civitatem,
2431 3013 2725 3062 immunita-

1655 3095 1758 3137 tem
1797 3088 2051 3136 vicesimae
2087 3086 2378 3135 indulsisse.
2445 3087 2572 3137 Tale
2596 3089 2730 3153 quid

1643 3166 1752 3229 jam
1775 3166 2054 3214 Suetonius
2086 3163 2317 3212 laudavit
2355 3164 2407 3212 in
2442 3164 2564 3214 'rito
2599 3179 2650 3215 c·
2671 3170 2721 3216 8.

1654 3244 1670 3270 ‘
1688 3242 1816 3291 Cum
1840 3255 1905 3289 ex
1930 3241 2170 3290 instituto
2195 3240 2402 3289 Tiberii
2426 3255 2605 3293 omnes
2629 3243 2723 3292 de·

1653 3319 1773 3367 hinc
1799 3319 2037 3367 Coesares
2074 3316 2345 3372 beneficia.
2367 3332 2398 3367 a
2438 3319 2724 3382 superiori·

1655 3394 1750 3443 bus
1769 3408 2017 3444 concessa
2043 3394 2382 3457 principibus.
2417 3395 2575 3445 aliter
2604 3404 2728 3447 rata

1654 3485 1755 3520 non
1780 3471 2054 3529 haberent,
2076 3485 2230 3532 quam
2252 3471 2293 3519 si
2317 3470 2500 3520 eadem
2537 3472 2721 3523 iisdem

1654 3555 1711 3597 et
1749 3548 1847 3611 ipsi
1891 3547 2181 3607 dedissent,
2220 3548 2416 3610 primus
2448 3550 2722 3612 preterita

1654 3625 1827 3675 omnia
1849 3638 1952 3674 uno
1975 3623 2300 3673 confirmavit
2323 3625 2518 3684 edicto.
2552 3641 2658 3678 nee
2686 3642 2720 3678 a

1653 3716 1710 3751 se
1733 3702 1842 3764 peti
1869 3716 2046 3764 passus
2068 3700 2183 3750 est-³
2215 3702 2372 3752 Iden.

1722 3778 1970 3827 Commisit
1992 3777 2159 3841 simul]
2196 3776 2262 3826 ln
2281 3778 2420 3827 libro
2436 3777 2728 3839 vossiano,-

1652 3867 1751 3918 pro
1784 3854 1943 3903 verbo
1975 3854 2212 3902 con-uim
2250 3853 2441 3917 legitur
2461 3857 2730 3907 mie

1650 3931 1712 3992 it,
1743 3938 1799 3980 et
1840 3930 1890 3978 in
1915 3930 2195 3979 Puteolani
2228 3928 2719 3983 editionem-neni

1651 4005 1751 4064 dt,-
1769 4019 1946 4055 verum
1969 4004 2083 4054 hec
2107 4004 2389 4068 scriptura,
2410 4006 2490 4056 sel
2508 4021 2578 4057 ex
2602 4022 2726 4059 eor*

1653 4091 1809 4148 rupto
1851 4082 2014 4132 verbo
2031 4082 2287 4145 comisit,
2326 4083 2409 4132 vel
2439 4098 2508 4133 ex
2545 4086 2724 4147 glossa.-

1649 4175 1806 4225 snpra
1843 4160 2036 4224 scripta
2056 4160 2438 4221 mm,
2456 4168 2576 4211 orta
2595 4170 2712 4213 est·
2695 4197 2714 4224 ,

1648 4252 1763 4291 cum
1784 4236 1923 4289 forte
1946 4236 2079 4287 alins
2111 4235 2326 4289 verba-
2350 4237 2588 4290 emis
2623 4253 2728 4306 per
