3060 4902
729 366 795 413 0.
841 364 1078 415 eumn
1131 365 1465 416 SRGUND!
1517 364 1797 415 Parma.

285 508 377 575 qui
400 522 516 558 enm
552 521 585 557 a
607 514 799 558 natura
819 515 874 559 et
900 508 1174 573 prudentia
1196 508 1356 559 homi·

285 601 407 635 num
448 585 836 635 ornatissimum
870 592 1038 636 vocat.
1104 586 1355 650 Equidem

286 663 622 718 Arutzeuius,
646 661 770 712 dum
786 662 952 712 noluit
968 663 1248 713 admittere
1266 677 1355 711 vo·

285 754 404 790 cem
448 738 795 801 studiosissima
823 755 840 787 .·
895 740 910 766 ‘
941 739 1118 799 Quid:
1173 740 1358 804 iuquit,

281 818 298 843 ⁸
326 816 616 879 amplitudo
640 815 807 878 campi
832 814 898 865 ad
931 817 1263 866 sanctitatem
1301 823 1357 866 et

285 889 602 953 dignitatem
627 890 762 939 illius
787 891 886 940 loci
911 890 1067 941 facit?
1094 923 1108 939 .
1134 925 1147 940 .
1172 925 1187 940 .
1212 892 1355 941 Prae·

285 969 404 1020 fe'ro
427 969 736 1034 scripturam
762 970 994 1034 Guelph.
1015 972 1357 1035 speciosissima

283 1050 324 1101 i.
345 1064 394 1100 e.
419 1049 641 1098 maxime
669 1052 980 1105 veneranda,
998 1049 1358 1100 sanctissima!

286 1125 384 1183 At,
403 1124 693 1189 amplitudo
717 1127 885 1189 campi
912 1141 1007 1175 uon
1031 1126 1235 1191 quidem
1265 1140 1357 1188 per

287 1217 347 1253 se
371 1209 427 1252 et
449 1201 653 1263 διμέσως.
678 1211 852 1251 tamen
879 1212 1096 1267 propter
1127 1203 1356 1252 multitu·

285 1278 464 1330 dinem
503 1286 788 1328 statuarum
824 1287 902 1328 tot
934 1280 1167 1328 Deorum
1192 1287 1245 1327 et
1271 1278 1358 1328 lie·

286 1368 457 1415 soum,
489 1361 548 1404 et
583 1362 799 1419 propter
824 1369 1070 1403 summam
1095 1355 1355 1403 hominum

286 1428 632 1495 frequentiam
661 1432 776 1481 loco
799 1430 1111 1494 dignitatem
1145 1431 1355 1480 concili-

288 1522 380 1558 are
428 1507 618 1572 potnit.
671 1509 688 1536 ‘
709 1506 1154 1571 Speciosissimum
1174 1506 1189 1527 '
1231 1520 1355 1556 vero

288 1598 388 1647 pro
436 1583 730 1634 venerando
764 1591 822 1633 et
859 1584 1186 1633 sanctissimo
1232 1583 1353 1640 dici,

285 1659 524 1709 invenire
552 1675 804 1725 nusquam
833 1661 996 1724 potui.
1064 1661 1237 1709 Nihilo
1263 1660 1356 1710 mi-

285 1751 386 1786 nus
443 1736 691 1800 adoptavi
748 1751 925 1787 vocem
975 1738 1319 1801 speciosissima
1335 1753 1357 1796 ‚-

287 1828 431 1874 cum,
466 1822 686 1878 propter
708 1814 953 1863 indicium
981 1815 1180 1878 aliquot
1215 1814 1356 1864 codi-

289 1906 408 1941 cum
437 1892 568 1940 Mss.
604 1902 711 1942 tum
746 1899 963 1957 propter
986 1893 1136 1941 aliam
1162 1891 1355 1955 signifi·

289 1968 572 2018 cationem'
597 1968 745 2031 hujus
791 1968 1047 2031 vocabuli,
1091 1983 1206 2031 quae
1254 1982 1355 2016 non

287 2045 461 2094 minus
479 2043 578 2094 huc
608 2044 847 2108 quadrat.
919 2045 1122 2107 Nempe
1139 2044 1249 2106 jam
1275 2058 1355 2092 su·

289 2134 384 2185 prs
403 2118 471 2168 ad
496 2132 662 2170 xvnr.
685 2125 729 2169 1.
748 2119 970 2175 ostendi,
1000 2125 1015 2147 ⁶
1033 2120 1325 2181 speciosum
1344 2118 1359 2139 '

289 2210 389 2261 pro
414 2196 640 2245 maxime
675 2195 953 2259 conspicuo
977 2204 1031 2243 ct
1056 2195 1242 2244 illustri
1266 2195 1356 2244 ali·

287 2263 498 2338 qnando
546 2271 687 2335 poni.
750 2271 890 2331 Jam,
933 2270 1056 2335 quid
1103 2270 1356 2320 illustrius

286 2360 397 2398 esse
425 2348 594 2412 potuit
617 2361 806 2412 campo
829 2346 1041 2401 Martio,
1061 2345 1146 2394 ubi
1164 2346 1215 2395 in
1233 2360 1355 2395 cou-

287 2433 477 2491 spectu
517 2425 720 2482 Martis,
754 2431 809 2473 et
842 2430 921 2475 tot
960 2423 1176 2472 aliorum
1219 2424 1356 2472 Deo·

288 2517 428 2564 rum,
463 2511 518 2552 et
542 2503 594 2552 in
617 2517 706 2552 ore
727 2508 884 2566 atque
909 2501 1023 2550 luce
1048 2500 1355 2563 frequentis·

286 2579 537 2627 simorum
589 2577 870 2640 hominnm,
917 2590 1133 2640 quorum
1183 2577 1356 2626 oculos

286 2654 454 2717 magis
479 2652 703 2721 fugiunt,
726 2667 880 2718 quam
902 2659 1190 2708 sectantur,
1214 2667 1355 2702 men·

287 2737 370 2782 tes
405 2730 540 2780 male
562 2730 659 2779 sibi
683 2730 924 2793 cousciae,
959 2729 1132 2778 omnia
1156 2729 1237 2793 agi
1262 2743 1356 2792 pu·

289 2807 580 2859 tabautur?
637 2806 857 2857 Interim
893 2806 1069 2856 strab.
1105 2805 1193 2855 lib.
1219 2820 1271 2855 v.
1304 2821 1355 2870 p.

286 2887 405 2934 286.
438 2897 676 2946 campum
713 2882 963 2932 Martium
1001 2889 1145 2931 recte
1178 2883 1356 2945 appel-

286 2959 417 3009 lavit
431 2956 857 3022 {enemim-arou
874 2955 1041 3020 τόπον,
1056 2958 1204 3006 locum
1221 2968 1356 3007 max-

285 3035 382 3086 ine
427 3051 616 3085 samm
660 3051 718 3084 nc
768 3034 1098 3089 venerabilem,
1145 3035 1267 3098 quia
1313 3034 1357 3083 is

287 3110 454 3161 Marti
479 3118 811 3162 consecratus
832 3120 965 3161 erat.
997 3112 1264 3174 Ceterum,
1281 3111 1356 3160 fa—

289 3188 392 3237 cile
416 3187 597 3248 credo,
619 3188 701 3237 hic
732 3204 764 3238 a
786 3187 962 3238 Plinio
987 3188 1150 3237 notari
1174 3187 1356 3237 Caium

289 3269 346 3313 et
385 3263 756 3325 Domitianum,
779 3264 865 3329 qui
898 3272 1098 3326 stupro,
1135 3264 1357 3325 incestu,

289 3346 345 3389 et
389 3340 528 3389 omui
564 3340 796 3390 inaudita
830 3340 1064 3404 libidine,
1100 3355 1156 3391 se
1193 3341 1356 3404 pollu-

290 3420 462 3466 erant.
497 3415 742 3466 Schmun-z.

356 3492 739 3557 spatiosissima]
764 3492 946 3556 Campi
970 3493 1108 3559 enim
1134 3491 1356 3543 admira·

292 3566 412 3618 bilis
436 3569 763 3633 msgnitudo.
830 3569 1022 3621 Strabo
1056 3569 1144 3619 lib.
1171 3582 1224 3619 v.
1255 3570 1358 3620 Pa·

286 3646 437 3695 torol.

357 3721 622 3772 Hominum
645 3722 968 3787 Deorumque]
1002 3721 1193 3785 Populi
1218 3736 1358 3771 uem-

291 3811 360 3862 pe
374 3797 595 3847 Romani
614 3797 676 3847 ad
701 3799 911 3848 comitia
931 3799 1119 3860 coacti,
1142 3805 1196 3847 et
1221 3800 1358 3847 Deo-

290 3887 405 3923 rum
433 3872 731 3923 tutelarinm
769 3889 830 3923 ac
873 3874 1170 3937 praesidum.
1236 3874 1358 3923 Sive

288 3959 629 4013 utrorumque
645 3950 850 3999 nomine
867 3951 1117 4014 imagines
1136 3951 1358 4001 virorum

291 4027 573 4078 illustrium
604 4036 764 4092 atque
793 4027 1026 4088 heroum,
1059 4028 1359 4091 templaque

288 4105 343 4154 in
365 4117 554 4166 campo
578 4103 880 4165 existentis,
905 4103 1165 4166 intelligit.
1216 4104 1361 4153 Stra-

294 4181 361 4232 bo
381 4182 483 4232 loc.
507 4183 601 4230 cit.
619 4184 639 4208 “
656 4180 874 4243 Templa
892 4188 1013 4230 snut
1032 4179 1359 4244 magnificen-

291 4258 491 4310 tissima
512 4257 649 4309 inter
669 4271 726 4308 se
750 4257 1031 4323 contigua.'
1093 4258 1161 4308 Et
1186 4259 1361 4323 paullo

1872 366 1925 415 1.
1955 350 2063 415 64.
2364 349 2496 419 861

1433 514 1575 573 post,
1610 517 1623 538 ⁸
1646 508 1778 559 Cum
1811 509 1980 558 locum
2028 508 2183 558 istum
2220 507 2498 572 religiosis-

1434 584 1618 634 simum
1663 599 1782 634 esse
1814 585 2153 648 cogitassent,
2187 585 2499 636 clarissimo·

1435 674 1550 710 rum
1597 660 1816 710 virorum
1859 676 1918 709 ac
1968 659 2273 709 feminarum
2319 674 2497 711 mouu-

1434 743 1608 785 menta
1632 737 1683 785 iu
1710 752 1772 786 eo
1795 736 2237 786 construxerunt-⁹
2272 737 2428 787 Idem.

1500 812 1823 876 Deorumque]
1870 813 2002 865 Quia
2038 814 2226 875 templa
2275 814 2344 864 ibi
2383 828 2497 878 pas·

1435 890 1562 937 sima
1619 899 1837 951 eratque
1882 889 1963 937 vel
2009 890 2334 938 ornatissima
2377 906 2498 953 pars

1434 965 1721 1030 (Strabone
1739 963 1979 1028 auctore)
2003 966 2158 1013 totius
2182 965 2342 1014 urbis.
2363 965 2497 1031 Lips.

1494 1043 1560 1091 Ee
1575 1045 1684 1092 dum
1701 1039 1900 1104 accipis]
1917 1042 2082 1091 Recte
2098 1040 2344 1090 observat
2363 1043 2500 1106 Ray·

1434 1134 1581 1179 auus,
1627 1121 1935 1184 particulam
1980 1125 2025 1169 et
2067 1119 2151 1168 hic
2191 1120 2497 1181 singularem

1435 1194 1641 1257 ἔμφασιν
1693 1197 1905 1252 habere,
1958 1203 2116 1259 atque
2183 1195 2499 1260 siguificare,

1433 1273 1711 1336 Trajauum
1758 1272 2008 1321 meruisse
2051 1273 2396 1336 consulatum,
2441 1279 2498 1323 et

1434 1360 1576 1405 ante,
1599 1365 1752 1414 quam
1778 1349 2063 1412 acceperit,
2099 1356 2154 1398 et
2191 1349 2308 1397 dum
2346 1364 2495 1400 acce·

1433 1427 1528 1491 pit.
1597 1425 1921 1488 Accipieudo
1947 1434 2116 1476 autem
2143 1427 2350 1489 meruit,
2374 1426 2495 1477 dum

1432 1518 1550 1553 eum
1577 1518 1678 1553 non
1703 1506 1794 1553 uisi
1811 1502 2010 1567 legibus
2037 1511 2090 1552 rt
2109 1502 2288 1566 priscis
2313 1503 2495 1553 ritibus

1432 1583 1820 1637 convenienter,
1857 1594 1920 1630 ac
1957 1594 2166 1628 summae
2215 1580 2492 1632 moderati·

1431 1656 1542 1705 ouis
1566 1655 1964 1720 significatione.
1985 1656 2208 1719 accepit.
2249 1656 2496 1707 Schwart-

1498 1732 1634 1783 cn.
1672 1746 1823 1782 mxiv.
1859 1734 2063 1781 Peracta
2090 1736 2226 1781 eram
2258 1733 2493 1798 solennia]

1432 1808 1479 1857 1.
1505 1823 1553 1859 e.
1592 1810 1739 1859 Ritus
1763 1810 2000 1858 solennes
2037 1809 2086 1856 iu
2119 1809 2344 1857 comitiis
2375 1824 2493 1859 cen·
2563 1847 2568 1856 .

1432 1887 1658 1948 turiatis,
1691 1887 1858 1951 iisque
1897 1887 2274 1947 consularibus,
2317 1887 2496 1937 obser-

1432 1963 1543 2011 vari
1566 1964 1725 2025 soliti,
1739 1964 1849 2026 jam
1874 1977 2049 2012 omues
2064 1963 2265 2027 peracti
2293 1963 2496 2013 absolu-

1431 2037 1577 2101 tique
1617 2038 1942 2093 videbantur,
1973 2039 2015 2086 si
2054 2039 2169 2103 quis
2207 2040 2494 2103 principem

1430 2113 1630 2175 cogitet
1684 2120 2012 2179 spectetque.
2098 2114 2230 2163 Nam
2287 2115 2386 2164 etsi
2439 2116 2492 2181 in

1432 2189 1788 2237 renuntiandis
1812 2189 2122 2245 consulibus,
2159 2190 2244 2253 qui
2270 2204 2298 2239 e
2325 2190 2493 2253 priva-

1432 2267 1499 2315 tis
1544 2266 1876 2315 senatoribus
1915 2265 2070 2315 electi
2106 2273 2276 2326 erant,
2324 2268 2495 2329 plures

1431 2342 1597 2392 adhuc
1613 2343 1921 2392 caerimouiae
1938 2342 2243 2391 necessariae
2260 2341 2499 2408 fuissent,

1431 2434 1635 2484 nempe,
1659 2425 1714 2470 ut
1733 2420 1851 2469 novi
1874 2419 2133 2478 consules,
2152 2424 2348 2468 stantes
2371 2426 2495 2469 ante

1432 2498 1613 2546 sellam
1659 2498 1891 2547 curulem
1937 2496 2179 2558 consulis,
2225 2497 2497 2548 consulatu

1431 2572 1645 2629 abituri,
1669 2581 1723 2623 at
1749 2583 1872 2624 tunc
1891 2573 2056 2623 adhuc
2079 2572 2494 2637 sedentis,jura·

1433 2658 1566 2707 rent,
1591 2658 1645 2700 et
1671 2650 1723 2699 in
1748 2650 1929 2700 rostris
1961 2651 2119 2700 etiam
2142 2651 2295 2700 simili
2322 2651 2495 2716 religi·

1432 2743 1533 2778 one
1580 2729 1780 2794 legibus
1823 2744 1878 2780 se
1916 2728 2272 2793 subjicerent;
2316 2729 2495 2793 hujus·

1432 2804 1571 2856 modi
1616 2815 1789 2856 tamen
1832 2807 1960 2856 ritus
1996 2821 2025 2855 a
2071 2813 2143 2868 te,
2185 2814 2422 2872 tanquam
2465 2823 2494 2858 a

1435 2883 1673 2948 principe
1698 2884 1899 2946 legibus
1921 2883 2112 2946 soluto,
2146 2896 2295 2931 nemo
2319 2892 2500 2946 postu·

1431 2959 1606 3022 lasset,
1628 2975 1777 3009 nemo
1795 2967 2125 3024 expectasset
2143 2975 2160 3020 ;
2197 2960 2376 3008 nisiex
2395 2960 2496 3010 sin-

1433 3038 1599 3101 gulari
1639 3037 1891 3088 civilitate
1929 3036 1990 3085 iis
2026 3043 2213 3098 sponte
2253 3034 2494 3098 perfungl

1434 3116 1699 3165 voluisses.
1770 3113 2017 3163 Similiter
2072 3112 2300 3175 loquitur
2356 3112 2494 3160 Plin.

1435 3193 1603 3256 Epist.
1635 3205 1710 3240 vt·
1736 3194 1818 3240 31.
1841 3188 2138 3251 de,Trajaui
2170 3202 2348 3237 coeua:
2384 3189 2399 3216 ‘
2426 3188 2494 3237 E·

1432 3277 1516 3317 rat
1561 3267 1778 3322 modica,
1834 3267 1876 3315 si
1920 3266 2208 3329 principem
2262 3262 2498 3328 cogites?

1435 3344 1711 3392 Rarissime
1729 3349 1903 3391 autem
1920 3341 2004 3389 alii
2025 3340 2305 3405 principes,
2318 3341 2369 3388 iu
2388 3340 2498 3390 adi-

1433 3428 1489 3469 tu
1514 3427 1569 3469 et
1602 3418 1704 3468 fine
1740 3418 2100 3467 consulatuum
2131 3431 2335 3467 suorum
2373 3417 2497 3467 talia

1424 3495 1788 3558 jurajuranda
1814 3494 2198 3556 praestiterunt;
2234 3493 2330 3543 nisi
2354 3492 2494 3558 quod

1432 3574 1538 3623 Dio
1570 3572 1774 3622 Cassius
1809 3571 1897 3620 lib.
1932 3583 2054 3620 Lm.
2076 3585 2129 3634 p.
2162 3574 2278 3620 496.
2315 3568 2500 3631 refert,

1432 3648 1781 3699 Octavianum
1849 3646 2165 3712 Augustum,
2230 3647 2495 3696 consulem

1437 3739 1510 3776 vr.
1545 3741 1663 3776 cum
1700 3725 1801 3774 alia
1835 3726 2008 3774 omnia
2042 3723 2323 3774 secundum
2351 3723 2496 3773 insti·

1401 3809 1550 3855 ,tuta
1590 3803 1841 3866 majorum
1882 3804 2070 3866 egisse,
2109 3810 2215 3850 tum
2257 3800 2497 3864 perfunc-

1435 3888 1542 3930 tum
1587 3880 1893 3943 magistratu
1922 3879 2290 3942 jusjurandum
2328 3879 2497 3942 patrio

1433 3970 1576 4006 more
1602 3955 1928 4019 prestitisse.
1974 3954 2276 4004 Atlialarico
2302 3961 2496 4018 autem,

1433 4033 1543 4094 regi
1569 4031 1875 4095 Gothorum,
1906 4045 1997 4080 seu
2022 4031 2193 4094 potius
2222 4030 2497 4079 Cassiodo-

1435 4123 1509 4163 ro.
1535 4115 1651 4171 post
1681 4113 1942 4156 trecentos
1969 4119 2150 4163 annos,
2173 4100 2369 4153 nullum
2391 4104 2497 4154 tsle

1434 4182 1729 4245 exemplum
1754 4182 1881 4230 alius
1908 4182 2176 4244 principis,
2194 4180 2290 4229 nisi
2313 4180 2497 4243 Traja-

1435 4259 1507 4319 ni,
1532 4257 1818 4309 innotuisse
1855 4256 2090 4316 videtum
2125 4257 2199 4308 sic
2234 4256 2392 4321 enim,
2425 4257 2495 4308 E.-
