3060 4902
749 399 816 447 0.
867 397 1109 447 Pmmt
1160 396 1493 449 smmum
1546 396 1816 447 Panno.

312 531 605 602 Puteanus,
631 539 726 600 ita,
751 547 807 589 ut
830 540 1113 591 exhibeant
1137 555 1222 591 aec
1244 543 1379 589 dm-

311 633 432 681 que3
468 617 609 680 quod
635 617 845 665 auribus
868 615 1219 666 duriusculum
1245 616 1380 664 acci·

310 693 411 743 dit.
477 693 542 742 ln
567 692 872 756 quibusdam
895 693 1165 742 Vaticanis
1189 694 1381 756 legitur

307 785 370 819 ne
391 769 524 817 daus.
593 767 770 818 Ceteri
796 781 972 817 omnes
1001 768 1114 818 libri
1152 769 1382 832 produnt

311 846 577 908 vulgatam
602 845 898 894 lectionem.
958 845 1132 910 Atque
1157 845 1244 895 illa
1267 846 1380 909 qui·

310 922 432 972 dem
457 922 718 986 particula
741 937 830 984 que
852 929 995 972 recte
1022 922 1204 971 abesse
1230 934 1382 983 posse

311 999 543 1057 videtur.
560 1014 678 1048 cum
703 1000 780 1047 vis
800 999 1078 1062 copulandi
1096 1000 1207 1061 jam
1225 1000 1382 1048 lateat

311 1079 368 1128 in
394 1079 510 1142 ipsa
544 1078 798 1141 particula
831 1093 933 1129 nec.
1001 1079 1095 1128 Est
1130 1079 1264 1128 enim
1298 1093 1383 1128 nee

309 1156 443 1218 dm,
498 1159 554 1203 et
609 1168 757 1218 neque
796 1155 926 1210 dum,
973 1155 1184 1218 proprie
1225 1154 1384 1218 idem,

312 1231 452 1295 quod
478 1231 633 1294 vulgo
656 1228 848 1279 dicitur
878 1235 925 1279 et
948 1232 1172 1287 noudum,
1197 1230 1278 1279 vel
1301 1245 1383 1279 ae-

310 1323 404 1371 que
421 1307 587 1357 οάΙιιισ.
646 1307 732 1356 Sic
755 1308 898 1356 canit
919 1307 1171 1371 Virgilius
1195 1306 1313 1355 AEn.
1329 1319 1385 1355 v.

310 1388 434 1434 ⁴15.
464 1383 481 1410 ‘
511 1384 643 1432 Dum
670 1384 848 1432 melior
891 1383 1026 1431 vires
1061 1382 1269 1446 sanguis
1293 1382 1383 1430 da·

311 1459 426 1521 bat,
449 1459 631 1508 aemnla
651 1472 746 1507 uec
765 1458 882 1506 dum
906 1458 964 1522 (i.
982 1472 1029 1507 e.
1047 1466 1103 1507 et
1125 1456 1384 1521 nondum)

310 1535 655 1599 Temporibus
690 1534 905 1596 geminis
941 1534 1169 1583 canebat
1204 1546 1385 1597 sparsa

313 1611 596 1663 senectus!
645 1610 725 1661 Cf.
747 1612 858 1662 AEn.
876 1625 928 1660 v.
952 1616 1069 1661 006.
1092 1624 1203 1674 seq.
1221 1611 1384 1661 Juve-

312 1691 448 1740 nalis
467 1690 574 1739 Sat.
591 1693 764 1738 xr.65.
780 1692 795 1717 ‘
812 1691 890 1738 De
909 1688 1189 1737 Tiburtino
1210 1688 1385 1738 veniet

314 1766 682 1832 pinguissimus
719 1780 843 1828 agro
882 1763 1159 1826 Hoedulus,
1190 1771 1245 1813 et
1276 1771 1385 1813 toto

311 1856 479 1907 grege
526 1841 744 1900 mollior,
786 1841 976 1889 inscius
1023 1839 1223 1904 herbae,
1266 1840 1385 1889 Nec

314 1918 439 1968 dum
483 1932 639 1967 ausus
682 1917 853 1982 virgas
893 1917 1098 1966 humilis
1143 1917 1386 1967 mordere

312 1995 523 2046 salicti.'
585 1995 673 2044 Sic
719 2003 775 2042 et
820 1995 930 2043 Cic.
986 1993 1156 2042 Attic.
1202 2006 1256 2043 x.
1304 1997 1384 2044 10.

310 2074 329 2102 ⁸
355 2073 477 2136 Ille,
499 2072 624 2136 quid
647 2079 787 2135 agat,
823 2071 863 2119 si
901 2070 1022 2126 scis,
1057 2084 1226 2133 neque
1262 2068 1384 2119 dum

309 2149 375 2214 (i.
398 2164 448 2198 e.
473 2155 527 2197 et
550 2146 802 2212 noudum)
822 2147 981 2195 Roma
1002 2161 1058 2195 es
1086 2145 1385 2208 profectus3

313 2225 511 2276 scribas
537 2225 600 2273 ad
628 2237 730 2286 me,
756 2222 947 2271 velim.²
1001 2223 1189 2286 Neque
1216 2229 1384 2272 tamen

311 2302 395 2350 11ae
422 2300 692 2364 particulae
714 2313 921 2361 semper
936 2298 1197 2348 notionem
1223 2312 1386 2361 copu-

312 2377 457 2426 landi
478 2376 914 2438 complectuntur,
941 2373 1032 2423 sed
1070 2381 1126 2423 et
1150 2374 1385 2436 aliquan·

312 2454 385 2503 do
443 2453 753 2515 simpliciter
796 2460 1000 2513 notant,
1045 2451 1060 2479 ⁸
1097 2447 1383 2511 nondum,'

313 2534 333 2561 ‘
359 2546 462 2580 non
484 2527 703 2590 adliuc3'
738 2543 788 2578 v.
815 2543 865 2590 g.
900 2527 1038 2590 apud
1061 2528 1246 2590 virgil.
1270 2527 1384 2577 Ecl.

313 2621 396 2658 tx.
430 2612 516 2658 26.
553 2608 568 2635 ⁸
596 2606 758 2655 Immo
794 2605 923 2665 baec,
956 2618 1071 2666 quae
1109 2604 1251 2653 Varo
1285 2617 1382 2653 nec

312 2686 437 2734 dum
464 2681 700 2747 perfecta
724 2680 985 2731 canebat.’
1054 2680 1243 2745 Itaque
1279 2679 1383 2729 for·

314 2768 458 2811 tasse
475 2775 504 2809 a
529 2760 771 2809 Pliniauo
788 2771 978 2821 genere
1000 2756 1259 2806 scribendi
1281 2769 1383 2804 non

314 2836 450 2886 adeo
491 2836 714 2884 alienum
770 2840 931 2895 esset,
973 2832 1051 2881 his
1107 2832 1383 2896 particulis

314 2912 476 2962 etiam
501 2909 776 2974 copulandi
813 2909 1114 2971 particulam
1152 2907 1383 2972 adjungi.

313 2988 441 3052 lpse
464 2987 599 3038 euim
626 2987 764 3036 Plin.
793 2999 913 3035 xtv.
940 2989 988 3034 1.
1012 2988 1027 3014 ‘
1052 2986 1120 3034 Et
1141 2999 1239 3034 nec
1262 2984 1382 3035 dum

314 3064 625 3126 imperator,
653 3077 746 3111 nec
780 3061 901 3111 dum
939 3060 1044 3110 Dei
1079 3059 1214 3110 tilius
1237 3062 1385 3111 φημ’

316 3141 385 3191 Et
421 3154 536 3190 tvi.
567 3143 615 3190 2.
649 3143 665 3169 ⁸
692 3140 762 3188 Et
785 3152 883 3187 nec
916 3137 1036 3187 dum
1071 3136 1138 3187 de
1178 3137 1384 3187 biennio

315 3214 535 3279 loquor-⁹
601 3217 902 3280 Quanquam
931 3215 982 3263 in
1018 3213 1094 3263 his
1127 3213 1386 3277 particula

313 3298 363 3342 et
388 3292 702 3354 singularem
729 3291 829 3339 vim
855 3288 1200 3353 exaggerandi
1230 3289 1383 3338 babe-

315 3378 386 3418 at.
455 3368 636 3417 Malim
693 3377 867 3417 autem
921 3367 1184 3430 sejunctis,
1231 3380 1384 3430 quarn

315 3445 612 3508 conjunctis
671 3443 942 3509 particulis
1001 3443 1250 3500 scribere,
1301 3457 1386 3492 nec

314 3523 449 3582 dara,
472 3523 513 3569 si
539 3521 774 3584 inprimis
808 3518 1153 3570 connectendi
1184 3518 1286 3568 vim
1308 3520 1382 3569 in·

317 3600 550 3648 volvant.
589 3597 741 3647 Idem.

382 3674 626 3737 Necdum]
665 3674 968 3736 Necdumque
989 3673 1054 3720 V.
1079 3671 1242 3722 Lirin.
1267 3686 1384 3736 pro·

314 3752 401 3802 be.
440 3751 682 3801 nuceria.
1179 3796 1182 3799 ,

382 3828 490 3888 Me,
510 3842 575 3876 ou
604 3824 864 3889 audierim]
902 3823 1157 3874 Mendose
1181 3839 1273 3888 pro
1295 3840 1385 3883 me,

312 3906 570 3969 seriptum
605 3913 685 3954 est
718 3918 777 3953 ne
819 3905 870 3952 in
908 3903 1088 3952 codice
1130 3902 1384 3952 salisbur-

314 3981 464 4046 gensi
511 3988 568 4030 et
613 3995 728 4030 meo
751 3996 766 4039 ς
823 3980 946 4029 item
992 3980 1230 4042 intelligo,
1288 3994 1383 4043 pro

311 4060 557 4126 sequenti
593 4060 754 4109 verbo
790 4058 1052 4120 intem-ogo.
1120 4059 1236 4107 Nec
1274 4057 1384 4120 pla·

314 4149 402 4189 cet
429 4143 515 4188 ane
538 4137 760 4196 viderim,
794 4151 884 4199 pro
906 4152 969 4184 an
1002 4135 1221 4198 viderim,
1246 4134 1380 4199 quod

311 4218 488 4267 iuveni
517 4218 568 4266 in
594 4214 900 4274 Parisiensi,
923 4214 1128 4263 Veneto
1149 4219 1200 4263 2.
1220 4214 1380 4264 Guel-

314 4294 668 4359 pherbytanm
692 4298 746 4342 et
770 4290 903 4339 libro
930 4290 1198 4355 vossiano,
1222 4299 1380 4356 atque

1901 400 1951 448 ι.
1981 383 2089 450 64.
2389 380 2521 449 863

1454 540 1507 590 in
1563 539 1796 591 editione
1848 540 2107 591 sichardi.
2177 538 2431 591 Edlderat
2471 548 2536 591 et

1456 618 1724 680 Gryphius
1750 633 1835 667 an.
1871 623 2015 667 1⁵³1.
2041 623 2163 676 «tut,⁶
2199 625 2254 668 at
2277 633 2356 670 an.
2381 622 2529 669 1542.

1458 709 1553 758 pro
1577 709 1642 743 eo
1667 695 1899 759 reposuit
1922 711 2003 744 nu.
2036 695 2299 745 Schwarz.

1520 771 1763 831 Pontifex
1795 771 2055 834 maximus]
2113 771 2232 822 Jam
2271 772 2522 823 Octavius

1457 846 1745 912 Augustus,
1777 861 1841 896 ne
1878 847 1998 911 quid
2041 848 2138 911 ipsi
2171 848 2237 897 ad
2273 861 2523 899 summam

1455 931 1772 988 potestatem
1850 923 2082 982 deesset,
2161 924 2524 987 pontificatum

1456 1001 1756 1063 maximum,
1788 1015 1940 1065 quem
1972 1015 2232 1065 uunquam
2269 1002 2388 1050 vivo
2421 1003 2524 1052 Le-

1456 1077 1580 1142 pido
1604 1077 1812 1128 auferre
1835 1077 2176 1141 sustinuerat,
2198 1076 2300 1127 hoc
2324 1086 2523 1129 mortuo

1456 1155 1685 1218 demum,
1709 1154 1957 1218 suscepit,
1981 1167 2112 1202 anno
2135 1154 2344 1217 quidem
2369 1154 2438 1204 U.
2457 1156 2522 1206 C.

1455 1245 1682 1284 nccmv.
1712 1230 1883 1295 pridie
1913 1232 2088 1282 Nonas
2111 1232 2351 1281 Martias.
2393 1232 2524 1282 Sue·

1456 1316 1569 1360 ton.
1587 1308 1725 1371 Aug.
1747 1323 1795 1358 c.
1816 1313 1898 1359 31.
1929 1310 2027 1358 Dio
2051 1308 2085 1357 1.
2109 1322 2219 1358 mv.
2252 1313 2437 1372 p.540.
2470 1315 2526 1358 et

1454 1384 1619 1435 Ovid.
1657 1386 1803 1435 Fast.
1839 1398 1926 1434 ιιι.
1967 1389 2084 1434 420.
2149 1385 2269 1434 Hoc
2303 1385 2440 1435 enim
2472 1386 2523 1434 ei

1454 1460 1640 1510 deerat
1677 1459 1741 1509 ad
1783 1474 2029 1510 summam
2071 1474 2239 1510 rerum
2279 1461 2418 1509 omni
2455 1473 2524 1509 ex

1456 1544 1610 1601 parte
1655 1536 2007 1600 expleudau13
2063 1551 2181 1586 cum
2227 1536 2525 1600 respublica

1456 1614 1591 1664 bene
1614 1614 1857 1665 ordinata
1891 1616 2240 1677 contineatur,
2264 1622 2319 1663 et
2350 1614 2523 1677 religi·

1454 1691 1568 1739 ouis
1590 1691 1923 1752 caerimoniis,
1949 1699 2004 1740 et
2040 1690 2239 1754 legibus
2275 1690 2526 1740 humanis.
2632 1725 2641 1732 ,

1457 1765 1543 1816 Ab
1582 1781 1646 1816 eo
1688 1774 1923 1832 tempore
1959 1767 2119 1817 honos
2154 1767 2197 1815 is
2239 1766 2524 1832 titulusque

1456 1843 1696 1907 proprius
1762 1844 2135 1906 imperatorum
2214 1843 2520 1907 permansit,

1459 1937 1621 1988 usque
1654 1922 1719 1972 ad
1756 1922 2090 1984 Gratianum,
2126 1922 2213 1987 qui
2239 1922 2434 1985 primus
2458 1935 2524 1971 ex

1459 2000 1858 2062 imperatoribus
1900 2000 2211 2049 Christianis
2243 2000 2379 2048 ltunc
2414 2013 2523 2048 mo·

1460 2089 1567 2124 rem
1594 2084 1864 2124 aversatus
1899 2083 1998 2136 est,
2023 2083 2158 2124 teste
2182 2075 2407 2130 Ζοιιίιιιο.
2429 2073 2524 2123 lib.

1460 2164 1516 2200 v.
1585 2151 1719 2200 Vide
1751 2150 2111 2200 Casaubouum
2148 2149 2210 2198 ad
2249 2150 2468 2200 Sueton.
2490 2150 2525 2196 l.

1457 2239 1507 2274 c.
1530 2233 1585 2275 et
1605 2226 1692 2276 Jo.
1716 2225 1879 2275 Andr.
1911 2227 2125 2274 Bosium
2160 2224 2225 2273 de
2261 2223 2523 2274 Pontiflce

1460 2302 1696 2351 Maximo
1719 2303 1927 2351 Veteris
1956 2303 2150 2350 Roma·-
2193 2301 2334 2349 Plin.
2358 2301 2524 2364 Epist.

1462 2391 1520 2427 x.
1554 2381 1637 2427 78.
1676 2377 1738 2427 ad
1773 2378 2079 2440 Trajauum,
2102 2377 2170 2425 de
2209 2376 2522 2426 transferen-

1459 2455 1542 2506 dis
1567 2454 1890 2519 quorundam
1917 2464 2235 2504 mortuorum
2273 2454 2528 2518 reliquiis,

1458 2538 1473 2560 ⁸
1492 2530 1600 2592 Te,’
1624 2532 1808 2595 iuquit.
1822 2531 1838 2558 ‘
1857 2532 2082 2591 domiue,
2102 2531 2378 2579 maximum
2395 2544 2522 2592 pou-

1461 2606 1657 2657 tificem
1682 2606 2050 2656 consulendum
2078 2604 2295 2670 putavi.'
2350 2606 2522 2654 Caesa-

1461 2699 1562 2747 res,
1600 2684 1687 2749 qui
1727 2685 1949 2733 nondum
1987 2682 2250 2745 fastigium
2297 2680 2525 2744 Augusti

1459 2760 1893 2823 conscenderant,
1908 2758 2222 2809 solummodo
2239 2758 2529 2821 pontifices,

1459 2848 1514 2888 et
1535 2839 1834 2902 pierumque
1858 2851 2013 2901 supra
2038 2850 2302 2885 numerum
2324 2836 2374 2883 iu
2398 2849 2523 2898 pon·

1460 2914 1654 2963 tificum
1680 2913 1950 2975 collegium
1989 2913 2222 2973 cooptati
2249 2910 2430 2971 fuere3
2468 2911 2521 2960 id

1460 2990 1596 3054 quod
1622 3004 1685 3039 ex
1710 2990 1926 3038 nummis
1951 2987 2180 3051 antiquis
2211 2987 2336 3034 satis
2358 2993 2523 3049 patet.

1460 3069 1706 3117 Ceterum
1751 3065 1917 3114 codex
1957 3064 2058 3112 Ms-
2105 3063 2337 3110 Venetus
2378 3066 2425 3111 2.
2465 3068 2523 3110 et

1460 3158 1642 3207 paucae
1668 3141 1943 3201 editiones,
1960 3138 2263 3187 vocabulum
2281 3135 2524 3200 pontifex,

1461 3236 1577 3270 cum
1602 3217 2032 3269 antecedentibus
2059 3215 2223 3264 titulis
2248 3228 2343 3278 per
2363 3228 2524 3278 copu-

1460 3296 1562 3344 lam
1586 3300 1632 3345 et
1658 3294 2003 3357 conjungunt,
2040 3292 2195 3356 idque
2229 3290 2359 3341 satis
2381 3297 2524 3355 apte.

1460 3372 1616 3420 Idem.

1524 3446 1761 3507 Pontifex
1791 3444 2052 3508 maximus]
2093 3443 2263 3492 Etiam
2303 3441 2522 3493 Pontifi-

1457 3525 1536 3574 cis
1581 3525 1658 3574 M.
1693 3522 1899 3572 nomine
1941 3522 2287 3585 imperatores
2332 3520 2523 3584 gaude·

1460 3601 1609 3662 bant,
1656 3609 1713 3649 ut
1764 3614 1827 3648 ex
1870 3599 2087 3648 nummis
2132 3598 2258 3647 satis
2302 3603 2525 3648 constat.

1460 3675 1618 3741 Apud
1668 3675 1966 3740 pontificem
2012 3675 2292 3723 maximum
2348 3681 2522 3724 autern

1457 3768 1655 3802 summa
1670 3760 1781 3802 erat
1798 3766 2059 3802 sacrorum
2078 3760 2330 3815 potestas.
2362 3751 2525 3800 Plura

1460 3830 1615 3880 Alex.
1637 3829 1701 3878 ab
1721 3829 1868 3878 Alex.
1895 3842 1959 3877 ιι.
1983 3832 2032 3876 8.
2063 3827 2279 3876 Putarol.

1524 3904 1762 3968 Pontifex
1798 3906 2061 3968 iunximus]
2111 3904 2291 3960 Forte,
2317 3902 2386 3952 Et
2404 3916 2521 3965 pou·

1458 3982 1582 4042 tifex
1603 3982 1854 4031 maximus.
1884 3981 2047 4030 Livin.

1523 4059 1761 4119 Pontifex
1782 4057 2040 4120 maximus]
2056 4054 2226 4105 Lirin.
2242 4054 2423 4105 inserit
2444 4060 2491 4105 et
2505 4072 2522 4105 .-

1460 4138 1641 4202 probe.
1667 4136 1799 4184 Βία.

1495 4212 1590 4279 uEt
1614 4211 1738 4260 sedit
1774 4206 2067 4270 incurbatus]
2099 4206 2279 4257 Codex
2309 4206 2522 4257 Vatica-

1456 4302 1552 4338 nus
1571 4289 1720 4336 8461.
1742 4286 1867 4336 vitio
1892 4283 2117 4338 laborat,
2133 4280 2254 4331 dum
2274 4282 2455 4340 refert,
2475 4290 2521 4332 et
