3060 4902
756 402 824 448 c.
871 396 1111 446 romu
1161 396 1493 446 SsscuNm
1543 395 1821 445 PANEG.
1897 385 2084 449 t.51.

311 557 427 594 cnut
466 542 542 593 ait
576 543 707 607 quod
736 546 895 606 pater,
922 540 1141 592 subaudi
1171 543 1383 599 dederat,

306 620 366 669 id
395 627 498 681 est,
519 618 906 681 patrimonium.
969 620 1156 682 Supra,
1182 620 1197 646 ‘
1218 621 1384 670 multa

309 697 453 746 enim
486 711 555 745 ex
583 697 891 760 patrimonio
914 695 1080 746 refert
1103 698 1152 745 in
1176 696 1382 760 imperi-

306 772 433 831 um,’
461 777 563 823 ὅτε.
630 774 869 829 Rursum,
903 781 918 803 ⁴
943 775 1040 823 ista
1061 775 1266 839 inquam
1291 774 1382 823 do·

309 849 503 905 nas‚iu
539 863 653 912 quae
687 850 906 914 electus,
929 851 982 899 in
1014 865 1132 915 quas
1165 848 1382 913 adopta-

310 932 401 975 tus
426 924 518 973 es.’
548 925 711 974 Livia.

386 1001 464 1050 ss
486 1004 598 1058 tuis,
618 1018 720 1065 «μαι
739 1000 902 1065 pater]
942 1002 1112 1052 Tutius
1131 1003 1269 1065 quod.
1308 1002 1381 1052 Ο·

309 1077 406 1127 lim
438 1077 824 1127 emendavimus
854 1087 906 1127 et
937 1080 1136 1140 scripto
1158 1092 1383 1128 commu-

310 1156 604 1206 nicavimus
647 1171 760 1204 cum
800 1156 983 1212 amit-o,
1013 1161 1069 1205 tu
1107 1156 1223 1214 tuis,
1261 1158 1384 1217 quod

305 1239 468 1298 pater.
535 1233 635 1282 Ille
670 1232 902 1282 detraxit
935 1233 1032 1282 sibi
1070 1233 1133 1282 ab
1166 1233 1382 1294 imperio

314 1310 533 1369 relicta;
567 1316 626 1358 tu
660 1309 821 1371 magis
850 1310 1057 1373 proprie
1081 1316 1188 1366 tua,
1212 1324 1326 1375 qutn
1350 1324 1383 1358 a

312 1396 490 1451 patre,
512 1387 562 1436 id
586 1396 684 1442 est,
707 1389 902 1437 Nerva.
936 1388 1072 1452 Lips.

387 1466 462 1513 Tu
483 1466 601 1528 tais,
620 1480 724 1527 quoe
741 1465 904 1530 puter]
940 1465 988 1514 1.
1015 1479 1060 1514 e.
1086 1472 1141 1513 tu
1167 1465 1268 1514 tnis
1292 1464 1381 1515 bo·

313 1542 396 1590 nis
432 1541 669 1591 detrahis
704 1555 786 1605 ea,
826 1556 943 1606 quae
984 1549 1149 1606 pater,
1187 1541 1383 1605 Nerva,

315 1618 413 1667 tibi
452 1617 712 1680 dederat3
759 1633 862 1683 qua
899 1632 957 1667 re
997 1626 1191 1681 patrem
1235 1626 1379 1667 tuum

315 1710 554 1760 superas,
575 1710 692 1745 cum
715 1695 799 1745 bic
824 1703 1021 1745 tautum
1049 1694 1115 1743 de
1143 1695 1203 1743 iis
1236 1695 1382 1744 bonis

314 1773 512 1837 aliquid
534 1772 873 1833 subtraxerit,
895 1770 1259 1836 quae,favente
1278 1770 1382 1821 for·

314 1856 463 1909 tuna,
483 1863 601 1897 cnm
623 1848 839 1910 imperio
858 1848 1181 1897 obtinuerat:
1218 1856 1272 1897 tu
1295 1863 1383 1897 au·

314 1932 424 1975 tem
461 1925 630 1974 adhuc
654 1923 850 1987 aliquid
878 1925 1098 1987 amplius
1128 1924 1385 1973 subtrahis

311 2003 394 2058 iis,
420 2017 538 2066 quae
570 2003 734 2066 magis
770 2008 891 2050 sunt
926 2010 1036 2064 tua,
1066 2007 1251 2065 utpote
1288 2017 1383 2064 per

315 2078 655 2141 adoptionem
693 2087 747 2126 et
784 2078 1126 2127 hereditatem
1164 2094 1194 2126 a
1229 2087 1384 2142 patre

315 2162 555 2218 accepts·
612 2155 782 2203 Locus
802 2155 901 2210 hic,
924 2155 1058 2218 quod
1084 2156 1262 2204 mirum
1285 2162 1387 2217 est,

313 2245 567 2296 perquam
593 2230 679 2279 diu
701 2232 974 2280 mendosus
995 2232 1206 2294 prodiit.
1255 2233 1383 2283 Cus-

313 2308 556 2373 pinianus
571 2306 734 2357 edidit
755 2309 933 2371 potius,
949 2323 1054 2371 (μισ,
1073 2313 1225 2371 pater.
1279 2309 1382 2357 Pu·

314 2385 556 2435 teolanus
576 2392 630 2434 et
648 2385 957 2443 Beroaldus,
974 2385 1212 2448 tutiusque
1233 2391 1387 2448 pater.

315 2462 500 2513 Codex
531 2477 672 2512 meus
700 2462 858 2510 habet
890 2463 1058 2517 eutius,
1086 2479 1189 2526 (μα’
1218 2469 1386 2526 pater.-

311 2541 401 2589 cni
431 2540 647 2589 lectioni
671 2539 888 2588 similem
912 2540 1171 2602 existimo,
1196 2555 1310 2603 quae
1333 2540 1383 2590 in

312 2616 590 2666 codicibus
621 2616 889 2665 Vaticanis
917 2625 972 2664 et
996 2617 1201 2666 Veneto
1223 2622 1271 2666 2.
1292 2631 1383 2665 ex·

315 2701 418 2755 tat,
439 2693 596 2742 tatius
615 2708 702 2755 que
726 2697 865 2754 pater
878 2708 898 2750 ,-
931 2706 1046 2742 cum
1072 2693 1124 2741 in
1145 2707 1246 2741 non
1271 2694 1385 2742 nul·

314 2767 379 2816 lis
421 2766 692 2816 codicibus
737 2767 1087 2831 diphthongus
1133 2783 1176 2816 oe
1221 2785 1316 2831 pet·
1361 2784 1386 2818 e

316 2844 540 2906 simplex
579 2843 855 2893 scribatur.
922 2843 995 2893 At
1026 2844 1195 2893 codex
1228 2845 1386 2894 Salis·

316 2918 591 2982 burgensis
644 2919 852 2969 exbibet
905 2920 1058 2970 tutius
1103 2920 1188 2968 hoc
1231 2927 1386 2984 pater.

316 2995 461 3046 Cevs
504 2995 889 3046 rescribendum
940 2997 1146 3061 putavit
1192 3002 1244 3045 tu
1279 2996 1385 3059 jus,

316 3076 443 3137 quod
475 3079 634 3137 puter,
668 3076 702 3122 i.
736 3088 783 3123 e.
818 3082 876 3123 tu
912 3073 1094 3134 donas,
1129 3089 1244 3138 quae
1282 3089 1383 3124 non

316 3150 558 3207 fortuito,
597 3150 690 3199 sed
726 3151 848 3214 jure
882 3151 1203 3214 adoptionis,
1236 3166 1386 3200 acce·

317 3227 461 3292 pisti.
533 3227 730 3277 Omnes
772 3227 967 3290 vulgati
1006 3227 1125 3277 libri
1165 3229 1385 3278 antehac

314 3304 604 3368 prodidere
645 3304 818 3366 tatius,
861 3306 983 3367 quod
1013 3310 1170 3367 pater.
1247 3306 1385 3355 Livi-

314 3382 465 3430 neius
489 3388 545 3429 et
566 3380 769 3444 Lipsius
788 3380 940 3443 primi
958 3395 1023 3429 ex
1044 3381 1249 3443 ingenio
1265 3396 1386 3431 con-

304 3459 512 3522 ,ἥκει-ε,
529 3456 804 3521 legendnm
829 3470 945 3506 esse
964 3462 1016 3506 tu
1035 3458 1147 3513 tuis,
1166 3459 1286 3521 quod
1301 3474 1386 3522 pu-

316 3542 422 3593 ter,-
457 3549 630 3598 neque
666 3543 839 3584 tamen
870 3534 1038 3584 adhuc
1065 3535 1387 3598 conjecturae

314 3613 438 3662 huic
459 3612 630 3661 locum
653 3612 912 3661 indulsere
933 3613 983 3662 iu
1003 3619 1252 3662 contextu
1273 3628 1388 3661 ora·

315 3688 494 3738 tionis.
561 3688 767 3737 Primus
800 3689 932 3739 hanc
971 3689 1387 3738 emendationem

313 3763 523 3827 recepit
560 3764 955 3828 Berneggerus;
992 3780 1142 3829 quem
1183 3765 1388 3814 demum

314 3842 485 3890 secuti
498 3849 618 3889 sunt
635 3841 1013 3902 Graviusdac.
1031 3843 1172 3891 Dela
1187 3843 1392 3904 Baune,

317 3915 591 3971 Cellarlus,
627 3917 923 3981 cellariani,
956 3919 1050 3968 Th.
1076 3917 1303 3975 Hearne,
1334 3926 1389 3967 et

317 4005 458 4044 nnnc
474 3991 791 4043 Arntzenitts
806 4001 961 4057 atque
976 3994 1262 4046 Gesnerus.
1293 3995 1390 4045 Cui

317 4071 534 4121 lectioni
557 4068 703 4119 favet
719 4070 851 4119 liber
870 4072 1182 4132 Vossianus3
1216 4086 1391 4135 quam-

319 4161 472 4211 quam
499 4148 552 4196 in
574 4146 761 4196 eodem
785 4148 934 4196 etiam
962 4157 1264 4197 annotatum
1292 4157 1393 4211 est,

319 4224 480 4280 ι48111,
513 4228 570 4274 ra
600 4223 724 4287 ruis,
749 4238 840 4285 que
869 4224 1042 4287 pater)
1107 4226 1239 4276 Quae
1274 4224 1391 4288 ipsa

2391 393 2524 458 '749

1457 541 1616 591 lectio
1641 549 1788 593 extat
1811 557 2017 608 quoque
2043 542 2093 592 in
2116 544 2299 596 codice
2328 549 2522 600 Parisi-

1458 619 1589 682 ensi,
1611 627 1663 669 et
1688 620 1999 669 luculentior
2019 621 2333 684 exprimitur
2357 628 2406 673 in
2432 641 2521 675 co·

1458 696 1577 746 dice
1606 698 2088 761 Guelpherhytano.
2159 700 2387 751 Proinde
2407 704 2522 753 sine
2559 685 2567 694 ⁶

1458 771 1785 823 haesitatione
1833 775 1964 823 hauc
2010 777 2365 837 posteriorem,
2408 786 2522 828 tan·

1458 865 1613 914 quam
1636 852 1929 913 genuinam,
1947 854 2214 915 amplexus
2236 870 2366 904 sum.
2413 858 2524 906 Ne·

1458 940 1542 974 mo
1572 927 1710 975 enim
1747 929 2146 992 nonintelligit,
2179 945 2331 993 quam
2366 930 2520 982 facile

1458 1017 1522 1051 ex
1571 1003 1779 1051 vocibus
1824 1009 1877 1051 lu
1918 1006 2017 1053 tuis
2054 1006 2105 1052 in
2146 1021 2209 1054 ea
2247 1009 2523 1071 scriptura,

1458 1094 1562 1144 qua
1598 1079 1765 1128 literae
1801 1082 1820 1129 i
1851 1082 1994 1129 nulla
2029 1091 2222 1145 puncta
2253 1085 2522 1149 imponun-

1459 1162 1563 1216 tur,
1590 1169 1682 1218 per
1705 1158 1901 1205 inertes
1925 1158 2181 1214 librarios,
2201 1167 2289 1209 aut
2314 1175 2408 1224 per
2433 1176 2522 1211 eos

1456 1231 1543 1295 qui
1587 1232 1715 1281 hanc
1754 1234 2066 1297 scripturam
2113 1237 2284 1298 legere
2322 1240 2525 1289 nescie-

1458 1317 1597 1365 runt,
1635 1308 1809 1371 effingi
1847 1314 2076 1375 potuerit
2111 1317 2416 1365 vocabulum
2446 1323 2522 1365 tu·

1456 1386 1574 1435 tius.
1630 1385 1828 1436 Adhaec
1857 1402 1957 1437 non
1984 1390 2147 1440 solum
2173 1406 2236 1439 ex
2262 1394 2523 1450 antithesi,

1455 1461 1549 1510 sed
1594 1462 1752 1510 etiam
1793 1478 1857 1512 ex
1902 1465 2158 1527 scriptura
2198 1483 2302 1529 que,
2341 1469 2522 1533 liquet,

1456 1553 1561 1587 non
1589 1541 1712 1601 quod
1735 1545 1890 1602 pater,
1914 1541 2004 1590 sed
2034 1558 2142 1605 (μω
2166 1549 2323 1608 puter,
2344 1546 2522 1609 legeu-

1458 1615 1578 1664 dum
1603 1631 1733 1666 esse.
1770 1617 2014 1667 Schwart-

1528 1694 1603 1742 Ttt
1618 1693 1738 1756 tuis]
1757 1695 1845 1743 Sic
1861 1696 2068 1758 reposui
2088 1710 2181 1760 pro
2202 1699 2369 1753 tutius,
2384 1698 2523 1762 quod

1457 1769 1507 1818 in
1558 1772 1818 1835 plerisque
1857 1773 2061 1833 legitur,
2101 1786 2165 1820 ex
2205 1775 2523 1824 auctoritate

1457 1847 1701 1903 Livineii,
1724 1849 1905 1912 Lipsii,
1930 1858 1985 1898 et
2012 1850 2257 1901 editionis
2286 1852 2523 1914 Lipsien-

1457 1923 1547 1972 sis.
1583 1924 1803 1975 Puturol.

1526 2000 1842 2067 Magnificus]
1885 2002 1969 2051 De
1997 2003 2223 2066 Trajano
2258 2004 2362 2052 Dio
2398 2004 2525 2053 Cas·

1460 2077 1588 2140 sius,
1613 2078 1700 2126 lib.
1724 2091 1928 2127 vattt.
1953 2094 2003 2141 p.
2023 2084 2136 2128 ⁷72.
2176 2087 2190 2108 ⁸
2210 2081 2522 2141 Magnificus

1460 2162 1647 2202 natura
1668 2163 1719 2203 et
1741 2157 2091 2216 magnanimus
2108 2155 2253 2204 erat?
2297 2158 2359 2204 Et
2379 2157 2524 2219 paul-

1459 2230 1510 2278 lo
1535 2238 1655 2279 ante
1680 2232 1903 2286 dixerat,
1925 2234 1939 2257 ⁴
1956 2233 2139 2293 muita,
2162 2246 2325 2293 eaque
2348 2232 2525 2296 appri-

1458 2319 1543 2354 me
1570 2306 1863 2355 necessaria
1887 2306 2183 2364 aedificavit,
2201 2308 2346 2370 cujus
2369 2323 2522 2368 geue-

1460 2383 1529 2431 ris
1550 2391 1672 2432 sunt
1692 2383 1809 2443 viae,
1831 2391 2027 2446 portus,
2047 2383 2264 2432 aediticia
2285 2384 2525 2446 pubiica;

1459 2475 1676 2524 quorum
1702 2468 1874 2509 tamen
1898 2475 2076 2508 caussa
2096 2460 2282 2509 nullius
2300 2476 2523 2526 unquam

1458 2538 1758 2601 sanguinem
1784 2534 2004 2586 effttdit.’
2039 2538 2186 2585 Idem.

1523 2614 1597 2660 At
1625 2628 1763 2675 quam
1790 2613 2075 2676 magnificus
2103 2614 2151 2660 in
2183 2613 2419 2675 publicam
2445 2615 2523 2680 es]

1460 2690 1506 2738 1.
1541 2706 1586 2741 e.
1621 2706 1770 2755 quam
1809 2691 2078 2753 magnifice
2118 2706 2278 2754 opera
2314 2692 2523 2757 publica

1459 2768 1746 2829 construis3
1783 2769 1855 2816 uti
1881 2769 2063 2817 Victor
2089 2770 2137 2817 in
2158 2771 2354 2818 Caesar.
2377 2783 2421 2819 c.
2442 2775 2525 2820 40.

1461 2843 1681 2907 loquitur
1733 2844 1800 2892 de
1852 2845 2138 2894 Maxentio.
2231 2846 2525 2895 Recensent

1462 2920 1701 2982 quaedam
1731 2921 1942 2983 Trajani
1973 2935 2132 2983 opera
2161 2921 2437 2970 Catanaeus
2469 2930 2525 2971 et

1462 2997 1700 3058 Lipsius3
1735 2997 1826 3045 sed
1866 2998 1917 3045 in
1951 2997 2030 3045 his
2066 3011 2167 3044 non
2202 3010 2371 3057 pauca
2404 3005 2526 3047 sunt

1463 3072 1666 3120 demunt
1694 3081 1809 3134 post
1834 3072 1968 3121 hunc
1994 3071 2369 3134 Panegyricum
2397 3073 2526 3121 aedi-

1462 3147 1638 3197 ficata.
1696 3148 1809 3199 Qua
1833 3149 1882 3197 in
1909 3163 1964 3197 re
1988 3148 2244 3210 Trajantts
2270 3148 2523 3210 privatam

1461 3234 1695 3275 veterum
1719 3229 2061 3276 Romanorum
2081 3225 2453 3290 frugalitatem,
2471 3239 2527 3278 at

1466 3302 1730 3365 publicum
1773 3303 1989 3352 ornandi
2032 3303 2237 3367 imperii
2279 3305 2525 3363 studium,

1462 3376 1694 3427 imitatus
1726 3387 1833 3437 est;
1874 3377 1939 3425 de
1972 3393 2076 3441 quo
2098 3380 2268 3429 studio
2297 3381 2408 3430 Cic.
2430 3394 2527 3446 pro

1465 3454 1671 3515 Flacco,
1695 3469 1742 3502 c.
1769 3459 1847 3503 12.
1883 3455 1898 3481 ‘
1923 3454 2054 3504 Haec
2086 3455 2218 3503 ratio
2251 3464 2305 3505 et
2332 3459 2530 3521 magni.

1464 3530 1591 3581 tudo
1627 3532 1908 3580 animorum
1942 3532 1992 3580 in
2026 3532 2307 3595 majoribus
2341 3536 2528 3585 nostris

1463 3609 1583 3672 fuit,
1607 3616 1683 3670 ut,
1713 3623 1829 3658 cum
1868 3610 1919 3659 in
1956 3610 2168 3673 privatis
2206 3611 2379 3672 rebus,
2402 3614 2529 3661 suis·

1464 3704 1566 3753 que
1603 3688 1879 3749 sumtibus,
1922 3689 2129 3737 minimo
2167 3692 2416 3754 contenti,
2451 3699 2529 3740 te·

1464 3766 1710 3815 nuissimo
1744 3767 1886 3814 cultu
1924 3766 2186 3825 viverent3
2224 3765 2273 3814 in
2309 3767 2527 3829 imperio

1466 3849 1622 3904 atque
1655 3841 1707 3889 in
1738 3840 1949 3902 publica
1978 3841 2232 3902 dignitate
2262 3842 2432 3889 omnia
2461 3841 2529 3890 ad

1466 3918 1678 3981 gloriam
1720 3917 2151 3980 splendoremque
2186 3917 2530 3968 revocarent.’

1467 3995 1615 4043 Idem
1655 4007 1747 4055 pro
1783 3994 2038 4049 Muraena.
2064 4007 2111 4040 c.
2134 3997 2214 4041 36.
2249 3993 2264 4020 ‘
2286 3993 2416 4041 Odit
2439 4008 2531 4056 po·

1466 4071 1616 4134 pulus
1652 4071 1912 4119 Romanus
1949 4069 2530 4131 privatamiuxuriam3

1466 4145 1729 4210 publicam
1747 4143 2183 4208 magnificentiam
2200 4141 2403 4203 diligit!
2451 4144 2528 4192 Si·

1465 4222 1660 4271 militer
1678 4221 1887 4270 Sallust.
1911 4219 2065 4269 Catil.
2089 4233 2135 4268 c.
2150 4222 2200 4265 9.
2217 4217 2281 4265 de
2305 4218 2529 4283 antiquis
