3060 4902
537 350 671 420 856

537 516 648 564 sive
670 511 986 576 destinabat,
1011 513 1103 562 lios
1127 513 1328 577 illone,
1352 510 1403 563 in
1425 511 1519 564 bos
1545 521 1602 565 et

535 592 655 642 illos
673 603 905 640 menses:
939 597 996 639 et
1021 596 1214 645 tamen,
1241 596 1296 638 ut
1324 598 1501 653 patres
1525 591 1601 640 vi-

536 665 887 729 derentnrjus
911 665 1117 729 aliquod
1144 665 1353 723 habere,
1380 666 1429 714 in
1451 680 1598 716 sena·

538 752 596 795 ιιι
635 743 963 808 proponebat
1009 742 1399 792 candidatorum
1437 745 1599 792 nomi·

534 835 632 882 na3
667 820 766 870 etsi
791 820 1040 883 Trajanus
1065 834 1168 869 non
1192 834 1223 867 a
1250 833 1327 880 se,
1350 820 1442 869 sed
1466 836 1496 869 a
1520 834 1600 871 se·

1240 369 1460 421 No‘rAE
1508 368 1915 421 vammum
1966 372 2049 421 ΙΝ

1676 515 1692 542 ⁸
1718 515 1852 565 Haec
1873 524 2048 565 autem
2075 514 2277 581 vestis‚'
2297 515 2467 580 inquit
2487 516 2750 582 Royanus,

1673 591 1690 620 ‘
1719 591 2077 653 integritatem
2113 607 2174 641 ac
2213 593 2523 644 tenuitatem
2570 607 2745 644 eorum

1674 668 1975 730 indicabat,’
1996 672 2098 718 ἃς.
2164 671 2493 720 Translatum
2520 685 2641 721 mox
2671 678 2751 722 ost

1677 747 1984 796 vocabulum
2008 747 2073 796 ad
2097 761 2187 797 eos
2218 761 2412 804 omnes,
2436 749 2527 812 qni
2552 747 2747 812 aliquid

1675 826 1923 889 consequi
1947 825 2186 889 cupiunt.
2234 826 2491 888 Traianus
2515 826 2742 888 quiden.

532 903 680 954 natu.
711 897 825 961 peti
856 898 1181 946 consulatum
1213 895 1397 958 voluit,
1435 909 1599 946 Lxrx.
1665 898 1778 962 jam
1807 908 2146 964 suscepturus
2163 902 2488 951 consulatum
2515 902 2748 960 tertium.

532 980 583 1025 2.
649 977 798 1026 Tunc
839 974 890 1023 in
943 973 1087 1024 curia
1129 980 1337 1023 senatus
1377 973 1602 1023 babebat

539 1054 772 1111 comitia,
804 1053 902 1113 (ita
948 1049 1122 1100 vocari
1152 1050 1400 1100 videntur
1433 1066 1465 1099 a
1488 1051 1597 1108 Pli-

532 1132 640 1187 nio,
695 1132 865 1193 Epist.
919 1143 1003 1178 ιιι.
1058 1132 1140 1176 20.
1187 1127 1356 1191 Epist.
1397 1141 1475 1177 ιν.
1512 1133 1601 1178 2⁵.

535 1208 705 1271 Epist.
728 1222 805 1256 vr.
832 1205 939 1271 19.)
952 1213 1006 1255 et
1021 1205 1236 1267 singulis
1255 1205 1600 1262 senatoribus,

532 1300 631 1349 per
655 1284 887 1346 tabellas,
909 1291 996 1333 ant
1020 1282 1295 1346 aliquando
1325 1297 1469 1345 voce,
1494 1280 1599 1331 suf-

533 1359 875 1422 fragantibus,
900 1360 1047 1423 quasi
1072 1358 1339 1422 eligebant
1363 1359 1603 1422 designa-

534 1438 762 1501 bantque
807 1451 966 1486 novos
1005 1437 1264 1498 consules,
1292 1435 1600 1498 designatis·

533 1529 635 1577 que
678 1513 1068 1576 acclamabant;
1123 1527 1240 1561 cum
1282 1521 1450 1562 tamen
1497 1526 1600 1561 non

533 1591 660 1639 alios
685 1591 942 1654 eligerent
967 1590 1425 1653 designarentque‚
1449 1603 1600 1650 qnam

530 1681 658 1731 quos
675 1667 784 1730 ipse
800 1666 1164 1729 designaverat
1181 1664 1440 1727 princeps.
1472 1665 1602 1714 Tum

530 1742 718 1790 deinde
754 1743 958 1804 publica
993 1740 1319 1789 habebantur
1352 1741 1601 1803 comitia;

532 1833 747 1882 quorum
766 1819 846 1866 die
863 1832 1082 1881 quaeque
1098 1816 1489 1866 candidatorum
1512 1832 1603 1881 pa·

529 1896 610 1944 ria
642 1894 1066 1958 producebantur
1101 1894 1149 1943 in
1187 1907 1427 1956 campum
1459 1895 1603 1942 Mar·

529 1972 679 2033 tium,
702 1978 776 2031 et,
796 1970 926 2019 dicis
946 1984 1148 2030 caussa,
1167 1970 1388 2031 populus
1407 1969 1599 2021 coibat.

528 2048 629 2097 His
674 2048 897 2098 comitiis
952 2048 1271 2111 praesidebat
1323 2048 1600 2113 Trajanus‚

529 2134 777 2190 tanquam
809 2127 1007 2187 consul,
1028 2133 1080 2174 et
1117 2139 1325 2174 carmen
1361 2125 1600 2187 praeibat,

527 2212 791 2267 precatus,
815 2203 979 2252 utilia
999 2204 1322 2253 comitiorum
1347 2202 1603 2253 ordinatio

529 2280 665 2329 bene
705 2296 768 2331 ac
801 2281 1034 2331 feliciter
1067 2282 1319 2344 eveniret,
1345 2295 1529 2332 nxxrr.
1557 2288 1603 2332 l.

530 2356 660 2405 Mox
674 2357 922 2420 jurabant
947 2357 1232 2420 candidati,
1258 2365 1454 2407 stantes
1481 2367 1601 2408 ante

528 2431 704 2480 sellam
730 2434 963 2482 curulem
988 2434 1231 2492 consulis,
1260 2432 1603 2496 jurisjurandi

526 2511 800 2560 formulam
822 2513 1122 2575 preeuntis.
1188 2513 1318 2563 Tum
1345 2511 1602 2574 ipset-Tra·

521 2587 681 2651 janus
707 2602 866 2637 novos
891 2589 1130 2636 consules
1156 2602 1279 2637 voce
1302 2602 1395 2636 sua
1415 2602 1602 2636 renun-

532 2663 723 2722 tiabat,
750 2663 1173 2727 declarabatque,
1214 2669 1270 2711 ιιι
1307 2662 1442 2711 idem
1481 2664 1497 2690 ⁴
1524 2664 1603 2714 bis

527 2739 807 2788 honoribus
866 2737 1178 2801 suffragator
1235 2738 1287 2787 in
1338 2738 1502 2799 curia,
1547 2739 1601 2788 in

529 2826 712 2876 campo
735 2814 1051 2876 declarator,
1081 2814 1365 2878 existere&
1394 2828 1529 2865 xcn.
1553 2820 1601 2868 3.

528 2893 728 2941 Postea
761 2892 883 2942 novi
915 2894 1147 2941 consules
1183 2894 1371 2942 iterum
1407 2893 1459 2941 iu
1495 2908 1602 2943 ros-

530 2969 622 3018 tris
664 2970 815 3019 simili
855 2970 1103 3033 religione
1131 2970 1472 3033 jurisjurandi
1512 2970 1602 3020 ob·

527 3046 937 3110 stringebantur,
978 3059 1103 3096 va.
1144 3050 1189 3094 1.
1253 3047 1428 3095 Taceo
1465 3061 1603 3095 nunc

528 3123 656 3172 alias
681 3123 999 3172 caerimonias
1017 3130 1141 3172 tunc
1166 3123 1489 3171 observatas.
1524 3124 1602 3171 Ex

526 3200 606 3248 his
632 3199 764 3250 adeo
799 3199 1031 3248 omnibus
1064 3198 1370 3260 colligimus,
1396 3199 1603 3248 omuino

530 3289 562 3323 a
587 3277 853 3325 voluntate
878 3283 932 3324 et
955 3283 1084 3324 nutu
1113 3276 1359 3338 principis
1384 3277 1603 3326 maxime

529 3351 842 3414 dependisse
901 3354 1203 3402 consulatus
1257 3354 1567 3417 dignitatem
1593 3371 1608 3416 ;

533 3427 629 3477 etsi
654 3428 703 3475 iu
741 3443 801 3476 ea
825 3426 1140 3477 conferenda
1163 3429 1487 3478 humaniores
1513 3431 1604 3480 im·

531 3511 827 3567 peratores,
849 3512 903 3553 et
927 3504 1163 3567 inprimis
1178 3505 1454 3568 Trajanus,
1478 3507 1606 3554 eivi-

531 3581 631 3629 lius
653 3589 888 3643 agerent,
922 3583 1018 3629 hoc
1046 3590 1143 3641 est,
1175 3583 1226 3630 in
1248 3584 1480 3631 externis
1505 3599 1605 3632 cae·

531 3658 760 3707 timoniis
801 3664 856 3706 et
894 3657 1078 3707 ritibus
1116 3659 1290 3721 paullo
1326 3660 1608 3723 speciosio-

532 3750 640 3784 rem
681 3734 914 3797 pristina
946 3734 1205 3783 libertatis
1243 3743 1299 3786 et
1336 3740 1609 3799 potestatis

534 3812 764 3861 umbram
790 3811 995 3860 senatui
1022 3813 1318 3875 populoque
1352 3814 1608 3878 relinque·

534 3896 670 3936 rent.
736 3887 881 3935 Bene
909 3893 1080 3935 tamen
1117 3893 1265 3937 notat
1305 3888 1532 3952 Lipsius,
1555 3889 1607 3939 in

532 3963 773 4014 creandis
814 3963 928 4012 aliis
967 3963 1356 4027 magistratibus
1401 3967 1608 4031 pluscu-

532 4044 637 4092 lum
673 4042 810 4108 juris
864 4042 1068 4092 senatui
1121 4043 1374 4095 indultum
1431 4044 1608 4097 fuisse.

536 4118 780 4170 Schmun.

608 4194 933 4259 Candidatus]
958 4193 1122 4244 Veste
1134 4194 1355 4246 eandida
1373 4195 1608 4263 indutus,

538 4283 641 4335 qua
659 4274 1014 4334 magistratum
1039 4280 1282 4335 petentes
1305 4273 1609 4329 utebantur.

1674 975 1846 1024 dictus
1870 986 1952 1027 est
1974 978 2292 1036 candidatu,-
2316 992 2380 1028 an
2397 993 2519 1028 vero
2536 992 2603 1029 eo
2620 987 2747 1029 teru-

1674 1069 1803 1119 pore
1847 1070 1966 1106 usus
2016 1055 2085 1105 sit
2125 1057 2347 1107 candida
2382 1066 2509 1121 toga
2543 1057 2747 1110 dubito.

1679 1131 1900 1181 Puturol.

1741 1208 1854 1256 Non
1884 1209 2154 1258 consulatus
2180 1208 2392 1273 tamam]
2426 1208 2747 1261 Particularia

1675 1288 1858 1333 tautum
1886 1284 2059 1333 omisit
2082 1284 2248 1334 codex
2273 1285 2587 1335 Parisiensis
2611 1301 2627 1345 ς
2658 1299 2749 1348 pro

1676 1373 1741 1409 ea
1788 1360 2023 1422 reposuit
2060 1366 2218 1410 tam
2258 1359 2426 1410 codex
2469 1359 2665 1411 Venet.
2703 1365 2753 1411 2.

1676 1441 1863 1483 neuter
1887 1434 2038 1483 bene.
2076 1434 2319 1485 Schwarz.

1742 1511 2133 1561 humor-talitatis
2179 1517 2227 1561 et
2281 1511 2480 1574 glorie]
2535 1513 2752 1564 Dicitur

1676 1601 1772 1649 pro
1794 1587 2076 1636 {mutor-tulis
2106 1587 2298 1650 glorie,
2321 1603 2415 1651 per
2438 1587 2489 1637 Qu
2508 1590 2586 1639 διὰ
2607 1591 2747 1647 δυοῖν,

1679 1665 1753 1712 uti
1777 1665 1913 1726 apud
1940 1665 2124 1728 Virgil.
2153 1665 2352 1728 Geor-g.
2383 1678 2445 1714 ιι.
2474 1670 2589 1716 192.
2622 1669 2639 1695 ‘
2660 1682 2751 1731 pa·

1677 1742 1803 1791 teris
1839 1741 2056 1791 libamus
2080 1752 2134 1792 et
2161 1757 2286 1792 auro
2312 1742 2361 1801 ς’
2397 1757 2492 1804 pro
2515 1745 2531 1772 ⁸
2557 1744 2752 1808 pateris

1678 1816 1885 1867 aureis!
1955 1819 2025 1868 Et
2062 1819 2179 1870 AEu.
2218 1832 2258 1868 ι.
2287 1821 2371 1868 61.
2403 1820 2419 1846 ‘
2445 1819 2749 1884 Molemqae

1679 1900 1735 1943 et
1771 1900 1974 1944 montes
2011 1895 2220 1958 insuper
2242 1895 2373 1944 altos
2395 1894 2691 1959 Imposuit:
2713 1896 2749 1946 i.

1679 1984 1727 2019 e.
1765 1971 1948 2020 molem
1996 1973 2242 2021 montium
2280 1972 2521 2021 altorum.
2592 1972 2751 2022 Forte

1678 2053 1732 2094 et
1759 2046 1858 2095 liuc
1895 2046 2123 2108 pertinet
2160 2042 2316 2096 Plinii
2355 2048 2524 2112 Epist.
2557 2061 2648 2098 ιιι.
2671 2053 2748 2098 lo.

1676 2130 1692 2152 ⁴
1717 2123 1949 2173 Facienti
1974 2124 2071 2173 ista
2094 2123 2394 2189 dicentique
2418 2125 2580 2186 gloria
2602 2134 2657 2176 et
2681 2141 2748 2175 ιι·

1681 2201 1895 2249 ternitas
1920 2209 2042 2248 ante
2064 2201 2240 2250 oculos
2257 2209 2371 2249 erat
2390 2216 2405 2260 ς
2424 2200 2436 2218 “
2472 2201 2507 2250 i.
2521 2216 2569 2250 e.
2586 2201 2750 2264 gloria

1680 2284 1894 2325 aeterna.
1950 2276 2097 2325 Facit
2119 2278 2229 2325 haec
2248 2275 2435 2339 figura,
2457 2277 2595 2341 quod
2615 2279 2760 2329 Bana

1679 2353 1792 2416 gius
1819 2353 1911 2411 ait,
1932 2360 1989 2401 ut
2017 2351 2289 2416 oratiofltiat
2307 2352 2548 2418 amplior,
2567 2361 2625 2404 et
2644 2369 2750 2404 rna·

1679 2430 1758 2493 gis
1783 2429 2095 2492 emphatica.
2131 2429 2282 2479 Idem.

1746 2506 2158 2571 Immortalitatis]
2201 2507 2547 2570 Metsptuora3
2599 2516 2661 2558 nt
2697 2507 2747 2558 in

1677 2583 2022 2647 Tertulliano,
2046 2582 2112 2632 de
2138 2584 2480 2634 Christiania:
2514 2591 2531 2614 ·
2558 2584 2750 2636 Candi-

1674 2659 1784 2710 dati
1811 2660 2124 2710 oeternitatis
2148 2668 2200 2710 et
2228 2659 2614 2711 restitutionis!
2666 2663 2746 2712 De

1679 2736 1881 2798 iisdem,
1920 2736 2228 2786 ‘Candidati
2252 2735 2629 2799 angelorum3’
2662 2734 2749 2800 qui

1677 2813 1923 2862 honorem
1962 2813 2237 2879 locumque
2276 2813 2512 2863 ambiunt
2541 2814 2749 2879 angelo·

1677 2904 1807 2940 rum.
1844 2889 1980 2954 Lips.

1743 2965 1875 3015 Boni
1890 2963 2157 3031 principes]
2193 2962 2256 3013 1n
2277 2963 2567 3027 Vaticanis,
2586 2964 2750 3017 Guel-

1678 3042 2006 3107 pherbytano
2023 3050 2076 3090 et
2097 3056 2212 3091 meo
2233 3041 2517 3098 codicibus,
2537 3041 2650 3090 bne
2669 3057 2751 3091 ro-

1678 3120 1862 3169 cabuia
1886 3120 1963 3169 sic
1990 3118 2304 3183 transposita
2326 3118 2462 3180 lego,
2485 3118 2749 3182 Sequeren-

1679 3202 1759 3244 tur
1778 3196 2017 3259 principes
2034 3195 2163 3252 boni.
2183 3195 2299 3244 mli
2319 3194 2631 3247 mirarentur&
2686 3195 2748 3246 In

1680 3272 2146 3337 Guelpherbytsno
2165 3279 2336 3322 autem
2363 3285 2460 3334 pro
2485 3271 2646 3322 verbo
2662 3272 2751 3322 nri·

1679 3355 1924 3411 rarentar,
1940 3348 2125 3397 vitiose
2147 3348 2397 3413 scripturn
2414 3355 2496 3397 est
2510 3347 2750 3400 πίεσαι·

1679 3436 1777 3479 tur.
1811 3430 2069 3478 schwarz-

1755 3504 1945 3567 Vetere]
1981 3502 2256 3553 Comitium
2272 3501 2540 3567 intelligit.
2564 3504 2649 3554 vel
2675 3503 2751 3568 ip·

1682 3598 1741 3633 sa
1763 3582 1892 3632 iniis
1916 3588 2086 3645 septa.
2129 3579 2320 3631 Sedem
2342 3588 2520 3629 autern
2541 3582 2557 3608 ‘
2577 3589 2751 3643 potes·

1683 3657 1841 3720 tatis,'
1886 3658 2024 3715 ideo,
2065 3658 2186 3722 quia
2221 3657 2343 3707 olim
2376 3656 2448 3707 ibi
2493 3654 2751 3722 suffragiis

1684 3736 2018 3799 magistratus
2054 3733 2215 3783 libere
2250 3733 2436 3797 creati,
2480 3736 2629 3797 leges
2671 3749 2751 3786 ro·

1685 3822 1821 3876 gatae
1868 3813 1946 3860 vet
1983 3810 2269 3875 abrogata,
2312 3824 2417 3875 pax
2465 3821 2524 3861 et
2558 3810 2748 3862 belluni

1674 3890 1839 3953 jussa.
1875 3888 2012 3952 Lips-

1755 3964 1922 4015 ναίετε
1950 3961 2205 4028 potestatis
2222 3977 2322 4013 saa
2343 3959 2477 4023 sede]
2517 3960 2615 4012 His
2640 3976 2753 4013 ver·

1682 4041 1761 4091 bis
1803 4040 2107 4103 designatur
2149 4052 2368 4102 campus
2411 4038 2659 4101 Martius,
2698 4040 2749 4088 in

1680 4133 1783 4184 quo
1803 4119 1943 4175 olim,
1967 4125 2207 4181 tempore
2222 4112 2530 4180 reipublicae
2554 4115 2753 4180 tibere,

1681 4196 1905 4259 populus
1930 4195 2191 4245 Romanus
2210 4207 2317 4243 suae
2337 4193 2619 4258 potestatis
2630 4194 2752 4257 jura

1679 4272 1733 4322 in
1755 4270 1994 4325 creandis
2009 4267 2419 4335 magistratibus,
2439 4267 2749 4336 legibusque
