3060 4902
547 373 678 440 810

542 544 639 583 nor
655 548 764 597 proe
790 533 922 583 aliis.
986 532 1076 584 Sic
1096 531 1297 583 Plinius
1313 532 1504 597 Major,
1520 532 1610 583 ubi

544 610 610 659 de
645 609 868 673 Augusti
905 611 1059 660 rebus
1096 609 1329 659 adversis
1351 611 1478 674 agit,
1510 623 1613 660 vit.

543 690 625 735 45.
658 687 674 714 ‘
702 686 988 749 Collegium
1018 688 1068 735 in
1092 686 1419 736 triumviratu
1449 687 1613 749 pessi·

543 775 741 811 morum
766 763 972 819 civium,
992 776 1089 811 nec
1116 777 1265 825 sequa
1288 763 1469 811 saltem
1495 777 1612 823 por-

542 840 705 900 tione,
728 840 819 889 sed
850 841 1102 905 praegravi
1129 840 1396 890 Antonio.’
1443 842 1611 892 Quam

545 929 650 966 rem
674 919 849 982 paullo
875 919 1075 981 planius
1101 919 1358 981 eloquitur
1380 919 1541 968 Solin.
1567 932 1615 967 c.

542 997 590 1043 8.
625 994 641 1020 ⁸
659 994 789 1044 Mox
804 995 1155 1044 triumviratus
1170 995 1462 1057 collegium,
1478 1010 1612 1057 prae·

471 1083 475 1087 ·
545 1070 688 1130 gravi
711 1078 972 1132 potestate
994 1070 1245 1121 Antonii?
1281 1070 1481 1122 Quibus
1502 1086 1612 1120 ver·

545 1146 625 1195 bis
644 1146 765 1195 nibil
785 1147 925 1196 aliud
944 1147 1279 1210 significatur,
1298 1163 1449 1213 quam
1474 1148 1614 1198 iuter

543 1236 626 1272 res
651 1222 893 1272 adversas
917 1222 1133 1277 Auoeusti
1167 1226 1324 1273 etiam
1351 1224 1611 1274 numerari

544 1299 815 1360 collegium
843 1299 1213 1356 triumviratus,
1244 1301 1294 1349 in
1320 1315 1420 1364 quo
1447 1300 1613 1351 Anto·

544 1376 617 1424 nii
659 1382 894 1438 potestas
931 1378 1131 1440 gravior
1178 1384 1232 1426 et
1279 1375 1616 1439 ponderosior

542 1452 701 1503 fuerit
740 1460 998 1517 potestate
1042 1454 1281 1518 Augusti,
1314 1454 1426 1504 sive
1463 1455 1614 1504 nimis

544 1529 1028 1592 praeponderaverit
1087 1531 1444 1581 auctoritatem
1505 1530 1607 1580 Au·

544 1605 702 1665 gusti.
758 1604 843 1654 Ita
874 1606 1112 1654 Heinsius
1142 1606 1205 1655 ad
1233 1606 1417 1655 Horat.
1441 1605 1616 1669 Epist.

544 1693 606 1729 ιι.
634 1683 676 1728 l.
701 1684 777 1729 13.
802 1682 957 1729 etiam
982 1682 1192 1730 verbum
1214 1685 1228 1709 ⁴
1249 1695 1582 1745 praegravare
1600 1680 1616 1704 ’

543 1756 776 1819 explicat
799 1772 894 1820 per
918 1756 933 1783 ‘
952 1757 1394 1820 praeponderare,'
1419 1764 1474 1807 et
1492 1760 1505 1785 ‘
1523 1773 1612 1807 an·

545 1831 819 1894 tecedere;
843 1832 857 1854 ⁹
891 1833 1322 1898 quemadmodum
1359 1835 1408 1883 in
1449 1834 1612 1884 lanci-

543 1907 657 1969 bus,
685 1923 800 1974 quae
825 1911 1061 1971 graviora
1084 1918 1204 1959 sunt
1228 1926 1242 1971 3
1281 1917 1355 1972 ut,
1377 1927 1491 1962 cum
1520 1913 1612 1962 Se·

541 1995 692 2045 neca,
729 1990 744 2012 ‘
775 1984 1087 2034 deteriorem
1134 1994 1338 2049 partem
1385 1989 1613 2038 civitatis

544 2060 915 2123 praegravare‚’
949 2059 998 2109 id
1032 2069 1129 2122 est,
1155 2064 1455 2124 praevalere,
1481 2077 1614 2127 prae·

546 2137 801 2194 eminere,
822 2137 967 2186 dixit.
1004 2138 1246 2188 Schts-arx.

613 2213 833 2276 Papiriis
857 2215 1000 2263 etiam
1021 2220 1068 2263 ee
1095 2215 1357 2278 Quinctiis]
1397 2214 1459 2262 In
1482 2215 1612 2264 anti·

546 2290 811 2354 quioribus
842 2290 1159 2340 editionibus
1190 2291 1486 2353 Puteolani,
1511 2291 1614 2341 Be·

544 2368 726 2430 roaldi,
783 2369 1041 2428 estanar,
1092 2369 1235 2426 Aldi,
1292 2368 1614 2432 Cuspiniani.

546 2443 1613 2508 Rhenani,Stepliani,Grypltii‚Sicliardi,

544 2528 599 2567 et
624 2519 791 2568 adhuc
822 2520 1126 2574 Boxliornii,
1150 2521 1343 2583 legitur
1367 2522 1417 2568 in
1443 2521 1613 2583 primo

543 2608 666 2642 casu
692 2595 887 2642 numeri
906 2595 1193 2657 singularis,
1213 2596 1451 2656 Papyrius
1467 2597 1615 2644 etiam

542 2675 588 2717 et
630 2669 883 2724 Quinctius
896 2686 915 2726 ‚·
954 2684 1070 2734 quae
1107 2671 1366 2732 scriptura
1407 2687 1612 2735 quoque

543 2744 595 2790 in
621 2743 802 2792 codice
828 2746 1079 2793 Vaticano
1105 2750 1251 2795 1475.
1280 2746 1329 2795 in
1356 2747 1613 2796 Parisieu·

543 2819 602 2874 si,
625 2820 675 2868 in
702 2826 924 2884 utroque
949 2821 1172 2879 Veneto,
1196 2830 1250 2871 et
1281 2823 1331 2871 in
1358 2824 1612 2872 Salisbur-

544 2897 709 2958 gensi,
734 2895 1184 2946 animadvertitur.
1250 2898 1323 2947 At
1349 2899 1460 2963 jam
1487 2901 1612 2964 Lip-

543 2973 650 3021 sius
676 2973 845 3036 Epist.
869 2975 1066 3026 Qiiaest.
1085 2989 1136 3022 v.
1154 2976 1346 3025 15.hoc
1370 2977 1612 3026 mendum

543 3050 906 3114 corrigendum
933 3050 1180 3101 ostendit.
1215 3052 1390 3116 Atque
1417 3055 1485 3102 ita
1510 3068 1610 3103 uon

542 3128 706 3177 solum
744 3129 793 3177 in
829 3129 1007 3181 Juntae
1046 3138 1103 3178 et
1131 3131 1311 3193 Lipsii,
1336 3131 1425 3179 sed
1452 3131 1611 3180 etiam

542 3205 594 3252 in
624 3204 861 3264 Livineii,
886 3206 1121 3261 Gruteri‚
1140 3207 1354 3271 aliisque.
1370 3207 1611 3257 editioni-

542 3277 658 3341 bus,
674 3280 1000 3330 emeudatum
1017 3283 1318 3344 exliibetur3
1337 3283 1419 3333 cui
1435 3298 1609 3333 emen·

1242 387 1462 438 1⁴01·AE
1511 386 1922 437 vammum
1975 389 2059 439 nt

1685 539 1778 582 net
1792 531 2069 598 Livineius.
2099 530 2199 581 Ille
2220 529 2604 595 quinquies‚liie
2623 530 2763 581 sexi·

1686 622 1743 656 es
1781 609 1963 657 consul
1997 607 2117 670 fuit,
2154 612 2213 656 ut
2253 607 2418 670 liquet
2463 621 2529 656 ex
2572 608 2761 657 Fastis.

1689 684 1914 734 Patami.

1766 757 2010 822 Papiriis]
2063 758 2122 807 Ι..
2168 758 2415 823 Papirius
2461 761 2658 810 Cursor
2703 773 2759 811 ν.

1687 836 1861 884 consul
1898 834 2026 884 fuit:
2062 835 2124 883 Τ.
2148 844 2325 885 autem
2359 837 2638 888 Quinctius
2663 838 2761 892 Ca·

1686 908 1937 973 pitolinus
1962 924 2040 959 vt.
2074 910 2211 974 Lips-

1755 988 1824 1035 Ae
1846 985 1955 1036 illos
1976 987 2235 1050 respublica
2254 986 2431 1053 ciebat]
2472 987 2686 1039 Hiatum
2707 990 2760 1039 in

1688 1061 1766 1109 liis
1810 1061 1984 1111 verbis
2030 1061 2162 1112 fecit
2207 1063 2443 1113 librarius
2484 1066 2538 1115 iu
2581 1066 2761 1116 codice

1689 1136 1948 1188 Vaticano
1976 1141 2120 1189 1776.
2144 1154 2261 1189 cnm
2287 1154 2316 1189 a
2336 1142 2509 1204 priore
2533 1143 2762 1203 nomine,

1687 1215 1965 1279 respublica,
1987 1215 2051 1264 ad
2074 1218 2395 1281 subsequens
2415 1217 2551 1267 idem
2573 1233 2761 1269 nomen

1691 1305 1754 1339 ex
1780 1292 2058 1342 oscitantia
2076 1293 2337 1352 transiliit,
2352 1301 2424 1349 et,
2444 1294 2629 1343 mediis
2649 1309 2762 1343 ver-

1693 1367 1771 1416 bis
1812 1369 2029 1432 omissis,
2055 1371 2306 1433 reposuit,
2329 1370 2399 1420 At
2429 1371 2537 1419 illos
2568 1371 2764 1435 resp-b-

1689 1443 1799 1500 lica,
1835 1459 1928 1493 non
1967 1450 2177 1507 unctu,
2212 1461 2305 1494 non
2338 1447 2606 1496 consulatus
2640 1449 2762 1511 ipse,

1689 1522 1771 1582 ὅτ.
1822 1520 2054 1570 Eandem
2076 1522 2404 1571 oscitantiam
2428 1522 2638 1572 admisit
2663 1524 2763 1574 eti·

1691 1611 1771 1645 am
1800 1597 2037 1646 librarius
2061 1597 2253 1647 codicis
2279 1598 2532 1648 Venerit.
2571 1599 2762 1664 Neque

1689 1674 1856 1723 miuus
1895 1676 2062 1724 locum
2089 1675 2226 1723 hunc
2257 1675 2444 1724 mendo
2468 1676 2763 1740 inquinavit

1690 1749 1936 1800 librarius
1971 1750 2169 1801 codicis
2205 1752 2397 1800 Veneti
2424 1756 2472 1799 2.
2497 1751 2617 1800 dum
2643 1767 2764 1815 par-

1690 1827 1900 1876 ticulam
1935 1833 1984 1876 at
2021 1829 2070 1876 in
2098 1828 2515 1891 praeposltioneiu
2550 1829 2616 1876 ad
2650 1843 2764 1878 mn-

1690 1905 1840 1958 tavit,
1860 1911 1913 1953 et
1938 1919 2002 1953 ex
2022 1919 2151 1966 resp.
2170 1903 2344 1965 ciebat,
2381 1901 2585 1952 effinxit
2607 1907 2764 1969 respi-

1686 1981 1858 2041 ciebat,
1894 1981 2028 2031 hunc
2069 1983 2120 2029 in
2156 1980 2383 2037 modum,
2418 1983 2763 2042 Augustum

1692 2059 1874 2115 Coesar,
1899 2065 1943 2108 et
1965 2062 2106 2121 pater
2125 2059 2319 2122 pavire,
2342 2059 2403 2106 ad
2432 2059 2539 2107 illos
2560 2060 2762 2121 respici·

1688 2134 1812 2184 ebat.
1882 2136 2043 2191 Quid?
2076 2141 2123 2184 te
2157 2150 2250 2184 noa
2285 2137 2446 2184 eadem
2470 2136 2761 2198 respublica,

1686 2214 1767 2275 ξε.
1836 2213 2011 2261 Ceteri
2038 2226 2158 2260 vero
2183 2212 2299 2261 libri
2326 2212 2492 2260 locuni
2515 2212 2654 2261 hunc
2676 2226 2762 2262 ac·

1689 2288 1920 2337 curatius
1942 2288 2263 2350 exscriptum
2290 2286 2533 2349 produnt.
2590 2289 2661 2338 Et
2686 2288 2761 2337 ita

1684 2363 1895 2412 Tacitus
1918 2364 2145 2429 loquitur
2166 2363 2385 2427 sepius3
2420 2377 2471 2412 v.
2495 2378 2545 2427 g.
2570 2363 2763 2414 Annal.

1689 2453 1770 2489 xt.
1809 2442 1890 2489 30.
1932 2438 2178 2490 Claudius
2220 2440 2236 2467 ⁸
2273 2438 2400 2488 cieri
2452 2440 2759 2491 Narcissum

1689 2514 1955 2577 postulat!
1989 2514 2137 2563 Idem
2159 2514 2300 2564 Hist.
2320 2528 2382 2564 tt.
2398 2518 2480 2563 29.
2516 2517 2532 2543 ‘
2553 2515 2760 2566 Omissa

1692 2591 1832 2640 tubae
1856 2606 2003 2651 sono,
2027 2605 2125 2655 quo
2162 2591 2307 2639 miles
2335 2591 2400 2640 ad
2440 2590 2564 2641 belli
2587 2592 2761 2641 munia

1690 2666 1897 2716 cietur!
1932 2666 2121 2716 Annal.
2135 2680 2228 2716 xv.
2244 2670 2326 2715 38.
2346 2666 2361 2694 ‘
2375 2667 2519 2718 Quos
2536 2682 2567 2716 e
2586 2669 2761 2731 proxi·

1690 2741 1784 2789 mis
1810 2742 2025 2812 coloniis
2047 2749 2101 2790 et
2126 2742 2418 2805 municipiis
2442 2743 2558 2805 ejus
2585 2745 2660 2793 rei
2685 2743 2758 2794 fa-

1688 2832 1773 2866 ma
1809 2817 2042 2869 civerat!
2113 2818 2290 2867 Utitur
2327 2834 2449 2868 vero
2490 2828 2672 2870 orator
2709 2822 2759 2870 in

1687 2894 1765 2943 his
1807 2895 1981 2944 verbis
2014 2892 2265 2958 προλήψει,
2306 2910 2399 2959 per
2432 2911 2588 2961 quam
2614 2898 2758 2962 quasi

1687 2971 2031 3034 objectionem
2050 2971 2225 3036 fingit:
2251 2973 2411 3021 Dicet
2428 2973 2637 3037 aliquis,
2659 2974 2759 3023 Pa·

1690 3047 1893 3109 pyrium
1915 3053 1971 3096 et
1995 3047 2296 3099 Quinctium
2319 3047 2384 3096 ad
2407 3050 2756 3113 capessendos

1690 3128 1865 3190 plures
1902 3126 2200 3176 consulatus
2232 3127 2297 3175 ab
2335 3127 2442 3189 ipsa
2485 3129 2759 3192 republica

1688 3211 1896 3252 vocatos
1936 3202 2107 3252 fuisse.
2174 3202 2297 3266 Ipse
2336 3204 2432 3253 sibl
2470 3197 2758 3268 respondet

1689 3280 1909 3343 Plinius,
1947 3293 2040 3342 per
2070 3277 2412 3341 ἂνθνποφοράν·
2448 3281 2609 3330 etiam
2633 3283 2757 3331 Tra·

542 3355 741 3405 dationi
782 3366 1039 3419 praeterea
1086 3361 1448 3408 auctoritatem
1489 3375 1612 3408 con·
1676 3358 1858 3421 janum
1893 3358 1959 3407 ab
1983 3356 2164 3406 eadem
2190 3357 2478 3419 republica,
2501 3368 2759 3421 asenatu,

540 3433 718 3481 ciliant
764 3441 871 3482 tres
910 3435 1073 3484 ceteri
1109 3435 1314 3484 codices
1353 3436 1611 3501 Vaticani,

541 3516 700 3572 atque
726 3525 888 3558 meus.
952 3512 1201 3562 Quamvis
1234 3527 1354 3560 vero
1378 3513 1426 3560 in
1450 3513 1609 3562 histo·

542 3584 617 3632 ria
643 3584 874 3633 Romana
901 3587 1076 3648 plures
1100 3587 1314 3650 Papyrii
1336 3595 1389 3637 et
1415 3590 1610 3640 Quinc·

541 3661 601 3708 tii
622 3669 899 3708 occurrant
922 3677 936 3720 3
962 3661 1171 3710 dubium
1194 3672 1365 3712 tamen
1387 3679 1487 3713 uon
1508 3673 1609 3722 est,

542 3749 637 3798 per
668 3736 936 3795 enallagen
971 3750 1068 3784 uon
1108 3738 1382 3801 designari,
1408 3741 1505 3791 nisi
1548 3744 1607 3793 L.

540 3810 823 3874 Papyrium
844 3813 1139 3872 Cursorem,
1159 3821 1211 3862 et
1226 3814 1291 3861 Τ.
1305 3816 1607 3868 Quinctium

541 3888 825 3937 Barbatum
853 3888 1221 3951 Capitolinum,
1244 3894 1497 3956 quosjam
1527 3896 1609 3945 Li·

543 3964 758 4020 vineius,
781 3965 1015 4021 Patarol.
1041 3975 1095 4015 et
1129 3967 1233 4030 alii,
1263 3970 1607 4023 nominarunt.

548 4041 700 4090 Idem.

606 4117 849 4182 Papiriis]
906 4119 966 4170 L.
1010 4119 1273 4184 Papirium
1310 4123 1608 4189 Cursorem,

538 4201 594 4243 et
615 4196 674 4243 Τ.
697 4197 992 4247 Quinctium
1034 4198 1317 4248 Barbatum
1354 4200 1607 4264 Capitoli·

537 4282 662 4319 uum
686 4284 716 4319 a
738 4280 917 4323 nostro
938 4274 1020 4325 hic
1058 4275 1293 4340 intelligi,
1332 4285 1475 4328 recte
1498 4293 1607 4330 ruo·

1688 3441 1747 3484 et
1768 3434 1914 3497 quasi
1948 3434 2013 3483 ab
2052 3432 2166 3495 ipso
2198 3435 2488 3494 consulatu,
2509 3441 2756 3485 vocatum

1687 3523 1800 3557 esse,
1822 3507 1885 3557 ad
1913 3509 2048 3558 huuc
2079 3508 2325 3558 honorem
2361 3512 2755 3572 capessendum.

1686 3586 1928 3635 Schmun-2.

1758 3662 1959 3726 Eadem]
2016 3663 2153 3713 Nam
2196 3669 2255 3712 ut
2297 3663 2467 3713 libera
2505 3678 2664 3728 nuuc,
2701 3672 2755 3715 et

1685 3741 1806 3791 olim
1830 3740 1905 3789 sic
1926 3747 2058 3788 erat.
2094 3739 2248 3788 Beris.

1754 3816 1868 3865 Tuis
1888 3815 2116 3878 humeris]
2150 3814 2325 3865 Altior
2345 3814 2651 3882 digniorque
2664 3818 2755 3868 fle·

1686 3893 1749 3943 ri.
1782 3892 1918 3956 Lips.

1750 3970 1928 4020 diioui
1949 3975 1997 4019 et
2019 3983 2269 4031 augescere
2286 3970 2502 4035 videtur]
2539 3971 2586 4021 1.
2607 3987 2657 4022 e.
2685 3972 2754 4022 vi·

1685 4047 1838 4098 detur
1875 4048 2096 4108 dignior,
2126 4054 2182 4095 et
2220 4046 2459 4110 amplior,
2480 4049 2756 4114 altiorque,

1685 4140 1781 4188 per
1806 4131 1859 4173 te
1881 4123 2037 4174 effici.
2067 4124 2237 4172 Tacit.
2259 4122 2396 4172 Hist.
2414 4136 2484 4173 tv.
2500 4130 2586 4174 58.
2621 4127 2637 4153 ⁸
2656 4127 2754 4176 Bo-

1683 4216 1750 4250 no
1773 4215 1889 4251 esse
1921 4200 2093 4249 anima
2121 4199 2291 4264 jubet,
2328 4198 2572 4263 belloque
2597 4210 2653 4253 et
2677 4218 2756 4252 ar-

1680 4279 1778 4330 mis
1833 4276 2203 4343 rempublicam
2258 4276 2535 4328 attollere:
2604 4279 2753 4333 Idem
