3060 4902
574 373 705 440 966

570 535 821 597 scriptum
856 539 939 583 est
969 538 1110 582 aucta
1144 547 1274 583 vero.
1344 532 1406 581 In
1447 531 1630 580 codice

574 612 1032 675 Guelpherbytano
1063 610 1142 658 has
1176 624 1329 659 voces
1354 609 1429 657 sic
1454 610 1631 670 legun·

572 698 678 749 tur,
695 694 836 738 auctu
856 688 1099 752 equidem.-
1130 687 1459 750 pler-aqna&-
1501 685 1630 733 Per·

571 766 749 830 placet
773 766 926 814 lectio
949 765 1141 814 codicis
1166 763 1500 823 Parisiensis;
1539 760 1630 811 sed

573 842 642 891 ob
684 842 835 905 hujus
883 840 1039 889 solius
1092 840 1473 894 auctoritatem,
1515 853 1630 886 cuns

574 920 716 969 nulla
755 928 936 982 urgeat
975 919 1271 980 necessitas,
1304 918 1420 965 nolo
1458 915 1631 964 dimit·

575 1003 699 1044 tere
730 995 998 1044 lectionem
1035 995 1309 1054 vulgatam.
1375 992 1522 1049 Mox,
1548 991 1633 1039 ubi

575 1074 728 1133 vulgo
764 1072 970 1135 legitur,
999 1073 1061 1119 ad
1091 1077 1316 1132 pretores
1343 1068 1633 1129 remittebat,

574 1149 738 1199 codex
772 1148 1050 1196 Vaticanus
1080 1150 1225 1195 3461.
1261 1153 1312 1194 et
1346 1145 1632 1207 Guelpber·

575 1224 815 1288 hymnus,
832 1224 1022 1272 habeut
1040 1224 1351 1284 singularem
1367 1235 1632 1269 numerum

567 1306 854 1363 pastorem:
889 1298 975 1347 sed
1010 1299 1129 1347 huic
1159 1298 1428 1346 mutationi
1452 1300 1630 1346 adver·

574 1385 756 1426 santur
787 1377 1060 1440 sequentia
1088 1375 1266 1436 verba,
1287 1379 1303 1404 ⁴
1332 1381 1390 1424 ut
1413 1375 1634 1435 collegas

577 1452 824 1504 vocaret!
857 1454 1006 1503 Idem.

645 1531 862 1591 Collegas
895 1527 1108 1591 vocaret]
1145 1527 1285 1578 olim
1323 1529 1499 1577 Romae
1529 1542 1635 1575 om-

575 1622 669 1658 nes
729 1609 1061 1671 magistratus
1120 1607 1337 1670 majores
1395 1604 1636 1653 videntur

574 1694 590 1715 ⁸
621 1684 899 1748 praetores'
936 1683 1095 1744 dicti3
1141 1684 1222 1732 vel
1255 1681 1389 1747 quod
1430 1690 1636 1730 ceteros

574 1762 771 1811 honore
804 1761 1072 1823 praeirent,
1093 1760 1172 1809 vel
1205 1758 1336 1823 quod
1369 1759 1481 1806 aliis
1505 1773 1635 1821 prae·

576 1846 767 1887 essent.
848 1835 1104 1885 Asconius
1152 1836 1214 1884 ad
1258 1836 1368 1884 Cic.
1404 1836 1559 1884 Verr.
1600 1849 1637 1883 r.

578 1916 657 1963 14.
705 1915 721 1941 ‘
748 1914 970 1962 Veteres
1014 1927 1216 1962 omnem
1262 1914 1637 1973 magistratum,

576 1993 661 2042 cui
695 1999 903 2056 pareret
934 1994 1215 2048 exercitus,
1240 2000 1518 2053 praetorem
1547 2006 1636 2053 ap·

576 2069 875 2134 pellamur!
946 2071 1023 2119 De
1057 2068 1349 2118 consulibus
1375 2068 1637 2130 sigillatim

577 2146 691 2195 Cic.
724 2145 791 2195 de
829 2147 953 2207 Leg.
985 2159 1070 2194 ιιι.
1098 2149 1147 2195 3.
1183 2152 1197 2173 ·
1224 2145 1386 2205 Regio
1422 2145 1638 2206 imperio

578 2223 680 2272 duo
705 2231 885 2285 suut03
923 2223 1060 2287 iique
1087 2223 1386 2287 praeeundo,
1401 2223 1638 2286 judican-

577 2299 665 2357 do,
711 2299 1049 2358 consulendo,
1099 2308 1373 2362 pretores,
1418 2300 1641 2363 judices,

576 2379 834 2435 consules,
888 2377 1246 2443 appellantur?
1333 2379 1461 2428 Cum
1516 2392 1641 2427 vero

576 2458 814 2507 consules
858 2455 1217 2519 frequentibus
1265 2455 1412 2506 bellis
1452 2471 1640 2505 avoca·

577 2541 778 2593 rentur,
819 2532 1097 2594 peculiaris
1155 2532 1506 2593 magistratus,
1554 2532 1641 2591 qui

575 2610 594 2634 ⁴
621 2605 848 2668 praetor'
891 2606 1070 2664 audiit,
1108 2616 1316 2655 creatus
1358 2612 1435 2654 est
1472 2606 1536 2656 Α.
1575 2608 1641 2655 U.

576 2684 692 2730 387.
715 2686 850 2729 teste
885 2682 999 2729 Liv.
1026 2695 1099 2729 vr.
1119 2685 1200 2730 42.
1224 2692 1276 2730 et
1312 2682 1518 2746 quidem
1554 2697 1640 2732 co·

576 2757 737 2807 mitiis
793 2758 1119 2820 centuriatis,
1159 2759 1507 2822 auspiciisque
1558 2760 1642 2809 iis-

577 2835 716 2896 dem,
750 2835 935 2898 quibus
968 2836 1221 2883 consules.
1290 2836 1376 2885 Ob
1407 2837 1641 2899 negotio·

577 2926 691 2962 rum
725 2919 898 2960 autem
935 2911 1314 2961 multitudinem
1347 2912 1504 2961 A.U.
1526 2917 1643 2963 610.

579 2988 739 3040 etiam
764 2990 896 3038 alter
919 2998 1123 3037 creatus
1148 2997 1230 3038 est
1252 2991 1268 3018 ‘
1291 2988 1517 3053 praeton’
1551 2991 1641 3054 qui

576 3068 593 3094 ‘
619 3068 923 3132 peregrinus
940 3066 953 3088 ’
974 3067 1155 3122 audiit.
1178 3067 1316 3131 quod
1342 3067 1477 3116 inter
1499 3067 1642 3116 cives

579 3153 635 3195 et
676 3145 976 3208 peregrinos
1008 3143 1096 3208 jus
1135 3144 1371 3206 diceret3
1417 3145 1495 3196 uti
1535 3145 1644 3206 ille,

580 3224 669 3286 qui
714 3224 849 3272 iuter
900 3223 1037 3271 solos
1084 3222 1224 3271 cives
1270 3223 1358 3287 jus
1411 3222 1643 3284 dicebat,

578 3303 595 3329 ‘
619 3308 815 3363 prator
848 3298 1103 3349 urbanus.'
1169 3299 1518 3364 Livius'Epit.
1552 3300 1645 3349 lib.

583 3388 709 3424 xxx.
777 3375 971 3424 Postea
1011 3385 1067 3424 et
1100 3376 1275 3437 plures
1312 3385 1432 3426 sunt
1463 3377 1642 3426 creari.

578 3451 752 3504 Julius
777 3451 952 3500 Coesar
976 3459 1256 3514 proetorum
1280 3464 1548 3502 numerum
1580 3453 1642 3501 ad

578 3526 821 3576 sedecem
845 3528 1006 3576 auxit.
1067 3529 1164 3577 Dio
1185 3529 1273 3577 lib.
1293 3540 1455 3577 xmu.
1499 3526 1644 3578 Anx-

581 3602 625 3652 it
658 3609 714 3651 et
747 3601 1010 3663 Augustus
1042 3616 1311 3652 urimerum
1345 3612 1645 3666 praetorum.

580 3678 794 3728 Sueton.
819 3676 952 3737 Aug.
975 3691 1022 3726 c.
1046 3680 1128 3726 37.
1195 3677 1425 3741 iusignia
1455 3689 1648 3742 proeto-

582 3754 651 3804 ris
684 3752 830 3803 fuere
868 3767 960 3801 sex
1000 3753 1208 3801 lictores
1244 3769 1361 3802 cum
1400 3753 1646 3818 fascibus,

581 3832 764 3883 saltem
786 3837 939 3879 extra
961 3828 1169 3889 urberu;
1204 3829 1328 3879 alias
1348 3831 1467 3880 duo.
1508 3832 1644 3881 Cen-

582 3911 782 3960 sorinus
805 3907 869 3956 de
896 3908 995 3957 Die
1024 3907 1150 3957 Nat.
1172 3921 1220 3957 e.
1243 3911 1326 3957 24.
1363 3913 1378 3936 ‘
1405 3907 1480 3956 M.
1507 3909 1645 3960 Pim-

583 3988 766 4047 torius,
798 3984 1049 4043 tribunus.
1086 3984 1252 4048 plebis
1288 3984 1467 4034 scitum
1504 3987 1647 4049 tulit,

583 4064 637 4114 in
673 4078 774 4129 quo
816 4063 1069 4126 scripturn
1114 4071 1215 4117 est,
1250 4062 1456 4111 Protor
1488 4063 1647 4113 urba-

582 4153 701 4195 nus,
723 4138 808 4202 qui
832 4153 965 4187 nuuc
987 4146 1086 4199 est,
1107 4139 1300 4203 quique
1326 4139 1542 4202 posthac
1561 4139 1644 4189 fu-

577 4222 659 4270 at,
678 4217 803 4264 duos
839 4215 1044 4264 lictores
1078 4213 1220 4277 apud
1247 4229 1304 4264 se
1338 4215 1549 4274 habeto.
1578 4217 1643 4266 is·

543 4320 552 4330 ·
586 4304 688 4355 quc
732 4305 892 4354 usque
941 4290 1006 4342 ad
1058 4305 1349 4355 supremam
1384 4294 1470 4356 jus
1505 4295 1643 4345 inter

1267 386 1484 436 NOTAE
1534 384 1943 434 vammum
1992 384 2073 433 m

1706 529 1843 580 cives
1864 527 2061 578 dicito.'
2114 526 2232 576 val.
2253 525 2398 576 Max.
2420 539 2461 576 t.
2484 529 2590 576 1.9.
2620 533 2640 557 ·
2654 526 2773 580 Qui

1707 614 1923 670 putor,
1955 621 1986 655 a
2023 613 2177 668 patre
2210 618 2324 663 suo,
2364 606 2570 669 collegii
2600 604 2773 654 Salio-

1707 697 1819 732 rum
1858 682 2118 743 magistro,
2144 682 2343 745 jussus,
2370 694 2464 729 sex
2498 680 2775 730 lictoribus

1707 756 2123 820 praeoedcutibus
2178 770 2343 804 arma‘
2367 756 2559 805 ancilia
2609 755 2775 806 tulit!

1712 833 1792 884 Ad
1823 834 2044 897 insignia
2072 840 2353 896 pratorum
2392 833 2646 896 pertinuit
2671 834 2771 882 eti-

1711 926 1790 961 am
1833 922 1955 974 toga
1995 915 2267 974 praetexta,
2305 910 2430 960 aella
2464 910 2680 964 curulis.
2711 916 2773 959 et

1710 988 1964 1048 tribunal;
1988 988 2110 1037 item
2126 988 2297 1044 basta,
2315 994 2371 1036 et
2390 985 2624 1050 gladius:
2648 1001 2774 1050 quo-

1709 1080 1820 1114 rum
1844 1065 2035 1115 iudieia
2051 1064 2265 1120 faciunt,
2284 1064 2399 1113 Lis.
2418 1077 2523 1113 vn.
2540 1065 2774 1113 1.Taeit.

1711 1142 1898 1192 Annal.
1937 1156 1975 1190 1.
2009 1147 2092 1191 75.
2152 1142 2355 1191 Seneca
2387 1140 2455 1190 de
2492 1141 2772 1189 Brevitate

1710 1219 1867 1274 vitae,
1899 1233 2017 1280 cap.
2044 1222 2121 1267 11.
2186 1217 2325 1269 Quis
2356 1231 2481 1265 vero
2515 1225 2771 1279 pretores

1710 1294 1812 1344 orti
1852 1304 2003 1344 eraut
2049 1309 2079 1343 e
2127 1293 2383 1343 consulari
2434 1306 2667 1349 munere,
2713 1300 2772 1341 et

1711 1374 1937 1435 auspicia
1962 1373 2229 1436 multaque
2254 1369 2476 1433 iusignia
2497 1385 2617 1419 cun
2649 1383 2774 1418 cou-

1711 1454 1904 1503 sulibus
1963 1454 2224 1503 habebant
2273 1451 2599 1511 commuuia3
2654 1451 2771 1500 binc

1711 1532 1962 1593 appellati
2001 1538 2123 1580 sunt
2165 1537 2179 1559 ⁶
2212 1529 2422 1588 college
2468 1526 2772 1577 consulum:

1713 1606 1826 1655 Liv.
1862 1620 1965 1655 vn.
2001 1610 2047 1655 1.
2080 1605 2166 1655 ubi
2200 1606 2263 1652 de
2292 1604 2495 1667 origiue
2528 1613 2772 1665 praeturn

1712 1694 1768 1735 et
1789 1686 1980 1734 curulis
2006 1685 2273 1733 aedilitatis
2295 1684 2433 1747 agit:
2466 1684 2484 1710 ‘
2511 1683 2774 1732 Patricius

1714 1761 2046 1824 magistratus
2079 1759 2345 1811 curulibus
2371 1758 2511 1807 sellis
2545 1767 2773 1820 pretex-

1715 1848 1871 1898 tatos,
1925 1850 2169 1902 tauquam
2215 1836 2454 1886 consules
2504 1834 2772 1896 sedentes,

1714 1917 1957 1966 nobilitas
1988 1916 2086 1964 sibi
2111 1915 2323 1974 sumsit3
2358 1920 2637 1976 pretorem
2659 1912 2769 1975 qai·

1715 1993 1830 2042 dem
1870 1993 2026 2042 etiam
2054 1992 2178 2055 jura
2211 1989 2539 2049 reddentem,
2573 1997 2629 2036 et
2665 1989 2771 2037 eol·

1714 2071 1884 2133 legam
1917 2069 2229 2130 consulibus,
2261 2076 2414 2131 atque
2459 2064 2647 2114 iisdem
2682 2078 2772 2113 au·

1714 2146 1887 2210 spiciis
1911 2143 2183 2195 creatum-⁹
2246 2145 2550 2205 Quanquam
2583 2142 2772 2189 deiude

1714 2223 1797 2272 bic
1817 2223 1976 2271 honos
1998 2222 2154 2270 etiam
2180 2235 2294 2270 cnm
2314 2218 2468 2283 plebe
2490 2221 2774 2267 commuui-

1715 2306 1859 2351 catus
1894 2307 2011 2359 est;
2042 2312 2159 2347 cum
2195 2295 2260 2346 A.
2285 2296 2353 2346 U.
2375 2299 2495 2345 417.
2526 2296 2598 2347 Q„
2632 2294 2774 2343 Pub·

1716 2376 1813 2425 lius
1860 2374 2012 2424 Philo
2064 2374 2259 2438 primus
2303 2387 2334 2421 e
2375 2372 2531 2437 plebe
2584 2380 2775 2435 pretor

1713 2450 1898 2513 fieret;
1930 2460 1989 2502 ut
2009 2450 2183 2502 Livius
2202 2459 2385 2501 auctor
2405 2459 2509 2513 est,
2542 2462 2675 2499 vm.
2696 2454 2777 2499 13.

1717 2530 1801 2581 De
1850 2528 2175 2592 {ir-moribus,
2224 2528 2437 2591 collegis
2484 2527 2776 2585 consulam,

1714 2606 1828 2656 Cic.
1863 2604 2029 2656 Attio.
2061 2617 2143 2654 rx.
2171 2607 2224 2653 0.
2255 2611 2272 2635 ⁴
2295 2604 2562 2654 Proetsrcs
2601 2610 2774 2653 auta-
2842 2647 2847 2650 ,

1716 2683 1790 2732 ita
1830 2689 2093 2744 rogantur,
2123 2681 2423 2747 (creantur)
2462 2689 2521 2732 ut
2558 2682 2773 2744 coneg-

1716 2760 1978 2810 consulum
1999 2760 2134 2820 sint;
2156 2773 2370 2824 quorum
2392 2761 2557 2825 majas
2578 2770 2659 2809 cst
2678 2761 2775 2809 im·

1718 2835 1954 2900 perium!
1986 2835 2188 2886 Gellius
2208 2848 2338 2886 xm.
2358 2840 2435 2886 15.
2460 2852 2523 2885 ex
2540 2836 2622 2887 U.
2637 2837 2775 2887 Elea·

1716 2914 1840 2962 salas
1864 2914 2073 2977 auguris
2091 2912 2237 2961 libris
2253 2911 2321 2961 de
2337 2913 2608 2976 auspiciis:
2628 2915 2645 2943 ‘
2658 2913 2779 2964 Gol-

1718 2990 1847 3053 legoe
1894 3004 1993 3040 uon
2039 2998 2161 3039 sunt
2206 3003 2451 3039 censores
2495 2992 2777 3055 consul-n,

1717 3074 1807 3114 aut
1849 3074 2129 3129 pretorum
2156 3081 2173 3126 ς
2207 3075 2478 3130 pra-tores,
2511 3069 2775 3118 consulum

1718 3152 1858 3192 suut.
1892 3177 1939 3193 ..
1975 3143 2199 3207 Praetor,
2219 3143 2318 3193 etsi
2335 3144 2535 3207 collega
2550 3145 2776 3194 consulis
2845 3208 2850 3211 Ι

1719 3229 1819 3279 est,
1850 3234 2023 3284 neque
2057 3229 2356 3284 pretorem,
2389 3234 2561 3285 neque
2595 3229 2776 3271 cousu-

1717 3297 1840 3359 lem,
1862 3296 1982 3360 jure
2017 3310 2203 3360 rogare
2241 3305 2444 3360 potestg
2479 3307 2534 3347 ut
2570 3299 2774 3361 quidem

1719 3387 1810 3423 uos
1859 3387 1890 3421 a
1932 3373 2281 3437 superioribus
2324 3375 2639 3438 acecpimus,
2688 3383 2779 3424 aut

1719 3460 1840 3499 ante
1858 3450 1972 3499 baec
1993 3459 2224 3514 tempora
2240 3457 2505 3500 servatum
2524 3462 2606 3501 est
2624 3469 2641 3503 t
2662 3449 2780 3516 quia

1719 3528 1988 3592 imperinm
2014 3527 2179 3577 minus
2204 3533 2415 3591 pretor,
2439 3528 2604 3592 majus
2621 3528 2777 3577 babet

1720 3608 1918 3669 consul,
1953 3614 2009 3657 et
2043 3621 2075 3656 a
2108 3608 2303 3656 minore
2338 3606 2558 3668 imperio
2591 3607 2776 3670 majus,

1721 3690 1809 3734 aut
1829 3685 1992 3747 major
2010 3683 2226 3745 collega,
2248 3683 2421 3745 rogari
2438 3683 2503 3748 (i.
2520 3698 2569 3734 e.
2590 3682 2776 3747 creari)

1712 3760 1832 3823 jure
1856 3775 1957 3808 nou
1982 3757 2192 3824 potest-⁹
2256 3759 2395 3807 Vide
2418 3760 2622 3823 reliqua
2645 3760 2775 3824 apud

1721 3839 1966 3889 Gellium.
2048 3837 2238 3898 Itaque
2280 3836 2539 3900 Trajauns
2582 3836 2775 3900 antiqui

1706 3914 1843 3979 juris
1890 3913 2056 3962 videri
2102 3912 2263 3960 voluit
2318 3912 2774 3972 retinentissimus3

1720 3991 1985 4058 quoniam,
2001 3990 2123 4040 dum
2145 3989 2323 4040 consul
2346 3997 2508 4046 esset,
2530 4001 2776 4054 putores

1719 4069 1875 4120 ctiam
1921 4069 2144 4133 collegas
2184 4067 2499 4131 compellare
2535 4067 2775 4132 diguatus

1721 4153 1822 4194 est.
1850 4144 2003 4195 Idem.

1784 4220 2050 4285 Proetorcs]
2066 4218 2412 4282 Magistratus
2427 4235 2639 4271 summa·
2655 4237 2773 4273 auc-

1718 4297 1945 4349 toritatis
1967 4298 2019 4349 in
2037 4297 2183 4359 urbe,
2199 4296 2287 4361 qui
2300 4296 2390 4361 jus
2414 4298 2620 4350 assidua
2642 4300 2776 4351 dicc-
