3060 4902
488 397 618 463 532

488 556 623 605 riore
657 555 881 620 propriis
913 555 1096 605 saltem
1132 553 1425 604 nominibus
1460 568 1550 616 ap·

488 631 703 694 pellari:
738 647 853 681 cum
881 641 935 681 et
954 632 1105 681 Caius
1128 632 1366 693 Caligula
1392 631 1552 677 iratus

487 705 650 757 suerit
682 707 948 757 Herennio
976 709 1176 766 Macro,
1209 705 1345 770 qnod
1385 707 1551 767 ipsum

487 784 795 832 salutaverit
847 783 1048 844 Caium,
1096 788 1416 829 memorante
1460 781 1552 829 Se-

487 873 636 916 neca,
679 858 746 909 de
792 860 1068 908 Constant.
1113 873 1226 921 cap.
1270 861 1350 906 18.
1419 856 1552 905 Ute-

487 934 679 984 bantur
702 949 823 984 vero
848 943 906 983 ut
943 934 1218 997 plurimum
1245 935 1260 960 ‘
1287 933 1552 981 monitori·

488 1011 585 1061 bus
602 1010 616 1032 ⁹
640 1020 695 1061 et
717 1020 731 1041 ‘
755 1009 1260 1068 nomenclatoribus‚’
1284 1011 1369 1074 qui
1390 1009 1552 1057 uesci·

488 1088 696 1139 entibus
712 1097 1054 1152 suggererent
1078 1086 1320 1148 uomina;
1354 1088 1417 1135 de
1443 1086 1554 1151 qui·

488 1164 582 1212 bus
608 1165 757 1227 plura
788 1164 948 1213 tradit
971 1164 1247 1227 Pignorius
1275 1164 1340 1212 de
1363 1162 1555 1211 Servis.

484 1239 589 1291 Sed
615 1255 681 1290 ne
706 1247 876 1303 putes,
912 1239 1201 1303 hujusmodi
1233 1252 1425 1294 servos,
1460 1252 1552 1286 no·

487 1318 835 1366 menclatores
894 1314 1085 1370 dictos,
1147 1329 1363 1378 quorum
1432 1328 1552 1362 usus

487 1392 713 1441 maxime
736 1392 836 1442 fuit
858 1392 912 1441 in
938 1392 1039 1453 via,
1062 1393 1114 1439 in
1138 1390 1268 1451 foro,
1291 1398 1345 1439 et
1369 1402 1553 1452 campo

487 1467 702 1529 Martio,
743 1467 900 1516 etiam
953 1468 1005 1516 in
1062 1467 1256 1515 curiam
1303 1465 1554 1514 admissos

487 1540 667 1592 fuisse.
738 1543 821 1591 Ibi
861 1544 1039 1592 Caenar
1078 1545 1235 1592 etiam
1274 1543 1339 1590 ab
1380 1543 1554 1606 aliquo

486 1628 746 1675 senatore,
770 1620 811 1668 si
839 1621 1019 1675 voluit,
1044 1618 1338 1669 submoueri
1365 1620 1553 1682 potuit,

487 1711 605 1760 quae
643 1698 846 1745 nomina
881 1704 1058 1745 essent
1099 1696 1315 1744 aliorum
1352 1702 1554 1744 senato-

487 1788 620 1824 rum.
710 1774 971 1836 Denique,
1027 1773 1163 1837 quod
1221 1773 1285 1820 ad
1343 1771 1553 1820 verbum

485 1850 502 1877 ⁸
530 1849 772 1911 siguare'
804 1848 1014 1908 attinet,
1049 1847 1102 1896 id
1138 1847 1274 1896 idem
1310 1849 1405 1896 lnoc
1442 1848 1555 1896 loco

490 1925 652 1985 valet,
671 1923 809 1988 quod
835 1924 1104 1986 insignire,
1127 1924 1322 1972 clarum
1343 1931 1396 1973 et
1418 1927 1552 1972 cele-

488 2000 634 2050 brem
673 2001 865 2057 facere,
902 2000 1187 2060 decorare;
1224 2009 1379 2063 prout
1418 2001 1553 2049 idem

491 2078 637 2129 Plin.
675 2080 846 2143 Epist.
881 2095 964 2130 tx.
1004 2085 1082 2131 19.
1114 2081 1264 2137 dixit,
1296 2089 1310 2110 ‘
1338 2082 1556 2130 Duobus

489 2156 762 2205 versiculis
798 2157 1023 2220 signare,
1065 2157 1200 2222 quod
1241 2159 1452 2220 egregie
1478 2157 1554 2206 se-

489 2234 661 2283 ceris.'
690 2232 939 2282 Similiter
964 2235 1265 2283 Columellae
1288 2248 1322 2282 ι.
1347 2238 1393 2280 3.
1433 2234 1554 2282 Vir·

489 2310 642 2373 gilius
683 2308 879 2359 dicitur
924 2319 1072 2358 vetus
1116 2310 1376 2374 quoddam
1424 2324 1555 2373 prae-

489 2393 701 2447 ceptum
749 2392 802 2433 et
848 2385 1089 2448 adagium
1134 2386 1149 2412 ‘
1186 2387 1411 2435 numeris
1457 2386 1557 2448 sig·

489 2462 684 2526 nasse,'
716 2465 750 2511 i.
774 2478 819 2511 e.
843 2465 891 2511 in
918 2478 1095 2512 versus
1121 2462 1385 2512 redactum
1411 2473 1556 2513 nota-

420 2545 429 2562 '
487 2539 1334 2603 biliuscelebriusquereddidisse.
1371 2540 1557 2603 ltaque

489 2625 545 2667 et
585 2620 598 2644 ‘
623 2617 817 2666 bettore
840 2618 1044 2680 signare
1070 2616 1312 2680 aliquem'
1348 2626 1449 2675 est,
1471 2618 1557 2665 Ιιο-

490 2707 619 2741 nore
662 2693 880 2756 aliquem
923 2691 1270 2741 condecorare
1316 2699 1372 2741 et
1419 2694 1556 2741 illus·

490 2774 651 2818 trare.
718 2769 805 2817 Sic
833 2766 972 2816 Plin.
996 2781 1096 2816 non
1121 2769 1282 2815 solum
1304 2767 1401 2816 hoc
1426 2770 1557 2824 loco,

488 2844 577 2893 sed
605 2844 764 2892 etiam
789 2844 959 2906 Epist.
984 2857 1036 2892 v.
1057 2847 1103 2892 1.
1126 2843 1386 2906 loquitur:
1421 2846 1436 2870 ‘
1455 2845 1556 2893 Cu·

489 2922 664 2970 rianus
687 2918 881 2970 sactum
906 2934 1074 2969 meum
1106 2921 1371 2984 antiquum
1396 2920 1560 2969 nobili

487 2998 682 3046 honore
706 2997 936 3061 signavit
960 2996 994 3057 ς’
1029 3005 1185 3059 prout
1215 2997 1352 3046 hunc
1390 3000 1555 3046 locum

489 3074 623 3123 bene
668 3073 962 3124 emendavit
1005 3075 1235 3135 cortina,
1276 3073 1555 3124 subnotato

495 3150 675 3199 Ovidii
725 3150 812 3198 lib.
839 3164 893 3197 v.
937 3154 1051 3199 474.
1096 3151 1400 3200 Fastorum:
1449 3153 1557 3200 ‘Ut

490 3225 752 3275 celebrem
793 3225 928 3274 festo
962 3227 1134 3287 signet
1165 3226 1357 3274 honore
1381 3226 1558 3276 diem.'

493 3301 759 3363 Ceterum,
783 3302 919 3351 ltttnc
944 3301 1100 3350 Plinii
1134 3305 1302 3352 locum
1328 3305 1556 3353 luculen-

492 3385 575 3426 ter
596 3377 823 3426 illustrat
849 3378 1000 3428 Giab.
1026 3379 1218 3443 Cuper.
1240 3380 1367 3430 Obs.
1403 3395 1483 3429 w.
1506 3384 1556 3430 8.

492 3453 737 3502 Schwarz.

558 3529 678 3578 Sine
713 3530 966 3593 ηιοηὶἰονε]
1003 3530 1433 3588 Nomenclatore,
1469 3533 1557 3596 qui

490 3605 631 3654 inter
683 3606 977 3653 necessaria
1021 3603 1195 3653 officia
1239 3608 1392 3655 claris
1436 3609 1557 3657 olim

493 3681 617 3729 viris
637 3679 945 3744 apparebat.
981 3680 1118 3743 Lips.

561 3757 794 3821 Gratum]
831 3756 1089 3806 Salutatio
1113 3771 1229 3807 cum
1251 3758 1558 3821 quibusdam

493 3831 859 3886 familiaritatis
905 3832 1042 3881 notis
1084 3836 1363 3897 opponitur
1405 3836 1420 3862 ⁸
1460 3837 1560 3884 levi

490 3909 567 3957 illi
597 3909 783 3969 rigoris
824 3907 1143 3970 suspicioni,'
1177 3908 1393 3959 Sueton-
1422 3909 1561 3975 Aug.

494 3997 540 4032 c·
554 3986 636 4032 66.
660 3991 716 4032 et
742 3990 754 4010 ⁸
773 3982 920 4032 vultu
939 3986 1103 4032 miuus
1119 3982 1406 4046 familiari,'
1426 3987 1559 4035 Caes.

494 4073 541 4109 c.
579 4065 662 4108 78.
703 4066 758 4107 et
796 4060 961 4108 ‘limo
1002 4059 1316 4123 adspectui:
1349 4063 1560 4110 Terent.

494 4136 691 4188 Graeco
716 4135 998 4198 ὑποβλεψία.
1036 4137 1187 4187 Rern.

1191 409 1406 458 No'rAE
1455 406 1863 457 vammum
1920 409 1999 457 m

1696 553 1902 600 Tantum
1944 550 2060 614 non]
2127 550 2239 600 Has
2296 550 2426 600 duas
2482 554 2700 603 voculas

1628 642 1838 688 prorsus
1895 628 2149 690 preteriit
2200 628 2442 677 librarius
2499 629 2698 679 codicia

1627 705 1953 755 parisiensis.
1989 704 2234 753 vitiosius
2253 703 2417 752 adhuc
2440 705 2549 754 sola
2575 720 2695 768 par·

1629 782 1787 830 ticula
1814 798 1906 830 nou
1936 782 2119 830 omissa
2153 789 2232 830 est
2268 781 2316 828 in
2354 782 2465 830 aliis
2500 782 2695 830 codici-

1629 858 1722 905 bus
1765 858 1893 906 Mas.
1941 860 2066 905 item
2110 867 2165 907 et
2205 858 2256 906 in
2300 858 2444 906 libris
2483 859 2695 908 excusis

1628 933 1925 987 Puteolani,
1965 933 2227 993 Beroaldi,
2269 932 2409 989 Audi,
2456 933 2697 995 cuspini-

1628 1009 1729 1064 ani,
1786 1010 1987 1070 Juntae,
2058 1008 2365 1063 Plnilomusi,
2438 1009 2696 1077 Rhenani,

1630 1084 1762 1132 Rob.
1802 1086 2077 1147 Stephani,
2123 1085 2372 1148 Gryphii,
2430 1085 2694 1135 sichardi·-

1630 1162 1909 1210 Catanaeus
1934 1162 2175 1211 exhibuit
2210 1169 2396 1211 tantum
2428 1178 2558 1212 num.
2610 1164 2694 1212 Li·

1631 1237 1830 1299 vinens,
1853 1244 2037 1286 tuntum
2060 1240 2333 1287 tum-ultro.
2391 1237 2553 1287 Henr.
2573 1238 2696 1287 Ste-

1630 1314 1826 1377 phanus
1872 1322 1925 1363 et
1974 1315 2251 1376 Gruterus,
2306 1314 2446 1363 inter
2500 1315 2698 1378 primos

1632 1393 1881 1440 veriorem
1922 1393 2196 1441 lectionem
2222 1393 2505 1455 protulere,
2541 1407 2695 1456 quam

1630 1466 1879 1528 deinceps
1918 1468 2000 1515 alii
2034 1467 2270 1516 certatim
2306 1467 2529 1530 amplexi
2555 1475 2697 1519 sunt.

1630 1543 1875 1590 Formula
1898 1553 2066 1591 autem
2095 1543 2192 1592 ista
2215 1548 2402 1592 tantum
2422 1559 2512 1592 non
2532 1545 2700 1593 Plini·

1630 1632 1730 1665 ano
1750 1633 1860 1666 aevo
1886 1633 2131 1683 perquam
2164 1618 2375 1672 usitata,
2398 1619 2529 1668 idem
2554 1618 2698 1669 valet

1631 1709 1693 1742 ac
1718 1702 1732 1723 ⁸
1757 1693 2173 1758 propemodum,’
2202 1698 2217 1723 ‘
2246 1693 2447 1748 serme,'
2471 1701 2486 1722 ⁸
2511 1693 2700 1758 paene-⁹

1632 1769 1841 1828 Graece,
1874 1768 2020 1829 μόνον
2053 1770 2125 1826 οὐ,
2158 1769 2426 1830 μονονουχί.
2492 1770 2580 1819 Sic
2623 1770 2698 1819 Ιο-

1632 1845 1807 1909 quitur
1824 1847 2080 1898 Quinctil.
2100 1846 2335 1895 Declam.
2353 1861 2437 1895 ιιι.
2454 1851 2504 1896 7.
2525 1849 2540 1874 ⁶
2559 1847 2697 1895 Tan·

1633 1931 1740 1970 tum
1767 1937 1865 1970 uon
1893 1923 2130 1971 ardorem
2155 1923 2398 1971 luminum
2426 1929 2546 1971 ante
2571 1936 2701 1972 ocn-

1631 1999 1708 2046 los
1751 1998 1972 2048 dicendo
2018 1999 2334 2061 posuerunt.’
2388 1999 2536 2048 Idem
2586 2001 2698 2050 De·

1633 2075 1785 2124 clam.
1812 2089 1888 2125 vr.
1908 2079 1958 2124 7.
1983 2079 1996 2103 ‘
2018 2077 2278 2138 Prospero
2296 2091 2451 2125 cursu
2469 2076 2700 2127 cadaver

1633 2159 1832 2200 tantum
1864 2167 1965 2201 non
1996 2152 2059 2200 ad
2094 2153 2207 2215 ipsa
2242 2153 2491 2214 majorum
2522 2153 2699 2216 sepul-

1632 2243 1720 2276 cra
1762 2228 2057 2290 depositum
2099 2228 2218 2277 est-¹
2273 2229 2421 2278 Idem
2462 2230 2699 2280 Declam.

1634 2318 1877 2354 ccxm'n.
1929 2305 1944 2331 ‘
1981 2306 2099 2354 Hoc
2160 2312 2357 2354 tantum
2416 2321 2517 2356 non
2571 2307 2699 2357 satis

1634 2390 1766 2441 erat,
1792 2382 2022 2444 judices,
2048 2382 2089 2429 si
2113 2382 2377 2431 dicerem:
2413 2397 2514 2431 non
2538 2396 2700 2446 nega·

1635 2457 1745 2507 vit.'
1810 2459 2138 2521 Supersedeo
2162 2458 2350 2508 similia
2372 2462 2606 2524 exempla
2630 2476 2698 2510 ex

1635 2535 1844 2583 Valerio
1884 2536 2136 2596 Maximo,
2174 2535 2393 2591 Seneca,
2431 2537 2699 2600 Suetonio,

1633 2618 1688 2661 et
1724 2612 1857 2672 aliis,
1893 2620 2154 2674 repetere.
2226 2612 2331 2660 Pro
2355 2612 2447 2662 bac
2477 2611 2701 2663 formula

1633 2694 1874 2736 auctores
1938 2687 2096 2735 etiam
2159 2686 2434 2751 aliquando
2494 2689 2699 2751 dixere,

1632 2770 1647 2792 ⁴
1673 2764 1824 2812 modo
1850 2778 1948 2811 non
1969 2763 2002 2824 ς’
2037 2779 2084 2811 v.
2110 2779 2160 2826 g.
2182 2764 2396 2813 Terent.
2420 2764 2631 2814 Phorm.
2658 2779 2701 2814 ι.

1631 2845 1680 2888 2.
1708 2844 1780 2888 18.
1817 2840 1830 2865 ‘
1859 2839 1910 2888 Is
1938 2855 2112 2888 senem
2155 2840 2390 2903 pellexit,
2415 2840 2569 2891 modo
2592 2856 2700 2893 non

1633 2924 1835 2965 montes
1860 2917 1968 2966 auri
1997 2914 2288 2978 pollicitus)
2322 2917 2563 2966 Schwarz.

1698 2992 2074 3041 Familiaritatis
2096 2990 2256 3054 notas]
2294 2992 2521 3042 Omnino
2556 2994 2700 3045 varia

1632 3082 1743 3117 esse
1769 3077 1982 3131 possunt
2001 3066 2373 3117 familiaritatis
2395 3076 2450 3117 et
2474 3069 2700 3119 benevo-

1633 3143 1804 3191 lentiae
1852 3143 2017 3206 sigua,
2057 3158 2174 3207 quae
2216 3143 2495 3208 aliqnando
2535 3146 2697 3196 etiarn

1634 3218 1823 3279 fronte,
1849 3234 1908 3268 ac
1934 3220 2096 3275 vultu,
2124 3228 2177 3266 et
2203 3228 2333 3268 nutu
2357 3222 2700 3270 declarantur.

1633 3298 1783 3347 Unde
1808 3299 1915 3348 Jul.
1941 3299 2138 3362 Caesar,
2172 3298 2308 3362 apud
2342 3299 2557 3348 Sueton-
2580 3313 2702 3363 cap.

1632 3380 1714 3425 78.
1740 3376 1930 3425 dicitur
1962 3383 1977 3405 ⁴
2002 3376 2364 3425 admonentem
2398 3377 2701 3427 Trebatium

1634 3453 1803 3502 minus
1859 3451 2103 3502 familiari
2160 3455 2305 3502 vultu
2374 3453 2704 3517 respexisse:

1638 3528 1759 3578 Huc
1778 3543 1976 3594 quoque
1997 3530 2224 3592 pertinet
2241 3544 2386 3578 come
2397 3529 2701 3593 alloquium,

1635 3611 1690 3654 et
1727 3605 2073 3668 apprehensio
2111 3619 2310 3660 manus,
2355 3612 2411 3654 et
2449 3605 2547 3654 alia
2584 3606 2700 3668 ejus

1635 3682 1838 3744 generis
1897 3681 2064 3745 sigua.
2148 3682 2236 3730 Sic
2290 3680 2431 3744 apud
2484 3683 2699 3733 Terent.

1636 3757 1864 3821 Adelph.
1904 3771 1954 3806 v.
1991 3764 2040 3806 5.
2068 3761 2118 3806 2.
2170 3772 2286 3807 cum
2323 3760 2521 3808 Demea
2561 3759 2699 3821 Syro

1637 3833 1860 3883 blandiri
1900 3834 2080 3889 vellet,
2123 3832 2426 3885 familiarius
2467 3850 2584 3885 eum
2622 3837 2702 3887 ita

1636 3910 1917 3960 salutavit:
1973 3910 1988 3936 ‘
2013 3909 2062 3959 Ο
2102 3910 2235 3975 Syre
2279 3918 2474 3973 noster,
2518 3912 2666 3962 salve

1636 3987 1759 4051 quid
1783 3986 1875 4036 fit?
1911 3986 2034 4051 quid
2062 3986 2234 4049 agitur
2252 3985 2287 4033 ?’
2343 3988 2601 4050 Exprimit
2624 3994 2701 4038 ta·

1635 4065 1704 4114 lia
1749 4064 1906 4113 etiam
1953 4063 2110 4113 Ovid.
2151 4061 2267 4112 Art.
2318 4063 2432 4113 Am.
2479 4078 2543 4113 n.
2586 4069 2704 4116 258.

1635 4146 1651 4170 ‘
1691 4140 1914 4190 Nomine
1958 4154 2216 4204 quemque
2262 4154 2377 4199 auo,
2435 4141 2573 4191 nulla
2617 4149 2703 4191 est

497 4239 503 4246 ·
548 4213 754 4262 Tantum
770 4228 860 4262 non
878 4210 1028 4274 ultro]
1051 4212 1368 4263 Tantumlum
1385 4229 1477 4264 non
1491 4218 1563 4265 ul·
1628 4217 1860 4281 jactura,
1882 4214 2082 4266 saluta:
2120 4217 2155 4267 J
2161 4230 2296 4278 unge
2336 4217 2437 4265 tuis
2464 4217 2703 4281 humiles,

492 4293 587 4338 tro.
639 4290 777 4353 Lege
795 4294 978 4339 tantum
993 4303 1084 4340 non
1102 4291 1246 4341 altro.
1273 4291 1526 4342 Ritterab.

1637 4292 1932 4356 ambitiose,
1962 4291 2180 4344 manus.'
2227 4292 2405 4342 Plaut.
2428 4290 2615 4358 Amph.
2639 4307 2703 4345 u.
