3060 4902
545 351 677 417 704

546 510 830 575 spatiorum
885 509 1050 558 inesse
1105 507 1487 571 longinquitate
1534 503 1609 551 di·

549 586 865 638 stantibus?
933 586 1259 635 Aliicrebro.
1311 584 1374 633 ln
1409 583 1611 632 Graecis

549 665 601 715 id
637 663 843 727 quidem
877 662 1041 728 (qnod
1079 678 1230 711 nemo
1267 661 1378 724 jam
1418 657 1612 718 nescit)

549 741 791 804 frequens
813 754 870 787 ac
894 739 1170 801 protritum
1196 745 1291 785 est.
1352 735 1611 783 Homerus

551 819 616 867 ΙΙ.
642 823 696 865 Α.
745 816 942 877 Βούλομ’
966 818 1060 879 ἐγὼ
1081 813 1202 864 λαὸν
1224 812 1340 863 σόον
1368 810 1558 872 ἔμμεναι
1580 810 1611 869 ἦ

549 893 823 944 ἀπολέσθω.
904 897 971 944 Ει
1014 901 1264 943 sexcenta
1309 891 1449 951 talia,
1494 907 1610 955 quae

551 987 652 1022 non
677 987 918 1035 congero.
948 972 1112 1020 Livia.

618 1049 865 1111 Delectat]
899 1049 977 1097 Ex
1002 1046 1263 1096 notissimo
1288 1044 1466 1104 verbo,
1497 1045 1512 1072 ‘
1532 1042 1612 1094 Si·

552 1127 672 1175 mile
692 1126 909 1174 amicum
934 1123 1123 1171 simili.'
1156 1123 1290 1184 Lips.

619 1204 825 1265 Deinde,
846 1202 967 1264 quod
987 1198 1320 1264 patientiores]
1356 1199 1464 1246 Pro
1488 1197 1612 1247 dna·

552 1281 646 1330 bus
693 1279 949 1342 prioribus
1005 1278 1216 1327 vocibus
1258 1277 1427 1324 deinde
1471 1277 1614 1337 quod,

554 1357 799 1406 mendose
844 1355 1095 1419 scriptum
1153 1355 1379 1416 legimus·
1416 1354 1615 1416 denique

551 1450 665 1497 quos
720 1435 770 1481 in
826 1432 1093 1482 codicibus
1140 1432 1265 1480 Mas.
1314 1430 1616 1492 Parisiensi,

555 1513 759 1559 Veneto
793 1515 840 1560 2.
891 1509 1292 1572 Salisburgensi,
1332 1516 1386 1556 et
1421 1515 1615 1555 nostro.

557 1589 773 1651 Denique
826 1588 949 1651 quod
1005 1587 1198 1636 habent
1264 1585 1504 1633 Vaticani
1564 1591 1617 1632 et

555 1666 1067 1727 Guelpherbytauus.
1154 1663 1336 1711 Deinde
1374 1675 1488 1722 quos
1528 1659 1618 1708 ad·

553 1741 652 1788 hnc
709 1740 1043 1794 Puteolanus,
1098 1738 1406 1797 Beroaldus,
1461 1737 1617 1785 Cata-

554 1830 715 1876 naeus,
734 1814 1099 1876 cuspinianus,
1120 1814 1459 1867 Philomusus,
1481 1813 1617 1860 Rhe·

556 1905 734 1940 nanus.
805 1889 969 1938 Aldus
1007 1889 1197 1952 primns
1237 1890 1485 1938 veriorem
1517 1890 1618 1935 lec·

556 1968 746 2016 tionem
766 1966 815 2014 in
837 1967 1001 2013 lucem
1022 1967 1257 2029 protulit.
1315 1966 1500 2019 Porro,
1526 1978 1618 2027 pro

557 2056 684 2091 voce
704 2042 1031 2104 patientiores,
1067 2042 1117 2090 in
1152 2041 1330 2090 codice
1364 2041 1618 2091 Salisbur·

557 2119 702 2181 gensi
725 2119 976 2181 scriptum
1001 2127 1111 2168 erat
1130 2119 1438 2182 patentiora,
1474 2117 1618 2181 (quae

556 2195 714 2243 lectio
758 2193 975 2243 fortasse
1022 2209 1089 2243 ex
1144 2204 1315 2243 errato
1375 2204 1621 2259 typogra-

558 2272 711 2336 phico
735 2275 889 2322 eliam
915 2273 1141 2322 occurrit
1175 2274 1227 2321 iu
1261 2274 1489 2322 editione
1530 2274 1615 2321 Ul·

559 2350 838 2413 traJectina
871 2366 951 2399 an.
982 2350 1151 2412 1652.)
1187 2350 1276 2400 sed
1311 2351 1374 2399 ab
1413 2351 1622 2415 antiqua

559 2442 712 2476 mann
737 2435 1027 2478 correctum
1066 2437 1423 2493 mutatumque
1457 2438 1534 2478 est
1570 2430 1619 2478 in

552 2505 863 2564 parentiores.
930 2504 1182 2566 Equidem
1214 2508 1526 2567 parentiores,
1566 2514 1623 2555 ut

557 2579 914 2639 obedientiores,
950 2579 1152 2627 omnino
1179 2581 1361 2628 Latine
1393 2582 1621 2641 dicitur;

560 2663 613 2701 ut
649 2655 699 2701 in
734 2656 1178 2717 praestantioribus
1220 2656 1362 2704 libris
1405 2657 1517 2705 Cic.
1558 2657 1624 2706 de

559 2730 713 2782 offic.
748 2746 784 2781 1.
820 2737 902 2781 22.
959 2738 972 2760 ‘
999 2733 1140 2783 Quin
1182 2733 1335 2780 etiam
1378 2733 1623 2782 Lacedae-

558 2808 715 2856 monii
740 2809 805 2856 ob
829 2809 920 2857 lias
946 2809 1085 2872 ipsas
1117 2824 1326 2857 caussas
1361 2819 1410 2857 et
1439 2825 1625 2873 paren·

561 2885 721 2934 tiores
761 2884 1052 2934 habuerunt
1099 2887 1379 2946 exercitus,
1422 2895 1476 2935 et
1520 2886 1623 2936 for·

559 2963 718 3014 tiores
739 2962 771 3023 ;'
804 2964 893 3011 sed
930 2964 1227 3025 parentiores
1263 2964 1516 3014 servitutis
1553 2967 1623 3013 ni-

557 3039 646 3090 hili
687 3046 785 3087 est.
856 3038 948 3102 At,
985 3048 998 3067 ‘
1034 3041 1338 3089 servitutem
1385 3043 1535 3104 pati,'
1570 3050 1624 3091 et

558 3118 572 3142 ‘
602 3116 867 3164 servitutis
904 3116 1223 3179 patientem,'
1257 3132 1344 3165 seu
1377 3120 1391 3146 ‘
1425 3121 1624 3180 patien-

560 3193 744 3239 tiorem
770 3192 922 3249 esse,'
959 3201 1100 3241 recte
1124 3193 1332 3242 dicitur.
1368 3196 1476 3243 Cic.
1504 3196 1622 3243 Pni-

559 3268 687 3328 lipp.
710 3272 850 3315 v1.7.
875 3268 888 3292 ‘
913 3267 1043 3316 Aliae
1063 3271 1299 3318 nationes
1317 3273 1622 3321 servitutem

561 3344 672 3406 pati
693 3354 935 3406 possunt;
960 3347 1137 3408 populi
1162 3347 1376 3395 Romani
1404 3356 1482 3397 est
1513 3365 1620 3411 pro-

560 3418 676 3481 pria
698 3419 948 3470 libertas!
981 3422 1197 3471 Tacitus
1224 3424 1272 3471 in
1302 3424 1479 3486 Agric.
1505 3442 1621 3488 cap.

560 3499 639 3544 15.
672 3497 687 3524 ‘
715 3498 957 3545 Britanni
995 3500 1190 3559 agitare
1231 3499 1370 3548 inter
1402 3516 1453 3548 se
1490 3504 1624 3550 mala

558 3573 856 3633 servitutis;
896 3610 908 3622 .
934 3575 1091 3623 ‚nilnl
1133 3575 1313 3637 profici
1351 3578 1624 3638 patientia,

560 3650 661 3697 nisi
699 3656 753 3698 ut
802 3653 1057 3712 graviora,
1100 3660 1340 3717 tanquam
1381 3672 1444 3703 ex
1483 3657 1622 3709 facili

561 3726 923 3782 tolerantibus,
958 3728 1310 3790 imperentur-⁹
1346 3734 1590 3785 Schwarz.

628 3802 975 3866 Patientiores]
1012 3806 1180 3854 Malos
1206 3817 1260 3856 et
1289 3811 1485 3869 molles,
1512 3813 1624 3875 qui-

559 3879 656 3929 bus
691 3881 889 3930 honesti
930 3884 1161 3945 aequique
1207 3899 1305 3934 nec
1341 3901 1483 3934 amor
1529 3903 1624 3938 nec

561 3971 687 4009 cura
705 3965 804 4006 est.
837 3959 972 4020 Lipn.

626 4032 837 4092 Deinde,
873 4035 994 4096 quod
1029 4035 1364 4099 patientiores]
1418 4039 1625 4098 Deinde,

559 4125 674 4172 quos
692 4113 993 4171 potentiores.
1032 4112 1216 4160 Faber.

628 4187 954 4236 Patientiores
975 4188 1248 4252 servitutis]
1283 4198 1297 4219 ‘
1329 4192 1512 4256 Neque
1537 4193 1625 4241 lio-

559 4259 724 4310 mines
760 4277 906 4328 voco,
939 4264 1028 4330 qui
1060 4266 1366 4318 servitutem
1394 4271 1623 4332 amant3'

1243 362 1463 413 No'rAE
1517 358 1921 410 vAmoRUM
1972 356 2051 406 ΙΝ

1686 502 1824 566 quia,
1871 507 1929 549 ut
1973 501 2160 561 anima,
2199 496 2369 549 forma
2424 498 2662 564 corporis
2706 497 2753 549 si

1687 577 1854 637 abest,
1888 575 2113 625 cadaver
2150 582 2249 637 est,
2287 576 2382 640 ita,
2411 576 2493 624 cui
2519 577 2752 625 libertas.

1691 653 1954 708 Heinsius,
2006 653 2154 715 cujus
2207 655 2372 701 visum
2415 659 2471 701 et
2519 651 2751 701 auditum

1687 744 1894 791 magno,
1929 730 1971 777 si
2009 743 2233 793 possem,
2268 742 2515 788 emerem,
2551 727 2605 776 in
2644 728 2752 776 lau-

1687 805 1810 856 dato
1829 806 2151 868 Panegyrico
2167 808 2403 856 Gustavo
2419 807 2618 869 Magno
2636 819 2756 855 con·

1689 893 1912 931 secrato.
1953 883 2101 932 Bern.

1752 959 1950 1022 Servos]
1988 960 2116 1008 Nam
2143 959 2265 1007 mali
2288 957 2570 1021 dignissimi
2597 957 2756 1006 servi·

1687 1041 1820 1096 tute,
1857 1037 2018 1101 etqui
2046 1038 2308 1086 meliorum
2344 1037 2573 1101 imperiis
2608 1035 2762 1086 coer-

1688 1119 1904 1161 ceantur
1928 1121 2016 1160 aut
2040 1112 2401 1161 emendentur.
2434 1112 2575 1175 Lips.

1756 1189 1872 1236 Nisi
1893 1188 2077 1251 servos]
2100 1189 2240 1236 Vitia
2263 1189 2399 1237 enim
2427 1188 2661 1237 homines
2679 1185 2755 1250 ig-

1691 1280 1851 1315 navos
1877 1265 2125 1322 reddunt,
2150 1267 2500 1329 pusillanimes
2525 1281 2586 1317 ac
2610 1266 2756 1318 viles.

1691 1345 1911 1393 Putarol.

1760 1422 1950 1471 Horum
1986 1423 2038 1472 in
2075 1422 2255 1485 sinum]
2293 1421 2364 1473 H.
2400 1437 2449 1474 e.
2484 1421 2537 1470 in
2581 1420 2758 1484 hujus-

1692 1499 1831 1548 modi
1867 1515 2038 1548 servos
2069 1509 2124 1550 et
2163 1501 2398 1559 libertos,
2425 1499 2522 1548 sibi
2557 1498 2757 1548 carissi·

1694 1591 1821 1639 mos,
1841 1577 1961 1624 mali
1980 1578 2239 1641 principes
2261 1575 2604 1626 conferebant
2628 1588 2758 1638 opes

1693 1653 2060 1717 honoresque;
2120 1669 2165 1702 v.
2210 1670 2260 1717 g.
2307 1660 2364 1704 ut
2406 1653 2659 1702 Claudius
2705 1654 2757 1701 in

1697 1731 1998 1778 Narcissum
2040 1738 2095 1780 et
2138 1732 2465 1791 Pallantem3
2515 1730 2664 1779 Nero
2705 1727 2756 1776 in

1696 1806 2022 1867 Polycletum
2048 1823 2062 1867 ;
2098 1808 2274 1857 Galba
2299 1809 2350 1857 in
2375 1807 2570 1856 Icelum
2596 1820 2612 1865 ς
2647 1805 2760 1855 Do·

1695 1884 1939 1932 mitianus
1979 1887 2029 1933 in
2073 1885 2363 1948 Crispinum
2404 1884 2615 1933 aliosve.
2698 1881 2760 1929 In

1693 1961 1848 2008 sinum
1867 1961 2066 2021 alicujus
2087 1963 2242 2010 omniu
2257 1975 2524 2023 congerere,
2545 1966 2628 2007 est
2651 1957 2758 2006 ele·

1699 2052 1823 2099 gans
1849 2037 2088 2100 loquendi
2116 2037 2351 2098 formula,
2376 2035 2542 2101 petita
2566 2049 2596 2083 a
2615 2041 2758 2082 vete·

1699 2126 1810 2160 rum
1860 2127 2001 2162 more
2062 2114 2324 2177 pecunias,
2377 2111 2608 2176 aliasque
2655 2122 2760 2170 res,

1698 2204 1823 2253 quas
1869 2201 2098 2239 servatas
2142 2196 2231 2240 ant
2277 2189 2506 2238 occultas
2546 2186 2761 2239 vellent,

1699 2267 1747 2314 in
1781 2267 1895 2315 sinu
1929 2269 2089 2315 vestis
2124 2267 2461 2317 condentium
2500 2261 2760 2327 portanti-

1699 2359 1905 2407 umque.
1964 2345 1977 2370 ‘
2002 2343 2187 2392 Sinus'
2219 2344 2353 2391 enim
2396 2348 2475 2390 est
2514 2354 2638 2404 pars
2680 2347 2759 2388 tu·

1699 2422 1829 2469 nicae
1874 2420 2054 2484 laxior,
2094 2435 2251 2484 supra
2290 2419 2602 2475 cincturam,
2640 2423 2762 2465 ante

1700 2506 1923 2559 pectus;
1974 2513 2072 2561 quo
2119 2497 2358 2546 solebant
2397 2494 2679 2558 conjicere,
2719 2493 2761 2541 si

1700 2574 1820 2636 quid
1846 2573 1941 2622 sub
1961 2583 2106 2623 veste
2134 2582 2340 2635 gestare
2372 2579 2462 2620 aut
2495 2572 2761 2620 occultare

1703 2652 1913 2698 vellent.
1958 2651 2115 2714 Apul.
2152 2651 2285 2699 Met.
2325 2663 2450 2698 vlu.
2487 2663 2608 2711 pag.
2645 2650 2761 2695 214.

1701 2726 1829 2775 edit.
1869 2728 2093 2776 Wechel.
2133 2730 2277 2776 1621.
2323 2729 2338 2755 ‘
2364 2727 2539 2789 Stipes
2577 2739 2765 2785 aereas,

1701 2805 1855 2851 immo
1889 2819 2011 2853 vero
2043 2811 2098 2853 et
2131 2812 2420 2867 argenteas,
2455 2803 2631 2851 multis
2654 2815 2763 2851 cer·

1703 2880 1849 2927 tatim
1875 2877 2237 2937 offerentibus,
2258 2881 2373 2929 sinu
2399 2893 2649 2943 recepere
2673 2893 2764 2942 pa·

1704 2957 1843 3004 tulo:
1880 2957 2107 3006 Martial.
2142 2971 2195 3005 v.
2233 2962 2315 3006 16.
2350 2958 2365 2983 ‘
2393 2959 2463 3007 Et
2488 2955 2581 3005 fiet
2618 2957 2763 3005 vario

1701 3031 1940 3081 sordidus
1978 3048 2081 3080 aere
2103 3031 2278 3094 sinus,'
2317 3033 2352 3081 i.
2376 3047 2422 3082 e.
2442 3040 2498 3082 et
2520 3033 2763 3096 colligam

1703 3109 1962 3168 ingentem
1986 3110 2218 3172 pecuniae
2240 3123 2505 3158 summam.
2575 3109 2622 3158 E
2647 3123 2764 3159 eon·

1701 3187 1861 3234 trario
1901 3185 2034 3234 idem
2077 3186 2235 3249 poe‘ta
2273 3194 2286 3215 ‘
2315 3189 2534 3236 vacuum
2568 3185 2766 3236 sinum'

1701 3265 1809 3325 ejus
1834 3272 2005 3323 vocat,
2037 3264 2123 3328 qni
2158 3264 2280 3312 nibil
2312 3264 2440 3313 lucri
2464 3264 2766 3328 acquisivi13

1702 3351 1758 3391 et
1799 3343 1976 3405 habet,
2025 3356 2081 3393 x,
2115 3346 2196 3393 78.
2229 3346 2243 3371 ‘
2280 3343 2556 3394 Rectorem
2599 3356 2765 3393 vacuo

1702 3420 1814 3467 sinu
1858 3420 2125 3469 remittes.'
2175 3419 2334 3469 Ovid.
2379 3419 2561 3470 Amor.
2603 3433 2644 3469 ι.
2689 3425 2766 3470 10.

1699 3501 1713 3525 ‘
1741 3497 1880 3546 Quid
1923 3512 2137 3560 puerum
2168 3497 2383 3546 Veneris
2420 3498 2600 3561 pretio
2647 3512 2764 3561 pro-

1703 3583 1839 3622 stare
1868 3575 2104 3635 jubetis?
2160 3576 2284 3626 Quo
2305 3576 2530 3640 pretium
2556 3576 2766 3638 condat,

1701 3665 1805 3699 non
1837 3651 1991 3699 habet
2025 3652 2111 3699 ille
2144 3651 2346 3701 sinum-²
2380 3651 2622 3703 Juvenal.
2649 3653 2765 3702 Sat.

1704 3741 1824 3776 xiv.
1865 3734 1985 3777 325.
2008 3730 2024 3756 ‘
2051 3730 2106 3779 Si
2146 3730 2371 3779 nondum
2407 3731 2615 3795 implevi
2649 3745 2766 3795 gre·

1703 3806 1878 3859 mium,
1910 3806 1950 3854 si
1973 3805 2217 3867 panditur
2241 3806 2382 3856 ultra
2397 3805 2434 3868 ;’
2468 3808 2503 3855 i.
2525 3822 2571 3857 e.
2593 3808 2657 3872 si,
2678 3808 2767 3857 de·

1700 3881 1907 3942 signata
1932 3896 2130 3932 summa
2153 3885 2409 3947 pecunias,
2427 3885 2654 3936 nondum
2674 3887 2767 3935 im·

1703 3959 1841 4020 plevi
1866 3962 2199 4025 marsupium,
2229 3961 2283 4012 in
2319 3964 2432 4012 sinu
2463 3970 2555 4013 tuo
2588 3978 2768 4014 recon-

1702 4035 1886 4092 ditum,
1923 4037 2079 4100 idque
2115 4037 2282 4087 adhuc
2324 4039 2455 4104 hin,
2498 4047 2556 4090 et
2595 4042 2769 4090 laxum

1701 4120 1798 4162 est.
1860 4115 2083 4178 Nempe,
2107 4117 2264 4165 etiam
2288 4132 2316 4165 e
2339 4118 2473 4167 collo
2491 4117 2771 4183 aliqnando

1702 4190 1970 4254 pendebat
2009 4192 2274 4242 veteribus
2313 4207 2576 4252 crumena,
2611 4203 2771 4259 atque

1697 4268 1824 4317 inde
1861 4268 1919 4319 in
1956 4269 2123 4320 sinum
2166 4270 2552 4323 dimittebatur.
2632 4273 2770 4325 Vide
