3060 4902
770 374 834 422 c.
879 371 1127 422 numu
1178 370 1509 422 saeuum
1564 370 1843 422 Panno.
1922 357 2107 423 t.5··3.

328 521 501 583 drige-
524 519 684 580 sellu
731 518 879 580 item,
909 524 1057 578 sonet,
1078 533 1242 569 ausser
1282 520 1406 577 deus.

326 597 448 646 ekae
490 599 637 654 deun
684 610 734 643 v.
775 610 825 658 g.
867 595 1009 645 Plin.
1045 595 1212 659 Epist.
1248 608 1285 644 1.
1324 599 1406 643 20.

325 675 341 701 ⁸
364 673 708 736 Brevitateni
731 685 831 734 ego
867 671 1260 721 custodiendam
1291 686 1406 720 esse

327 746 613 809 confiteor,
649 747 695 796 si
730 761 911 797 causss
945 749 1248 811 permittam
1282 748 1407 797 alio·

333 827 458 889 quin
484 824 852 889 pravaricatio
866 834 971 885 est,
989 826 1213 875 transire
1232 826 1407 874 dicen·

330 902 438 951 da?
481 901 628 951 Idem
655 900 826 965 Epist.
851 915 929 950 vt.
953 905 1036 950 st.
1068 904 1082 931 ⁸
1109 901 1408 965 Cesarjus·

335 978 411 1029 sit
432 976 728 1028 denuntiari
753 976 1031 1027 heredibus
1068 977 1327 1039 omnibus,
1352 986 1408 1029 ut

335 1063 577 1119 agerent,
590 1061 681 1104 eut
693 1054 878 1116 singuli
893 1053 1245 1118 approbarent
1264 1068 1409 1103 esus-

334 1144 426 1180 sss
449 1144 552 1180 uon
576 1130 795 1193 agendi3
830 1130 1020 1195 alioqui
1041 1144 1096 1179 se
1126 1131 1208 1179 vel
1234 1129 1303 1180 de
1325 1144 1410 1180 ca·

340 1207 537 1257 lamnia
556 1206 1044 1271 pronuntiaturum!
1079 1206 1223 1256 Idem
1245 1207 1410 1272 Epist.

338 1296 427 1333 tx.
447 1287 534 1333 ⁸5.
556 1288 603 1332 1.
635 1284 651 1313 ⁴
673 1282 915 1333 Nondum
942 1283 1130 1333 librum
1156 1284 1274 1347 legi,
1292 1298 1410 1333 cum

339 1359 535 1424 alioqui
560 1358 868 1408 validissime
890 1359 1133 1423 cupiam.'
1161 1361 1330 1424 Epist.
1354 1373 1411 1410 x.

339 1441 394 1486 7.
441 1441 458 1464 ·
482 1434 569 1486 Ad
592 1450 744 1499 qnam
766 1450 912 1499 spem
939 1435 1129 1499 alioqui
1153 1436 1409 1499 quietissi-

342 1526 483 1562 mum
505 1513 745 1562 hortetur
779 1519 835 1561 et
864 1513 1115 1562 natalium
1153 1512 1414 1575 splendor,

339 1596 401 1640 et
441 1602 640 1639 summa
674 1589 948 1649 integritas
983 1588 1035 1637 in
1063 1587 1416 1652 paupertate?

343 1665 463 1717 Liv.
499 1677 602 1714 vn.
643 1668 720 1715 to.
751 1668 768 1694 ⁴
791 1664 1189 1729 Triumphatum
1225 1665 1292 1715 de
1325 1666 1414 1716 'ri-

343 1739 622 1802 bnrtibns3
655 1743 842 1806 slioqui
874 1743 1013 1792 mitis
1037 1743 1254 1794 victoria
1276 1741 1416 1793 suit.'

344 1818 513 1868 Plura
535 1817 600 1867 de
628 1819 884 1882 particula
917 1823 932 1849 ‘
955 1821 1144 1884 alioqui
1161 1824 1174 1846 ⁹
1197 1820 1415 1885 exposui

343 1895 397 1944 in
423 1895 645 1944 Excurs.
669 1908 869 1944 xzvnr.
900 1895 1144 1945 Schmun.

411 1970 536 2021 sine
555 1972 928 2036 conparatione]
963 1972 1117 2033 Quae,
1141 1978 1198 2021 ut
1226 1971 1417 2022 Fabius

349 2047 401 2095 in
424 2048 522 2096 hac
546 2048 656 2110 ipsu
689 2061 746 2096 re
783 2048 1134 2097 laudationum
1171 2049 1264 2111 ait,
1283 2051 1299 2077 ‘
1323 2049 1418 2099 du·

344 2123 512 2186 plicet
550 2123 840 2185 materiam,
875 2133 930 2174 et
973 2125 1224 2173 virtutum
1269 2125 1418 2174 vitio·

347 2213 567 2263 rumque
590 2214 694 2248 non
718 2207 917 2249 tantum
937 2206 1192 2263 naturam,
1208 2201 1300 2251 sed
1324 2201 1420 2250 eti-

347 2289 434 2324 arn
458 2275 667 2326 modurn
694 2273 929 2326 tractet)
961 2277 1096 2341 Lips.

417 2352 539 2402 Sine
558 2353 930 2417 conparatione]
966 2354 1099 2402 Laus
1122 2367 1187 2402 ex
1211 2367 1421 2418 compa·

349 2429 558 2479 ratione
602 2429 828 2481 collecta
877 2429 1061 2494 major,
1106 2444 1257 2494 quam
1304 2444 1421 2495 quae

350 2507 580 2559 militur
602 2508 653 2556 in
676 2508 1134 2572 comparationem.
1173 2508 1324 2557 Bern-

421 2584 564 2646 Erge
582 2584 835 2648 optinum]
858 2583 1078 2633 Codices
1096 2583 1302 2648 quidem
1322 2584 1425 2631 Va-

354 2661 538 2722 tte-ut,
559 2669 617 2709 et
637 2661 1053 2723 salisburgensis,
1073 2674 1167 2723 pro
1184 2674 1319 2722 ergo,
1339 2660 1425 2709 lta-

354 2738 488 2789 beot
516 2740 661 2801 apud.
726 2736 829 2787 Sed
867 2735 1138 2786 retinenda
1166 2747 1246 2785 est
1269 2736 1427 2787 lectio

353 2816 592 2879 vulgata.
662 2816 748 2865 lta
770 2821 826 2865 et
865 2815 917 2863 in
951 2814 1121 2863 verbis
1156 2815 1427 2878 insequen-

358 2892 520 2952 tibus,
540 2904 573 2940 ι
612 2891 930 2954 Cuspiuiano
969 2897 1027 2940 et
1061 2891 1329 2951 Rhensno,
1349 2899 1426 2941 at·

357 2982 482 3033 qne.
505 2976 647 3018 teste
671 2968 769 3016 Tu.
793 2967 1024 3023 Harae,
1057 2966 1108 3014 iu
1138 2966 1270 3016 libro
1305 2968 1429 3016 Sca·

353 3045 530 3109 ligeri,
577 3059 672 3109 pro
714 3045 899 3108 piorum
933 3044 1124 3105 ciuium,
1162 3044 1430 3108 inquinate

362 3123 609 3187 proditur
629 3122 844 3184 priorum
864 3121 1058 3170 citiam.
1091 3122 1352 3170 schwarz-

427 3198 631 3248 Phr-n·
651 3196 850 3259 citium]
870 3197 1102 3247 Priorum
1115 3197 1289 3247 civium
1302 3197 1430 3250 edit.

359 3275 536 3326 Rhea.
560 3275 651 3324 sed
675 3275 862 3338 piorum
882 3274 1070 3322 ciuium.
1098 3273 1287 3322 Faber.

431 3352 633 3415 Imqut
652 3350 934 3412 dinanius]
958 3351 1115 3406 Nota,
1134 3350 1321 3414 insequi
1343 3365 1432 3416 po·

361 3428 522 3479 eitun
548 3443 644 3495 ppo
667 3428 684 3455 ‘
701 3425 984 3478 insectari.²
1010 3426 1249 3477 Rietersk.

469 3503 664 3569 Insequi
717 3501 999 3566 dissimiles]
1057 3502 1432 3553 Rittershusius

364 3589 546 3632 noster
567 3588 716 3630 notst
736 3580 920 3644 insequi
945 3579 1167 3643 positum
1191 3594 1308 3629 esse
1340 3594 1435 3643 pro

361 3662 383 3687 ⁸
417 3657 683 3707 insectari.
702 3656 718 3679 '
803 3657 884 3705 De
938 3670 1042 3720 qua
1095 3656 1433 3706 annotatione

369 3734 722 3784 minent-n:
761 3732 777 3760 ‘
799 3732 959 3784 Quasi
994 3732 1091 3781 hoc
1128 3746 1317 3780 novum
1357 3732 1434 3781 so·

345 3807 508 3860 -ret?’
574 3809 645 3858 At
671 3822 795 3858 vero
816 3807 927 3871 ipse
941 3807 1277 3856 Burmannus
1292 3806 1358 3857 sb
1375 3821 1438 3856 eo

365 3888 567 3936 citotns
593 3886 656 3934 ad
681 3883 843 3934 Ovid.
866 3884 1002 3933 Met.
1020 3895 1150 3932 vnn.
1177 3886 1291 3933 120.
1310 3881 1438 3933 fate·

370 3972 478 4020 tur,
501 3977 607 4012 uon
621 3962 825 4011 obviarn
849 3958 992 4010 verbi
1012 3960 1159 4023 hujus
1181 3959 1440 4024 significa·

371 4042 568 4092 tionem
615 4055 732 4091 esse
774 4056 869 4104 pro
907 4043 922 4068 ⁸
945 4038 1242 4100 insectari3’
1281 4048 1337 4089 et
1372 4041 1442 4089 its

370 4119 507 4170 sumi
532 4119 669 4184 apud
690 4118 936 4167 Historia
958 4117 1207 4181 Auguste
1222 4116 1445 4179 scripto·

371 4210 481 4252 res.
501 4196 745 4245 docuisse
764 4195 1071 4244 Selinusium
1094 4194 1158 4242 sd
1180 4193 1446 4258 Spartisn.

383 4271 641 4323 Hs'drian.
679 4287 727 4324 c.
753 4278 806 4323 ⁴.
827 4278 886 4322 et
925 4270 1189 4336 lamprid.
1229 4268 1448 4334 Elegit».

2413 356 2547 424 '767

1481 534 1534 571 c.
1556 523 1607 569 8.
1672 521 1792 572 Jam
1816 521 1858 571 si
1883 521 1998 585 quis
2022 520 2088 570 de
2112 518 2210 569 viri
2245 519 2430 585 optimi
2456 534 2547 571 an·

1482 596 1842 647 notationibus
1874 599 1951 646 sic
1971 598 2227 661 judicium
2250 613 2549 648 censuram·

1482 687 1583 734 que
1609 672 1782 721 facere
1809 675 1965 734 velit3
2001 675 2201 736 quoties
2234 688 2334 723 uon
2364 675 2545 723 eadem

1480 748 1729 796 censoriae
1752 748 2043 798 severitatis
2067 748 2292 798 formula
2324 750 2396 798 uti
2424 750 2549 799 lice·

1482 823 1604 873 ret?
1638 824 1752 887 Ego
1776 825 1944 874 sciens
1971 824 2301 890 prudensque
2317 826 2549 890 aliquau-

1484 900 1553 950 do
1590 900 1655 950 sd
1697 902 1892 951 leviora
1927 902 2219 962 descend03
2266 904 2387 966 quia
2419 906 2548 967 selu,

1483 992 1589 1027 non
1604 978 1797 1040 omnia,
1814 992 1929 1041 quas
1946 977 2248 1029 doctissimo
2266 979 2551 1031 Arutsenio

1485 1053 1682 1103 leviora
1706 1053 1968 1115 videntur,
1993 1055 2118 1104 talia
2142 1056 2298 1104 etiam
2334 1056 2551 1107 homini·

1487 1130 1584 1181 bus
1607 1130 1856 1180 doctrinae
1880 1131 2087 1194 cupidis
2121 1131 2304 1182 videri.
2361 1134 2555 1198 Insequi

1489 1212 1660 1256 autem
1688 1207 1897 1272 proprie
1911 1214 1992 1256 est
2014 1204 2278 1271 subsequi,
2294 1209 2374 1257 vel
2399 1224 2551 1272 prox·

1486 1282 1591 1331 ime
1612 1283 1773 1347 sequi.
1822 1282 1934 1332 Cic.
1956 1281 2106 1333 Orat.
2129 1296 2246 1348 cap.
2266 1289 2352 1334 48.
2376 1286 2390 1312 ‘
2411 1286 2551 1338 Quin

1487 1359 1648 1408 etiam
1666 1394 1681 1410 .
1703 1392 1719 1408 .
1741 1389 1757 1407 ·
1780 1366 2090 1423 postremam
2130 1361 2332 1410 literam
2378 1362 2554 1412 detra·

1488 1436 1704 1498 hebent,
1759 1436 1858 1485 nisi
1911 1437 2102 1485 vocalis
2152 1436 2558 1502 insequebatur-⁹

1489 1513 1705 1562 Sueton.
1730 1511 1869 1576 Aug.
1892 1527 1940 1561 c.
1965 1517 2049 1561 68.
2072 1519 2087 1542 ⁹
2110 1512 2404 1577 insequenti
2434 1515 2557 1564 die!

1489 1589 1595 1638 Sed
1621 1595 1677 1638 et
1710 1603 1805 1653 pro
1841 1588 2120 1652 ‘persequi
2140 1587 2155 1610 ⁹
2190 1587 2382 1638 dicitur
2414 1590 2556 1654 apud

1485 1665 1603 1715 Cic.
1624 1678 1717 1728 pro
1741 1665 1804 1714 C.
1829 1664 2008 1713 Rabir.
2028 1679 2074 1714 c.
2099 1668 2149 1715 7.
2165 1671 2179 1694 ·
2197 1665 2326 1714 Cum
2351 1665 2555 1731 ingredi

1493 1742 1581 1791 vix
1608 1750 1801 1805 posset,
1825 1756 1925 1792 non
1950 1741 2014 1791 sd
2051 1742 2427 1806 insequendum
2460 1743 2558 1794 sibi

1494 1816 1796 1868 tarditatem
1818 1818 2025 1883 pedum,
2038 1820 2127 1867 sed
2149 1817 2213 1867 sd
2237 1817 2558 1882 fugiendum,

1492 1893 1869 1958 impedimento
1899 1894 2028 1951 fore,
2069 1894 2327 1957 putabat!
2398 1896 2467 1946 Et
2506 1912 2558 1947 a·

1494 1970 1601 2034 pud
1630 1972 1889 2034 Nepotem
1914 1972 1964 2020 in
2001 1972 2202 2028 Attico,
2239 1985 2284 2021 c.
2307 1975 2355 2021 9.
2395 1972 2557 2037 'Ejus

1493 2045 2248 2113 familiaresinsequebantur.’
2332 2049 2562 2109 Deinde.

1494 2124 1696 2188 insequi,
1723 2139 1815 2187 pro
1843 2125 2112 2183 insectari,
2146 2124 2426 2189 castigare,
2456 2131 2562 2176 tra·

1495 2198 1709 2255 ducere.
1735 2201 1973 2264 ponitur;
2007 2201 2163 2263 idque
2196 2202 2277 2249 vel
2308 2201 2559 2259 absolute.

1497 2285 1556 2327 ut
1581 2278 1677 2327 boc
1702 2280 1830 2335 loco,
1855 2279 1980 2328 item
2006 2279 2172 2341 Epist.
2198 2291 2298 2329 vri.
2325 2282 2406 2329 12.
2428 2281 2561 2331 ‘Cur

1497 2353 1634 2402 enim
1678 2368 1779 2402 non
1824 2366 2193 2418 usquequaque
2248 2355 2560 2408 tenuitatem

1499 2436 1725 2478 vestram
1757 2430 2001 2493 insequar
2031 2437 2083 2478 et
2120 2429 2414 2493 exagitem?
2434 2430 2448 2454 ’
2481 2434 2564 2483 vel

1498 2506 1764 2570 adjunctis
1798 2507 2181 2561 contumeliosis
2217 2508 2405 2570 signis3
2442 2525 2488 2559 v.
2514 2525 2566 2575 g.

1497 2583 1683 2647 insequi
1697 2583 1919 2646 aliquem
1935 2591 1949 2612 ‘
1971 2584 2356 2647 contumelis,’‘
2374 2585 2565 2642 minis,’

1500 2659 1517 2687 ‘
1534 2658 1839 2722 irridendo,'
1872 2668 1886 2690 ⁸
1906 2658 2178 2722 convicio,’
2215 2668 2229 2691 ⁴
2251 2660 2418 2712 serbis
2442 2676 2563 2712 con·

1504 2735 1824 2793 tumeliosis,'
1859 2736 1875 2763 ‘
1896 2738 2124 2785 clamore
2144 2734 2180 2796 ς’
2213 2742 2271 2785 ut
2295 2737 2431 2799 apud
2456 2739 2564 2788 Cic.

1504 2811 1735 2875 aliosque
1771 2813 1930 2862 bonos
1962 2821 2224 2874 auctores,
2258 2812 2567 2863 identidem.

1503 2888 1735 2937 Verbum
1760 2896 1931 2938 autem
1955 2894 1967 2916 ⁸
1995 2886 2279 2949 insectari,'
2301 2889 2436 2953 quod
2458 2888 2567 2940 Pli-

1504 2964 1621 3013 nius
1647 2965 1819 3027 paullo
1858 2963 2096 3026 iuferius,
2118 2964 2233 3012 loco
2274 2965 2419 3013 verbi
2446 2966 2569 3016 inse·

1504 3040 1608 3103 qui,
1644 3042 1754 3091 sive
1796 3041 2086 3103 exagitare,
2126 3039 2320 3101 posuit,
2361 3041 2569 3090 etiarnsi

1506 3131 1608 3166 non
1635 3131 1751 3166 raro
1773 3116 2010 3166 absolute
2042 3123 2284 3178 ponatur,
2307 3130 2567 3179 nunquam

1508 3202 1685 3243 tamen
1730 3193 1884 3243 facile
1932 3192 2160 3255 reperias
2203 3193 2316 3241 siue
2361 3193 2570 3243 notione

1507 3269 1612 3318 odii
1636 3277 1690 3317 et
1717 3268 2021 3332 cupiditatis
2048 3266 2326 3316 ulciscendi
2343 3268 2571 3332 positum

1509 3359 1604 3410 pro
1627 3345 1851 3409 simplici
1887 3344 2043 3393 verbo
2067 3350 2081 3372 ⁸
2102 3342 2328 3392 sectari.'
2395 3345 2573 3410 Atque

1508 3420 1638 3470 adeo
1663 3421 1759 3469 ltoc
1781 3422 1938 3470 etiam
1964 3419 2078 3468 loco
2101 3424 2116 3446 ‘
2138 3419 2386 3469 insectari
2411 3424 2573 3472 rusios

1509 3495 1808 3563 principe-,⁸
1830 3504 1931 3558 est,
1954 3510 2042 3546 eos
2066 3497 2338 3560 exagitare
2359 3506 2413 3548 et
2436 3499 2572 3551 vitu·

1508 3591 1711 3642 perare-
1736 3575 1991 3626 Schwara'

1575 3653 1709 3704 Satis
1728 3651 1959 3715 amarint]
1993 3652 2114 3701 Nou
2142 3659 2347 3703 tantum
2382 3652 2577 3705 Puteo·

1511 3732 1682 3792 lanus,
1704 3731 1886 3786 Aldus,
1909 3729 2094 3784 Junta.
2121 3730 2419 3787 Rhenanus,
2451 3731 2577 3780 Phi·

1515 3809 1766 3870 lomusns‚
1795 3808 2110 3867 Cratander,
2135 3805 2434 3869 sichardus,
2471 3808 2579 3857 Na-

1515 3888 1648 3941 vius.
1670 3885 1955 3940 Livineius,
1971 3884 2086 3933 baec
2104 3882 2319 3933 edidere
2338 3885 2386 3934 iu
2403 3899 2579 3933 nume·

1515 3977 1577 4012 ro
1613 3963 1879 4026 singulari,
1913 3976 2063 4024 neque
2097 3960 2222 4009 enim
2251 3961 2374 4009 sutis
2404 3961 2580 4010 amur-it

1518 4039 1659 4089 bonu
1676 4041 1930 4102 principes,
1945 4040 2026 4101 qui
2047 4038 2198 4085 malos
2216 4036 2338 4085 sutis
2359 4049 2451 4084 non
2471 4037 2581 4087 ode·

1517 4117 1617 4174 rit,-
1652 4115 1746 4165 sed
1784 4124 1839 4165 et
1875 4114 2054 4163 eodem
2094 4114 2249 4161 modo
2282 4113 2480 4176 scripta
2508 4114 2581 4162 le·

1522 4199 1716 4254 guntur
1753 4192 1806 4240 in
1829 4188 2093 4239 codicibus
2118 4187 2401 4244 Vaticanis,
2434 4188 2582 4238 Pari·

1517 4267 1697 4324 siensi.
1730 4276 1951 4329 utroque
1974 4264 2198 4324 Veneto,
2225 4262 2583 4328 Salisburgen·
