3060 4902
795 391 861 436 c.
917 392 1162 443 ι’ωΝιι
1211 397 1541 453 saeuum
1596 409 1868 465 unse.
1948 421 1999 468 1.
2030 408 2137 473 24.

346 522 639 575 secuudum
680 526 904 580 Sueton.
953 534 1153 586 Domit.
1188 553 1308 604 cap.
1351 546 1428 592 12.

342 601 359 627 ⁴
383 612 484 648 nec
530 604 771 653 osculum
823 605 1165 662 offerentibus
1220 632 1424 670 manum

557 681 608 726 .’
674 678 759 729 Cf.
796 682 938 734 idem
981 687 1145 753 Calig.
1181 707 1299 756 cap.
1343 701 1425 747 56.

344 749 516 800 Erant
559 753 698 803 enim
740 760 955 811 omnino
1003 766 1283 833 principes,
1317 774 1423 836 qui,

345 826 425 875 nti
457 826 618 894 infra,
651 846 772 896 cap.
796 847 956 887 uxr.
974 843 1025 889 2.
1061 842 1288 907 loquitur
1313 848 1420 898 Pli-

341 901 678 964 nius,‘velut
710 908 850 960 affixi
875 916 1141 967 curulibus
1175 921 1281 971 suis
1315 939 1419 974 ma·

339 991 467 1028 num
504 988 732 1042 tantum,
754 994 811 1036 et
843 990 977 1041 banc
1009 1003 1339 1063 cunctanter,
1362 1011 1417 1053 et

340 1055 513 1121 pigre,
546 1068 602 1110 et
640 1062 1021 1126 imputantibus
1057 1073 1266 1140 similes,
1298 1093 1416 1141 pro-

338 1135 584 1184 suerent.¹
661 1137 751 1189 Sic
794 1143 948 1193 Caius
985 1146 1242 1214 Caligula,
1276 1160 1413 1206 teste

337 1207 520 1260 Dione
537 1212 628 1262 lib.
650 1228 762 1265 ux.
783 1233 837 1282 p.
857 1225 972 1271 661.
1009 1229 1025 1252 ‘
1047 1239 1244 1289 paucos
1262 1245 1412 1281 oscu-

334 1282 579 1349 labatur3
622 1292 885 1359 plerisque
919 1298 1078 1349 etiam
1113 1312 1409 1358 senatorum

334 1375 548 1414 manum
586 1372 808 1432 tantum,
840 1382 929 1424 aut
966 1375 1152 1438 pedem
1189 1380 1403 1432 adoran·

333 1438 479 1506 dum,
516 1447 857 1509 porrigebat)
921 1453 1406 1528 Idemque'Caesar,

331 1517 600 1572 referente
637 1524 836 1576 Seneca
869 1528 937 1578 de
969 1532 1206 1585 Beuefic.
1238 1551 1301 1587 ιι.
1326 1543 1405 1589 12.

327 1596 346 1622 ‘
375 1595 636 1661 Pompeio
672 1601 876 1666 Penno,
900 1605 1012 1656 viro
1046 1613 1325 1677 consulari,
1350 1632 1403 1665 a·

328 1673 478 1732 genti
496 1675 712 1740 gratias,
730 1682 966 1741 porrexit
982 1687 1317 1740 osculandum
1335 1693 1402 1741 si-

326 1747 553 1798 nistrum
590 1752 795 1814 pedem,
818 1758 1052 1825 adeoque
1085 1764 1284 1816 invenit
1306 1770 1399 1818 ali·

323 1823 450 1884 qnid
482 1822 621 1875 infra
645 1842 833 1890 genua,
857 1847 956 1897 quo
979 1835 1277 1891 libertatem
1308 1843 1399 1895 de-

323 1898 607 1951 truderet!
654 1905 937 1968 Praeterea,
955 1923 1076 1976 post
1091 1918 1397 1988 Trajanum,

319 1974 643 2029 Maximinus
675 1982 878 2044 Juuior,
903 1990 1146 2044 tradente
1178 1997 1394 2062 Capito·

316 2050 425 2101 lino
445 2068 495 2105 c.
517 2060 569 2106 2.
606 2058 624 2085 ‘
642 2059 695 2107 in
712 2062 1111 2120 salutationibus
1134 2078 1395 2138 superbis·

317 2128 478 2178 simus
514 2139 644 2191 erat,
668 2137 817 2200 adeo,
837 2149 895 2191 ut
924 2158 1128 2197 manum
1160 2154 1391 2218 porrige·

317 2213 420 2264 ret,
443 2214 500 2257 et
529 2224 700 2273 genua
720 2216 820 2265 sibi
843 2223 1065 2275 osculari
1095 2235 1383 2297 pateretur,

313 2296 678 2352 nonuunquam
699 2294 856 2343 etiam
878 2297 1073 2360 pedes:
1097 2306 1236 2368 qnod
1256 2323 1387 2359 nun·

312 2374 469 2425 quarn
509 2378 690 2426 passus
725 2378 806 2420 est
840 2376 1015 2426 senior
1048 2379 1384 2449 Maximinus,

309 2437 401 2501 qui
424 2438 658 2506 dicebat,
683 2443 774 2495 Dii
799 2449 1130 2519 prohibeant,
1157 2467 1213 2507 ut
1245 2463 1379 2526 quis·

306 2526 463 2576 quam
502 2515 841 2580 ingenuorum
883 2526 1100 2589 pedibus
1136 2537 1264 2586 meis
1300 2553 1382 2588 os-

304 2589 478 2639 culnm
507 2590 630 2656 figat
647 2595 680 2643 Ξ·
733 2598 960 2651 Veibum
982 2604 997 2630 ⁸
1013 2606 1261 2661 reddere'
1282 2614 1379 2665 hoc

303 2662 420 2714 loco
451 2681 522 2715 ex
545 2666 644 2719 fori
668 2686 761 2722 usu
790 2686 1014 2729 sumtum
1043 2683 1265 2746 videtur,
1290 2691 1376 2742 ubi

299 2727 585 2806 aliquando
621 2755 788 2814 notat,
813 2759 828 2781 ‘
851 2766 958 2803 rem
997 2771 1091 2820 pro
1124 2775 1179 2809 re
1214 2762 1378 2815 dare.'

303 2816 474 2868 Quam
499 2820 927 2883 significationem
956 2835 1186 2897 explicat
1213 2840 1373 2891 Seue·

299 2907 361 2942 ca
387 2895 453 2944 de
487 2896 723 2964 Benefic.
749 2917 825 2954 vr.
846 2912 895 2956 6.
928 2909 944 2936 ⁸
970 2909 1101 2959 Cum
1137 2912 1371 2981 dicimus,

299 2969 625 3024 Beneficium
647 2978 848 3029 reddidi
866 2997 882 3042 ς
904 2997 1006 3033 non
1024 2987 1119 3037 boc
1134 2989 1372 3057 dicimus,

295 3047 425 3096 illud
459 3063 573 3110 nos,
602 3054 737 3118 quod
772 3071 1163 3127 acceperamus,
1195 3068 1368 3118 reddi-

294 3121 465 3185 disse;
504 3126 596 3174 sed
637 3130 775 3180 aliud
818 3149 912 3197 pro
947 3136 1054 3188 illo.
1123 3140 1368 3195 Reddere

293 3198 432 3248 enim
461 3209 562 3264 est,
587 3218 693 3255 rem
721 3222 813 3270 pro
836 3223 893 3259 re
915 3210 1061 3265 dare.
1130 3217 1365 3271 Quidni?

290 3289 408 3324 cum
443 3280 612 3328 omnis
643 3283 833 3334 solutio
860 3302 963 3337 non
995 3289 1134 3341 idem
1159 3295 1364 3359 reddat,

288 3353 379 3402 sed
419 3358 747 3409 tantundem.
816 3364 952 3414 Nam
991 3374 1047 3417 et
1088 3373 1360 3432 pecuniam

287 3427 511 3481 dicimur
535 3434 845 3500 reddidisse,
866 3444 1099 3505 quamvis
1122 3460 1360 3500 numera·

285 3505 515 3556 verimns
541 3524 634 3573 pro
653 3519 914 3575 argenteis
936 3533 1151 3583 aureos3
1181 3539 1358 3586 quam-

282 3579 359 3628 τί·
378 3594 482 3629 uon
502 3582 880 3639 intervenerint
898 3596 1088 3644 nummi
1105 3612 1121 3657 ς
1153 3598 1246 3646 sed
1265 3599 1359 3649 de-

281 3655 549 3718 legatione
589 3667 646 3711 et
682 3665 854 3716 verbis
895 3669 1133 3732 perfecta
1166 3677 1355 3727 solutio

277 3732 386 3781 sit.'
451 3735 695 3788 Fortasse
720 3742 980 3804 potuisset
1007 3747 1205 3800 Plinius
1230 3766 1353 3803 ean·

277 3808 394 3858 dem
412 3825 525 3861 rem
539 3813 697 3863 etiam
716 3819 1007 3879 exprimere
1027 3839 1124 3888 per
1140 3829 1350 3882 verbum

270 3882 288 3912 ⁸
301 3896 689 3949 repraesentare
705 3891 741 3940 ε’
773 3895 882 3945 Nec
896 3901 1104 3951 osculum
1120 3919 1262 3955 mana
1277 3921 1351 3957 re·

268 3970 562 4024 pesmoe5
595 3977 754 4031 prout
781 3972 894 4022 Cic.
915 3973 1145 4042 Philipp.
1168 3987 1352 4034 undo.

269 4036 431 4089 dixit:
473 4041 492 4068 ⁸
514 4041 656 4093 Quin
696 4045 857 4096 etiam
892 4064 1084 4115 corpus
1123 4056 1348 4109 libenter

267 4113 557 4176 obtulerim,
575 4119 620 4169 si
647 4129 1022 4184 representari
1039 4129 1099 4192 [i.
1116 4145 1164 4182 e.
1181 4134 1345 4200 reddi,

267 4196 659 4263 praestarique,]
692 4208 861 4250 morte
892 4216 1011 4254 mea
1033 4206 1247 4260 libertas
1270 4211 1341 4263 ci·

263 4268 431 4321 vitatis
453 4273 677 4338 potest!
706 4274 960 4329 Schmun.

374 4355 553 4424 Daph.
570 4364 623 4410 et
652 4358 773 4410 γαν.
791 4359 926 4413 Clas.

1224 4371 1415 4435 Paneg.
1447 4374 1549 4424 Vei.

2447 422 2580 487 545

1570 550 1727 603 Manu
1752 559 1937 625 reddis]
1973 564 2114 617 Infra
2137 580 2292 621 Lxxt.
2314 576 2365 623 Ω.
2402 574 2419 603 ‘
2441 578 2572 630 Cum

1505 626 1648 677 velut
1693 629 1831 683 affixi
1878 642 2145 694 curulibus
2191 648 2316 712 suis,
2362 667 2570 706 manum

1499 705 1720 768 tantum,
1745 716 1798 758 et
1821 711 1955 762 hauc
1976 727 2302 786 cunctanter,
2325 733 2378 776 et
2402 729 2569 794 impu·

1499 780 1731 831 tautibus
1756 786 1947 838 similes
1974 798 2311 854 promerent.’
2340 803 2477 870 Lips-

1561 855 1715 906 Prior
1737 863 1836 910 oris
1855 864 2145 936 humanitas]
2180 876 2329 927 Prior
2349 881 2566 933 humani·

1495 935 1574 980 tas
1606 934 1773 985 Liviu.
1792 940 1883 990 sed
1912 946 2050 1006 prior
2080 950 2178 999 oris
2207 952 2475 1009 hunanitas
2498 961 2563 1012 V.

1494 1006 1557 1056 C.
1588 1008 1751 1060 Livia.

1562 1085 1708 1136 Prior
1720 1094 1818 1141 oris
1832 1093 2125 1165 hamanitas]
2159 1101 2369 1170 Aliquid
2388 1110 2469 1161 hic
2487 1113 2562 1164 al·

1493 1159 1639 1212 tioris
1677 1168 1901 1220 vulneris
1940 1185 2031 1226 aut
2069 1178 2324 1241 defectus,
2358 1189 2460 1239 sed·
2490 1206 2557 1241 ex

1491 1234 1795 1300 cuspiniani
1836 1246 1967 1299 libro
2001 1256 2296 1317 supplendi.
2362 1262 2427 1312 Iu
2467 1264 2557 1317 illo

1488 1320 1590 1373 est,
1612 1330 1715 1376 qaoe
1733 1321 1913 1381 prioris
1932 1326 2220 1397 humanitas,
2242 1336 2456 1389 dexteroe
2475 1358 2555 1392 ve·

1485 1392 1728 1442 recundia.
1785 1397 1956 1449 Plane
1980 1404 2275 1467 legendnm,
2298 1428 2403 1476 qua
2419 1420 2556 1480 pn'or

1483 1463 1582 1511 oris
1597 1464 1883 1528 humanitas,
1900 1478 2112 1528 dextera
2126 1492 2425 1540 verecundia.
2466 1493 2551 1543 Ad

1483 1544 1855 1597 antecedentia
1894 1552 1989 1602 hoc
2026 1556 2178 1607 refer.
2256 1563 2367 1614 Ore
2405 1582 2550 1620 oscu-

1480 1615 1586 1665 lum
1604 1619 1798 1679 reddis,
1817 1624 2108 1681 humanitas
2126 1641 2206 1684 est
2222 1653 2238 1698 3
2277 1638 2548 1697 dexteram

1477 1695 1809 1750 osculandam
1853 1716 1956 1754 non
2015 1706 2187 1769 offers,
2235 1721 2547 1772 verecundia

1476 1777 1576 1819 est.
1614 1774 1747 1837 Lips.

1539 1847 1691 1897 Prior
1718 1855 1816 1903 oris
1842 1857 2136 1927 hnmanitas]
2171 1867 2316 1918 Prior
2339 1873 2436 1921 oris
2456 1875 2544 1924 Itu-

1471 1925 1681 1974 manitas
1720 1930 1786 1978 V.
1810 1933 1870 1982 C.
1903 1941 2175 2006 praeclare,
2210 1955 2328 2008 post
2363 1949 2544 2002 inserit

1471 1998 1532 2048 C.
1563 2002 1748 2054 dextre
1769 2017 2081 2065 verecundia.-
2118 2020 2267 2070 bene.
2301 2024 2540 2077 Ritterslt.

1536 2077 1658 2131 Quae
1689 2083 1822 2145 prior
1850 2088 1947 2136 oris
1973 2091 2267 2159 humanitas]
2307 2100 2412 2149 Pro
2442 2103 2538 2160 his,

1464 2154 1688 2204 antebac
1712 2159 2053 2226 Puteolanus,
2077 2169 2377 2232 Rhenanus,
2396 2177 2536 2244 Gry·

1463 2228 1637 2291 phius,
1658 2240 1711 2283 et
1733 2236 2032 2302 Sicbardus,
2055 2245 2270 2298 edidere
2304 2266 2408 2314 quoe
2432 2257 2535 2315 pri-

1460 2306 1563 2354 oris
1593 2307 1880 2363 humanitas.
1948 2319 2077 2368 Quae
2113 2322 2267 2372 lectio
2300 2341 2413 2377 curn
2441 2333 2535 2380 mi-

1460 2394 1558 2431 nus
1579 2387 1849 2436 commoda
1868 2400 2037 2455 esset,
2070 2397 2174 2461 alli,
2196 2400 2281 2463 qni
2302 2416 2403 2454 non
2425 2408 2534 2457 aui-

1459 2458 1929 2528 madrerterant,iu
1949 2484 2072 2518 voce
2081 2474 2276 2537 prioris,
2285 2478 2390 2541 jam
2404 2481 2531 2534 duas

1457 2536 1713 2587 coaluisse
1740 2555 1913 2607 voces,
1930 2547 2067 2607 prior
2082 2550 2198 2614 ‹vv-is,
2220 2555 2531 2618 simpliciter

1454 2624 1738 2675 reposuere
1782 2635 1888 2682 qua
1927 2623 2064 2684 prior
2101 2627 2387 2682 humanitas.
2460 2636 2525 2685 ln

1454 2686 1598 2737 libris
1622 2697 1790 2743 tamen
1816 2696 2101 2761 impressis,
2123 2705 2321 2766 primus
2348 2710 2524 2761 defec-

1453 2770 1563 2812 tum
1594 2767 1822 2821 feliciter
1852 2779 2114 2839 supplevit
2140 2782 2522 2851 Crispinianu83

1450 2853 1482 2888 a
1516 2856 1622 2905 quo
1661 2846 1861 2909 Lipsius
1898 2857 2317 2917 supplementum
2351 2865 2521 2915 adsci-

1450 2919 1552 2980 viu
1588 2921 1717 2972 falso
1743 2934 1914 2976 tamen
1942 2934 2177 2992 tradidit,
2202 2937 2251 2986 in
2278 2941 2517 3003 Cuspini·

1445 2997 1526 3044 aui
1567 2998 1700 3047 libro
1735 3002 1855 3065 legi,
1877 3021 1983 3066 quoe
2010 3009 2185 3067 prioris
2216 3013 2518 3078 humanitus,-

1443 3085 1560 3119 cum
1595 3072 1685 3137 ibi,
1706 3075 1816 3138 jam
1842 3089 1964 3129 ante
1993 3083 2243 3149 Lipsium,
2270 3089 2513 3143 distincte

1442 3148 1697 3214 pleneque
1722 3154 2045 3219 descriptum
2077 3160 2236 3213 fuerit
2256 3182 2359 3228 quoe
2378 3174 2516 3231 prior

1438 3223 1536 3273 oris
1557 3224 1841 3281 humanitas.
1902 3235 2070 3285 Quam
2099 3237 2370 3291 lectionem
2401 3248 2506 3309 ple·

1438 3300 1637 3351 niorem
1671 3307 1845 3367 plnres
1878 3311 2106 3362 editores
2135 3315 2381 3383 deinceps
2405 3338 2510 3374 am·

1438 3376 1577 3439 plexi
1603 3389 1751 3441 suut;
1786 3397 2002 3449 eamque
2030 3403 2164 3440 nunc
2185 3404 2366 3458 aperte
2386 3414 2508 3450 con-

1434 3450 1639 3503 firmant
1686 3457 1895 3508 codices
1943 3463 2209 3530 Vaticani,
2255 3473 2507 3541 VenetuS,

1435 3528 1861 3593 salisburgensis,
1893 3535 2410 3612 Guelpberbytauus,
2446 3553 2503 3601 li·

1434 3602 1528 3652 ber
1554 3605 1851 3668 Vossianus,
1874 3622 1930 3662 et
1953 3616 2151 3676 primus
2180 3622 2312 3673 liber
2337 3626 2503 3678 Gudi-

1429 3692 1574 3728 anus.
1639 3683 1874 3737 Eandem
1912 3690 2068 3741 etiam
2104 3695 2155 3744 in
2193 3712 2286 3750 suo
2324 3711 2500 3754 vetere

1427 3754 1610 3806 codice
1650 3758 2021 3817 observaverat
2061 3771 2360 3837 Livineius;
2406 3781 2497 3844 qui

1426 3847 1553 3882 vero
1584 3850 1647 3885 ex
1680 3839 1987 3902 conjectura
2017 3848 2197 3897 maluit
2226 3868 2332 3914 qua·
2354 3857 2496 3917 prius

1424 3909 1524 3957 oris
1562 3910 1846 3964 humanitas.
1913 3919 1974 3967 In
2010 3923 2119 3971 solo
2155 3940 2270 3975 meo
2310 3932 2493 3982 codice

1422 3984 1674 4047 scriptum
1708 3997 1790 4038 est
1818 4006 1925 4054 quoe
1948 3997 2109 4057 prima
2136 4001 2236 4050 oris
2273 4004 2488 4056 humani·

1422 4065 1513 4111 eas.
1550 4064 1810 4116 Schwarz.

1487 4138 1694 4190 Dextroe
1715 4148 2019 4212 verecundia]
2058 4149 2175 4200 Non
2198 4154 2380 4204 mirum
2406 4171 2488 4207 es-

1417 4220 1516 4270 set,
1536 4215 1626 4265 has
1650 4218 1773 4268 duas
1799 4235 1970 4278 voces,
1995 4240 2122 4289 quas
2146 4230 2484 4293 cuspinianus

1416 4291 1614 4353 primus
1654 4295 1705 4346 in
1741 4298 1907 4350 lucem
1944 4304 2221 4366 protraxit,
2249 4309 2398 4358 abiis
2425 4312 2482 4359 li-

2225 4391 2256 4435 2
2293 4391 2346 4436 M
