3060 4902
768 372 832 418 C.
882 370 1120 419 enum
1171 370 1501 419 SEOUNm
1554 370 1828 419 PANBG.

326 510 538 565 cessus’
582 512 871 578 generatim
913 513 1082 562 locum
1123 520 1271 563 notat
1314 528 1394 563 se·

322 595 531 638 cretum
585 596 640 637 et
694 588 1045 652 tranquillum.
1112 589 1280 638 Tacit.
1327 588 1393 636 de

323 665 540 714 Orator.
578 678 696 726 cap.
735 668 811 713 13.
850 664 916 712 de
957 664 1163 726 privata
1185 664 1395 727 Virgilii

320 741 482 791 Vita:
526 740 710 789 ‘Malo
755 754 990 788 securum
1038 748 1093 788 et
1137 747 1393 789 secretum

319 817 529 881 Virgilii
553 817 846 866 secessum!
912 816 1090 866 Quid?
1126 816 1261 882 quod
1296 817 1394 867 hoc

319 895 444 945 loco
491 896 761 943 ‘secessus
801 893 1001 943 intimi'
1052 900 1235 942 notant
1274 894 1393 943 inti·

321 984 438 1020 mas
486 977 680 1033 partes,
722 970 831 1020 sive
876 971 1054 1019 intima
1105 971 1391 1026 conclavia,

322 1046 507 1108 palatii
534 1047 842 1108 principum·
877 1047 1081 1096 Etenim
1107 1048 1253 1112 quasi
1278 1062 1393 1110 gra-

321 1122 487 1171 datim
516 1123 755 1185 procedit
780 1123 1016 1184 Plinius;
1052 1124 1270 1186 primum
1298 1125 1391 1186 ait,

319 1213 562 1262 magnam
608 1199 867 1248 fortunam
912 1201 1186 1249 recludere
1231 1202 1393 1250 domos

321 1276 649 1340 principnm3
685 1276 872 1325 deinde
906 1276 1139 1339 cubicula,
1174 1277 1274 1324 i-e.
1316 1280 1392 1326 in-

320 1353 548 1402 teriores
580 1361 759 1416 partes
794 1354 1010 1415 palatii3
1047 1363 1175 1414 tum,
1199 1355 1392 1405 intimos

317 1436 548 1489 secessus,
569 1430 618 1476 h.
642 1443 690 1478 e.
714 1429 919 1478 intimas
942 1439 1138 1493 partes,
1159 1444 1246 1478 seu
1275 1431 1390 1481 inti·

318 1518 405 1554 ma
451 1506 715 1554 conclavia
766 1506 962 1568 palatii.
1033 1509 1199 1556 Erant
1256 1509 1391 1557 enim

318 1594 423 1630 non
449 1586 649 1629 tantum
685 1580 933 1642 ‘primae,’
967 1582 1057 1629 sed
1091 1590 1146 1630 et
1180 1583 1195 1610 ⁴
1216 1584 1391 1632 interi·

318 1656 480 1719 ores‚'
511 1666 667 1721 atque
690 1664 704 1685 ⁸
723 1656 916 1706 intimae
942 1665 1118 1719 partes
1136 1657 1148 1678 '
1173 1658 1393 1720 aedium3

318 1732 375 1781 in
398 1747 526 1797 quas
551 1732 822 1781 interiores
848 1740 904 1782 et
937 1733 1145 1782 intimas
1181 1734 1391 1784 secede,

318 1808 469 1865 bant,
493 1817 550 1858 et
570 1825 685 1873 quae
718 1818 860 1860 recte
893 1824 1098 1859 secessus
1120 1810 1222 1859 dici
1247 1819 1391 1874 pote·

318 1891 476 1947 rant;
511 1887 588 1934 uti
634 1892 689 1934 et
731 1892 965 1935 ‘secreta
1008 1885 1191 1935 domus
1238 1886 1390 1949 pats'

321 1960 513 2011 dicitur
538 1963 788 2013 Quinctil.
813 1963 1050 2012 Declam.
1076 1975 1114 2011 1.
1141 1967 1220 2012 16.
1286 1964 1388 2013 Ne-

319 2051 417 2101 pos
462 2036 684 2087 Praefat.
716 2040 731 2067 ⁶
756 2038 917 2100 Cujus
961 2046 1129 2087 mater
1172 2037 1393 2088 familias

318 2128 423 2163 non
480 2114 699 2177 primum
757 2115 923 2163 locum
983 2122 1129 2164 tenet
1185 2115 1392 2164 aedium.

322 2190 479 2241 Quod
498 2192 659 2240 multo
676 2191 829 2240 aliter
845 2190 906 2240 fit
930 2191 981 2239 in
1007 2191 1239 2250 Graecia;
1273 2206 1391 2240 uam

319 2281 494 2331 neque
531 2267 701 2322 sedet,
738 2268 836 2315 nisi
873 2268 924 2315 iu
965 2268 1213 2316 interiore
1243 2275 1391 2330 parte

318 2342 552 2404 mdium‚'
584 2347 683 2391 διο.
752 2343 863 2392 Cic.
890 2344 1042 2392 Verr.
1067 2357 1102 2391 1.
1126 2347 1207 2392 20.
1243 2351 1257 2372 ‘
1277 2345 1391 2407 sig·

315 2434 443 2471 num
479 2422 531 2471 in
571 2421 764 2470 intimis
800 2421 905 2470 suis
944 2420 1142 2470 aedibus
1185 2420 1392 2484 posuit‚'

316 2500 356 2547 i.
382 2513 431 2548 e.
463 2499 516 2547 in
542 2498 734 2549 intimis
759 2499 999 2560 partibus
1031 2499 1139 2546 sive
1175 2499 1391 2547 secessi-

318 2576 415 2625 bus
437 2577 644 2626 adium.
712 2577 927 2625 Terent.
950 2575 1140 2623 Heaut.
1165 2587 1219 2623 v.
1247 2579 1289 2622 1.
1312 2578 1394 2622 29.

315 2657 332 2679 ⁸
352 2651 446 2700 Est
472 2651 593 2699 mibi
619 2651 667 2699 in
693 2650 884 2699 ultimis
908 2650 1155 2697 conclave
1191 2649 1392 2698 aedibus

318 2725 579 2791 quoddam
618 2735 792 2788 retro;
823 2725 923 2773 buc
962 2733 1045 2774 est
1080 2726 1217 2774 intro
1259 2727 1392 2775 latus

317 2801 526 2851 lectus.’
594 2801 676 2851 Ad
720 2816 871 2866 quem
912 2803 1081 2850 locum
1117 2802 1388 2851 Donatuse

317 2879 333 2905 ‘
354 2879 453 2927 Est
474 2883 645 2927 autem
670 2879 918 2927 conclave
940 2879 1229 2941 separatior
1246 2881 1390 2928 locus

316 2954 373 3003 in
420 2954 752 3003 interioribus
791 2953 990 3005 tectis.'
1060 2956 1173 3004 Liv.
1212 2969 1301 3004 xn.
1341 2960 1389 3005 8.

317 3031 407 3087 nbi
436 3039 628 3088 narrat,
654 3032 976 3095 Philippum,
1000 3046 1172 3095 regem
1208 3033 1390 3081 Mace·

316 3106 531 3169 donum,
562 3108 613 3156 in
645 3115 850 3157 secreto
880 3107 1039 3169 regiae
1077 3108 1189 3156 loco
1225 3108 1387 3171 inqui·

312 3183 499 3234 sivisse
535 3184 584 3231 in
622 3198 853 3233 caussam
878 3183 1237 3233 dissidentium
1262 3184 1391 3232 fino-

314 3273 466 3307 rum:
502 3260 517 3287 ⁸
542 3258 811 3318 Secessit,'
846 3260 1027 3322 inquit,
1062 3260 1145 3307 ‘in
1189 3267 1389 3322 partem

312 3332 619 3384 interiorem
662 3348 776 3384 cum
814 3333 1014 3383 duobus
1053 3334 1249 3395 aulicis,
1288 3340 1391 3383 tot·

320 3411 460 3460 idem
506 3403 813 3460 cu'stodibus
863 3409 1135 3474 corporis.’
1201 3410 1390 3459 Annon

315 3495 373 3540 et
411 3490 514 3538 iste
550 3503 779 3538 secessus
811 3496 928 3537 erat
961 3490 1137 3551 regiae,
1163 3489 1211 3536 in
1239 3503 1391 3549 quem

313 3565 599 3616 secedebat
633 3564 947 3629 Philippus?
1010 3565 1255 3628 Denique
1293 3577 1393 3613 nec

311 3642 370 3691 id
396 3642 517 3692 mihi
547 3644 716 3704 placet
751 3642 801 3689 in
839 3642 1194 3690 Arntzeuiana
1218 3655 1392 3689 emen·

314 3720 551 3781 datione,
575 3718 711 3783 quod
752 3726 875 3766 tunc
898 3717 1013 3766 duae
1052 3716 1238 3776 ἄμέσως
1271 3731 1391 3765 con·

304 3796 604 3859 jttngnntur
631 3809 800 3854 voces,
831 3808 861 3841 a
893 3793 1092 3855 syllaba
1124 3808 1177 3841 re
1211 3793 1391 3855 incipi·

317 3880 488 3933 entes,
538 3886 745 3921 recessus
804 3871 1005 3919 recludit
1027 3870 1069 3926 ,·'
1103 3870 1393 3934 cujusmodi

316 3963 630 3999 concursum
689 3948 899 3996 auribus
957 3961 1135 4009 parum
1188 3955 1393 4006 gratum

314 4026 448 4075 alias
470 4025 652 4075 sedulo
680 4025 848 4073 evitat
870 4023 1087 4073 Plinius.
1135 4022 1235 4071 11ae
1261 4022 1393 4071 adeo

316 4108 440 4150 suut
480 4101 581 4149 illae
629 4102 879 4161 rationes,
919 4098 1104 4162 quibus
1149 4098 1394 4147 inductus

318 4179 578 4240 vulgatam
614 4177 889 4225 lectionem
924 4189 1129 4224 secessus
1163 4176 1393 4223 retinen-

315 4252 437 4304 dam
461 4252 773 4305 existimavi.
808 4251 1073 4317 Ceterum,
1096 4253 1149 4303 in
1174 4267 1393 4317 sequen·

1904 371 1950 418 ι.
1982 356 2090 420 83.
2366 358 2526 422 1021

1470 512 1611 562 tibus
1639 512 1808 564 verbis
1830 513 1998 565 codex
2041 528 2185 563 meus
2221 519 2275 564 et
2308 513 2537 565 Snlibur·

1469 591 1642 651 gensis
1680 590 1873 641 habeut
1920 591 2187 655 Omniaque
2229 606 2406 642 arcana
2451 607 2537 640 no-

1468 670 1616 716 tanda
1649 668 1801 727 samoe
1842 670 2095 732 proponit3
2138 685 2430 734 quanquam
2484 672 2538 719 in

1466 743 1847 806 salisburgensi
1883 746 1946 794 ab
1983 746 2085 795 alia
2118 761 2289 805 manu,
2328 761 2421 808 pro
2454 762 2539 795 no·

1468 823 1636 882 tanda,
1660 822 1944 884 repositum
1971 822 2039 869 sit
2063 825 2309 872 noscenda.
2337 822 2504 872 Idem.

1534 897 1740 946 Penitus
1763 897 1961 961 inspici]
1998 898 2198 945 Plinius
2234 905 2428 959 noster,
2469 898 2538 945 E-

1468 971 1595 1033 pist.
1621 986 1703 1022 vt.
1740 977 1822 1022 31.
1863 977 1877 1000 ⁴
1899 972 2036 1023 Quid
2063 973 2360 1036 jucundius,
2383 989 2537 1036 quam

1470 1047 1719 1110 principis
1733 1047 2016 1111 justitiam,
2032 1051 2362 1111 gravitatem,
2380 1050 2537 1098 comi·

1469 1129 1653 1178 tatem,
1674 1126 1949 1173 insecessu
1972 1139 2191 1189 quoque,
2209 1124 2296 1173 ubi
2317 1125 2536 1175 maxime

1469 1198 1828 1255 recluduntur,
1854 1201 2110 1262 inspicere
2131 1198 2168 1248 ?’
2203 1201 2353 1249 Idem.

1535 1276 1742 1324 Penitus
1764 1275 1958 1339 inspici]
1986 1277 2265 1339 Proprium
2290 1278 2425 1326 omni
2451 1291 2536 1327 ve-

1468 1366 1540 1400 rae
1568 1352 1765 1414 virtuti,
1790 1370 1904 1417 quae
1934 1355 2043 1402 vult
2069 1356 2298 1404 tractari.
2331 1355 2469 1418 Lips.

1535 1428 1741 1491 Inspici]
1774 1434 1789 1457 ⁸
1809 1432 2005 1479 Drusus
2024 1431 2240 1493 cupiens
2259 1445 2374 1478 suas
2395 1431 2537 1480 aedes

1467 1503 1534 1554 ab
1578 1506 1812 1554 omnibus
1858 1504 2078 1568 inspici.'
2158 1507 2429 1555 Plutarch.
2484 1506 2536 1554 in

1468 1580 1728 1642 Praecept.
1765 1579 2005 1630 Politicis
2039 1596 2094 1645 p.
2117 1585 2231 1629 800.
2271 1582 2402 1631 Vell.
2436 1582 2535 1631 Pa-

1468 1665 1597 1707 tere.
1626 1671 1688 1706 11.
1714 1661 1792 1707 14.
1830 1659 1983 1708 Rern.

1529 1734 1745 1798 Limine]
1782 1734 2096 1784 Domesticae
2140 1740 2197 1783 et
2244 1734 2538 1797 penetrales

1467 1816 1571 1858 tuae
1600 1813 1840 1871 virtutes,
1866 1824 2019 1873 pares
2046 1809 2266 1874 publicis
2290 1816 2380 1859 aut
2404 1808 2534 1873 pub·

1466 1884 1659 1934 licatis.
1693 1885 1831 1949 Lips-

1532 1963 1723 2011 Limine
1756 1964 1910 2027 tenes]
1947 1963 2095 2013 Bene
2127 1962 2241 2011 baec
2278 1963 2536 2025 interpre-

1468 2045 1610 2087 tatur
1633 2039 1809 2088 Ceva:
1848 2040 1956 2088 ‘Tu
1991 2039 2152 2088 multa
2186 2038 2392 2101 privato
2427 2038 2536 2087 lare

1467 2115 1724 2176 contegis,
1772 2130 1886 2177 quae
1930 2116 2145 2179 gloriam
2202 2122 2448 2177 atigeant,
2491 2116 2536 2163 si

1466 2190 1900 2242 manifestentur.'
1968 2193 2064 2253 Es,
2095 2206 2210 2256 quae
2249 2192 2423 2240 limine
2459 2199 2536 2240 te·

1465 2268 1643 2323 nebat,
1679 2268 1787 2317 sive
1823 2268 2143 2329 continebat,
2180 2268 2448 2330 Trajanus,
2484 2283 2537 2316 e·

1468 2351 1586 2394 rant
1613 2360 1696 2394 res
1728 2344 2046 2395 domesticae.
2113 2345 2327 2393 ‘Limen
2348 2344 2361 2364 ’
2396 2345 2532 2392 enim

1466 2423 1814 2485 συνεκδοχικῶς
1852 2436 1948 2487 pro
1983 2421 2198 2485 palatio,
2233 2436 2326 2471 seu
2363 2420 2534 2485 domo,

1466 2498 1750 2563 aliquando
1787 2506 1842 2548 et
1881 2513 1976 2562 pro
2008 2498 2266 2560 cubiculo,
2303 2499 2533 2561 ponitur.

1468 2576 1584 2625 Cic.
1622 2575 1790 2624 Attic.
1821 2587 1923 2623 vn.
1961 2579 2039 2623 12.
2072 2576 2181 2624 ‘Ut
2218 2575 2419 2635 scribis,
2441 2573 2534 2623 do·

1466 2655 1693 2703 mesticis
1718 2663 1771 2704 te
1794 2654 1981 2705 finibus
2002 2655 2181 2710 tenes.'
2215 2655 2249 2703 i.
2266 2668 2314 2703 e.
2331 2653 2533 2701 domes·

1468 2730 1573 2778 tica
1619 2736 1834 2793 tractas,
1878 2746 1980 2780 non
2034 2731 2263 2796 publica.
2333 2730 2533 2778 Plinius

1467 2815 1662 2870 noster,
1709 2810 1878 2872 Epist.
1926 2824 2006 2859 tx.
2054 2814 2131 2860 13.
2179 2810 2301 2859 ‘Me
2347 2823 2532 2857 recens

1466 2883 1635 2933 adhuc
1658 2884 1824 2933 luctus
1849 2886 2022 2934 limine
2045 2884 2319 2935 continet.'
2369 2884 2535 2945 Idem,

1464 2960 1637 3022 Epist.
1672 2974 1774 3010 vn.
1811 2965 1892 3010 23.
1940 2962 2149 3020 ‘Illnm‚
2189 2966 2245 3008 et
2283 2959 2439 3013 domi.
2476 2966 2533 3007 et

1465 3034 1603 3082 intra
1637 3034 1860 3091 domum,
1887 3042 2043 3098 atque
2081 3033 2237 3083 etiam
2273 3034 2412 3080 intra
2445 3047 2533 3081 cu·

1465 3108 1624 3157 biculi
1659 3110 1834 3165 limen,
1868 3107 2179 3171 exspectes?
2244 3108 2461 3156 Petron-
2484 3123 2532 3156 c.

1464 3188 1548 3231 64.
1582 3184 1691 3231 ‘Ut
1727 3186 1834 3232 suis
1870 3199 1927 3233 se
1962 3182 2217 3244 teneant,'
2249 3184 2282 3232 i.
2308 3198 2355 3230 e.
2395 3184 2533 3232 intra

1465 3273 1578 3318 sua,
1604 3266 1693 3307 aut
1731 3260 1869 3308 intra
1904 3260 2054 3309 sedes
2086 3273 2218 3308 suas.
2285 3259 2535 3311 Quinctil.

1465 3332 1643 3381 Instit.
1669 3331 1825 3381 Orat.
1856 3348 1896 3382 1.
1928 3337 1976 3382 2.
2013 3340 2026 3361 ⁴
2047 3333 2305 3381 Utiliusne
2340 3332 2404 3379 sit
2440 3334 2534 3383 do·

1465 3409 1556 3468 mi,
1600 3417 1760 3472 atque
1809 3409 1947 3458 intra
2003 3410 2230 3472 privatos
2284 3408 2533 3472 parietes,

1464 3482 1763 3533 studentem
1788 3485 2057 3534 continere
2072 3483 2109 3533 ?'
2152 3486 2415 3548 Ceterum,
2442 3480 2533 3536 ubi

1466 3562 1516 3609 in
1561 3561 1993 3610 antecedentibus
2018 3562 2170 3623 vulgo
2202 3561 2417 3624 legimus
2439 3577 2534 3612 nan

1465 3639 1650 3687 minora
1671 3655 1743 3701 ea,
1766 3641 1835 3689 ibi
1860 3639 2026 3689 codex
2051 3639 2335 3689 Patavinus
2361 3640 2535 3689 omisit

1468 3730 1747 3779 pronomen
1771 3732 1844 3766 ea.
1880 3718 2137 3766 Schwarz.

1539 3793 1838 3855 Contagione
1879 3795 2131 3858 vitiorum]
2177 3795 2282 3844 Pro
2318 3794 2534 3854 contagi-

1468 3883 1572 3924 one.
1609 3884 1882 3933 perperam
1919 3872 2083 3921 edidit
2114 3872 2397 3931 cogitatione
2431 3871 2533 3919 Be·

1470 3946 1710 4006 roaldus3
1743 3964 1855 4012 quae
1883 3950 2108 3996 varietas
2139 3947 2294 3993 etiam
2320 3954 2534 3995 annota-

1471 4032 1525 4074 ta
1550 4031 1631 4073 est
1656 4026 1709 4073 in
1734 4027 1899 4074 altero
1921 4026 2049 4074 libro
2074 4024 2265 4084 Gudii;
2300 4040 2453 4087 quam
2476 4034 2533 4075 et

1468 4102 1520 4150 in
1563 4101 1816 4164 scaligeri
1874 4101 2005 4149 libro
2055 4105 2288 4147 notatam
2335 4099 2533 4149 invenit

1470 4177 1706 4226 Hearne.
1744 4178 1857 4225 Non
1883 4176 2042 4238 pluris
2066 4174 2308 4224 facienda
2330 4183 2406 4224 est
2431 4176 2532 4225 alia

1470 4252 1651 4315 lectio,
1670 4251 1962 4314 cognatione,
1983 4265 2135 4317 quam
2152 4251 2413 4314 evulgavit
2437 4252 2534 4302 Ca-
