3060 4902
737 377 817 424 0.
871 373 1118 424 emhilt

302 520 582 585 telligatur
613 520 811 571 minute
832 520 1045 570 honoris
1066 533 1259 582 genera
1281 535 1385 570 om·

303 597 431 648 nino
464 613 770 660 recusasse,
818 613 936 648 cum
973 605 1142 648 tamen
1180 608 1385 647 contra-

303 674 442 725 rium
487 690 554 724 ex
611 673 950 739 sequentibus
997 675 1169 724 verbis
1228 690 1385 739 appa·

305 759 447 803 reat.
515 753 632 815 Ego
655 760 878 815 utraque
913 766 1063 800 uranu
1100 753 1385 814 amplecte-

303 839 394 880 rer
428 829 712 891 lectionem
746 829 797 876 iu
835 833 915 878 tot
948 828 1219 878 codicibus
1255 829 1385 877 Mss.

305 906 485 957 ..ditum
507 907 748 968 obviam3
783 904 874 957 se‘rl
912 916 1036 957 tnnc
1075 905 1380 968 particulam

304 986 557 1049 negandi,
589 1001 702 1044 non,
732 987 867 1036 bunc
908 985 959 1034 in
1000 984 1224 1040 modum,
1261 984 1380 1045 reji-

299 1061 553 1112 ciendam
594 1063 906 1126 judicarem,
956 1063 1076 1118 Quoe
1130 1060 1381 1123 qualiaque

298 1145 391 1188 «tre
411 1140 706 1188 decernimus
724 1154 825 1197 nos,
843 1143 927 1186 out
953 1144 1005 1187 tu
1027 1142 1246 1186 recusus?
1293 1137 1379 1185 Sic

303 1214 519 1265 denum
557 1217 723 1266 locum
768 1215 1004 1263 habitura
1043 1211 1249 1261 videtur
1290 1227 1373 1259 cx·

302 1291 527 1355 plicatio
545 1291 916 1341 Arntzeniana.
960 1290 1098 1341 Quia
1118 1303 1240 1337 vero
1263 1303 1377 1349 par·

305 1370 469 1418 ticula
501 1384 595 1418 non
626 1369 678 1416 iu
712 1369 950 1417 omnibus
987 1367 1194 1416 omnino
1229 1365 1376 1413 libris

300 1453 612 1496 constanter
656 1445 865 1507 legitur,
903 1457 998 1503 ego
1037 1458 1150 1492 eam
1200 1452 1376 1491 extur-

301 1519 432 1570 bare
455 1536 560 1570 non
578 1535 728 1569 ausus
748 1534 880 1581 sum,
896 1519 1107 1581 vulgata
1131 1518 1377 1581 lectione,

294 1596 413 1647 aine
431 1596 641 1660 quidem
670 1595 1087 1657 interrogationis
1113 1594 1275 1656 signo,
1297 1608 1373 1643 re·

300 1683 490 1736 tentam
526 1676 579 1723 in
619 1688 719 1737 que
763 1675 932 1722 locum
979 1687 1128 1722 snum
1169 1672 1374 1722 omnino

301 1753 442 1804 tueri
480 1755 653 1812 potest
687 1748 946 1813 particula
977 1747 1218 1810 negandi.
1288 1749 1372 1797 In·

298 1828 461 1878 terim
486 1825 653 1876 fateor
685 1826 928 1888 ingenue,
956 1825 1147 1872 nullam
1176 1839 1239 1872 ex
1267 1839 1367 1873 om·

298 1904 455 1954 nibus
480 1901 630 1966 hujus
656 1901 755 1951 loci
788 1900 1116 1954 lectionibus,
1142 1915 1258 1964 qnae
1282 1901 1370 1950 ad-

297 1980 404 2029 huc
442 1979 732 2033 innotuere,
760 1977 880 2026 mibi
918 1992 983 2025 ex
1017 1991 1134 2026 asse
1171 1974 1370 2025 satisfa-

295 2070 444 2108 cere.
507 2055 687 2105 Malim
721 2053 858 2103 enim
900 2054 1097 2117 legere,
1132 2054 1256 2114 Age,
1280 2085 1294 2100 .
1319 2086 1331 2101 .
1357 2084 1371 2100 .

291 2148 406 2197 qua
425 2133 674 2197 qualiaque
694 2130 987 2180 decernimus
1015 2144 1117 2187 nos,
1141 2134 1193 2178 tu
1216 2145 1274 2178 ne
1295 2145 1368 2178 re-

293 2215 520 2272 ctissume
540 2214 785 2273 appareat,
809 2210 897 2270 ἅμ’.
964 2207 1048 2256 Sic
1076 2207 1221 2270 quasi
1258 2221 1370 2256 ora·

298 2289 375 2338 tio
405 2285 547 2336 foret
581 2285 905 2334 adhortantis
930 2285 1010 2332 vel
1046 2282 1370 2332 dehortantis

294 2364 484 2414 Plinii.
558 2362 640 2412 Ad
684 2377 836 2425 qnam
883 2362 1240 2424 conjecturam
1285 2375 1368 2409 me

293 2440 514 2492 deducit
548 2439 806 2504 particula
836 2436 966 2500 Age,
999 2454 1114 2503 quae
1152 2445 1206 2487 et
1241 2438 1369 2487 alias

292 2518 561 2570 ordinarie
586 2517 798 2566 verbum
824 2518 903 2565 vel
942 2515 1260 2576 imperativi,
1287 2515 1368 2563 vel

295 2595 618 2660 conjunctivi
641 2593 801 2655 modi,
826 2592 1062 2655 requirit.
1112 2592 1255 2640 Tunc
1282 2605 1367 2639 ve·

295 2688 356 2723 ro
374 2671 553 2723 omnia
586 2670 710 2719 mihi
736 2670 977 2719 videntur
1013 2669 1280 2731 planiorem
1313 2677 1369 2718 et

296 2757 425 2798 tnnc
443 2748 602 2798 etiam
628 2745 789 2796 verba
809 2746 1131 2808 interjecta‚‘
1145 2744 1186 2792 si
1206 2759 1365 2807 qnan-

292 2826 364 2877 do
399 2826 568 2890 pietas
605 2832 782 2874 nostra
820 2824 1081 2873 silentium
1125 2822 1283 2885 rupit,
1310 2829 1364 2872 et

293 2902 663 2954 verecundiam
688 2910 827 2952 tuam
853 2899 1276 2962 vicit,’videntur
1298 2898 1362 2948 ad

289 2982 690 3030 “cusationem
733 2977 1110 3028 adhortationis
1163 2974 1361 3028 facere.

291 3056 547 3108 Setun.

372 3134 445 3183 Ee
483 3129 715 3193 fastidio]
783 3130 826 3180 Ι.
873 3143 921 3179 e.
966 3127 1362 3192 dedignatione.

291 3210 549 3274 vulgaria
570 3209 707 3258 enim
731 3217 787 3256 et
821 3205 1022 3259 minuta
1046 3204 1194 3256 facile
1218 3205 1362 3256 sasti-

292 3287 466 3337 dintus
489 3293 546 3337 et
565 3284 919 3348 dedignamur.
967 3283 1211 3331 Erratnm
1236 3298 1362 3346 ergo

287 3375 378 3415 est
415 3364 633 3425 librarii,
672 3362 761 3427 qni
800 3364 852 3410 in
891 3360 1071 3410 codice
1109 3362 1362 3411 Vaticano

289 3446 444 3494 8461.
486 3440 697 3503 scripsit
728 3438 958 3500 fastigio.
1041 3439 1225 3502 Neque
1272 3453 1360 3489 ne·

285 3534 444 3570 cesse
472 3530 572 3573 est,
594 3524 653 3567 ut
688 3516 740 3565 in
774 3514 1109 3580 sequentibus
1131 3518 1360 3577 dedigna-

285 3597 381 3657 n‘s,
404 3594 542 3658 quod
579 3594 632 3643 in
666 3606 781 3641 meo
817 3592 994 3641 codice
1028 3592 1236 3655 legitur,
1266 3607 1359 3655 pro

279 3672 584 3734 dedis-eris,
605 3671 934 3732 recipiamus.
966 3669 1120 3718 Idem.

353 3745 672 3809 Ambitiont's]
733 3749 1098 3810 Proposterae,
1143 3753 1199 3795 et
1243 3761 1359 3810 qnae

285 3827 415 3890 fuga
439 3824 609 3881 famae.
632 3822 821 3873 famam
846 3831 1042 3885 captat.
1076 3822 1215 3885 Lips.

351 3902 537 3967 Nobis]
572 3901 673 3951 Vel
695 3900 816 3964 quie
842 3913 991 3949 veros
1023 3914 1137 3950 esse
1160 3900 1356 3962 pateris

283 3981 622 4043 liberosqne3
670 3978 751 4031 vel
788 3976 909 4041 qnia
948 3988 1049 4025 non
1095 3977 1357 4039 periclita-

283 4073 401 4110 mur
423 4056 658 4107 accusari
682 4062 772 4104 ant
796 4052 1087 4105 confiscari.
1125 4056 1277 4104 Idem.

346 4131 572 4196 AErun‘o]
608 4131 747 4184 Quis
771 4147 798 4178 e
824 4131 1029 4195 publico
1052 4141 1355 4194 statuae,ar-

284 4228 400 4269 eus.
421 4222 470 4260 et
499 4209 644 4260 talia.
671 4208 823 4259 Idem.

344 4289 550 4342 AErario
584 4286 818 4352 emulis]
868 4286 1156 4352 Hucusque
1210 4289 1354 4340 locus

1172 373 1505 425 SECUNDI
1566 378 1836 425 PANRG.

1915 379 1964 424 1.
1993 363 2104 427 55.
2396 363 2534 429 ³789

1465 520 1550 570 liic
1575 521 1624 570 in
1651 522 1888 572 omnibns
1918 522 2123 570 omnino
2149 522 2531 585 exemplaribus

1465 599 1673 647 excusis
1718 600 1791 648 sic
1849 613 2059 648 mancus
2116 597 2379 648 exhibitus
2435 608 2537 660 est,

1468 678 1574 732 Quo
1613 680 1976 737 temperamento
2011 683 2056 724 et
2096 675 2229 723 nobis
2267 682 2312 724 et
2358 678 2531 725 oerario

1459 755 1627 816 prodes
1642 769 1660 809 ,·
1694 754 1817 815 quod
1839 752 2069 800 sumtibus
2099 753 2197 811 <jus
2217 752 2412 801 adhibes
2434 768 2530 802 mo·

1461 833 1591 893 dum,
1610 835 1654 879 et
1678 829 1760 890 qui
1793 828 2073 876 exhaustum
2108 843 2200 877 nort
2223 829 2288 876 sis
2310 831 2527 880 innocen·

1460 910 1583 956 tium
1628 906 1760 954 bonis
1805 905 2089 967 repleturus.
2170 906 2281 967 Ego
2334 907 2525 969 primus

1461 984 1724 1047 egregium
1767 982 2186 1046 supplementum
2231 998 2295 1030 ex
2342 984 2526 1034 codice

1461 1076 1540 1109 me
1584 1096 1598 1123 ,
1625 1068 1677 1109 et
1715 1060 1881 1109 altero
1915 1060 2048 1109 libro
2072 1059 2330 1125 Gudiano,
2365 1061 2416 1110 in
2453 1063 2529 1112 lu·

1459 1152 1570 1187 cem
1612 1138 1830 1201 protuli;
1876 1136 2014 1201 qnod
2051 1137 2299 1202 deinceps
2337 1138 2526 1202 depre-

1458 1216 1610 1264 hendi
1636 1216 1790 1264 etiam
1817 1229 1846 1263 a
1881 1214 2147 1264 codicibus
2173 1215 2449 1264 Vaticanis
2472 1223 2525 1265 et

1459 1292 1940 1354 Guelpherbytano,
1972 1297 2128 1355 atque
2168 1308 2196 1341 a
2231 1292 2365 1341 libro
2395 1293 2528 1346 Vos-

1457 1371 1618 1422 siano‚
1643 1368 1958 1419 confirmari.
2028 1368 2361 1431 Expendant,
2384 1384 2525 1433 qna*-

1460 1460 1537 1504 so,
1585 1446 1691 1506 alii,
1733 1460 1904 1494 annon
1953 1445 2369 1508 supplementum
2426 1446 2524 1497 hoo

1457 1523 1579 1571 stilo
1603 1522 1847 1571 Pliniano
1882 1522 1949 1572 sit
1985 1521 2217 1584 dignum,
2247 1532 2525 1586 congruat-

1456 1613 1558 1662 qne
1595 1599 1871 1648 sententiar
1911 1600 2226 1662 propositae?
2273 1600 2359 1648 Sic
2400 1615 2524 1650 vero

1454 1676 1726 1738 OE'rajanris.
1770 1689 1886 1722 cum
1932 1688 2034 1723 non
2083 1689 2261 1724 omnes
2304 1676 2523 1726 bonores

1456 1753 1551 1801 sibi
1592 1753 1795 1814 publice
1820 1750 2061 1800 decretos
2099 1752 2521 1807 recusarit,libe-

1455 1846 1599 1880 rasse
1628 1832 1818 1879 dicitur
1854 1837 2088 1878 senatum
2113 1830 2403 1879 Romanum
2437 1845 2521 1888 su,-

1453 1907 1701 1971 spicioue‚
1743 1907 1884 1970 qnasi
1921 1907 2005 1956 hic
2042 1906 2329 1971 principem
2372 1921 2518 1957 sunm

1454 1985 1605 2047 plane
1643 1985 1779 2032 unllo
1812 1984 2004 2032 honore
2035 1983 2245 2046 dignum
2283 1984 2520 2034 haberet.

1447 2060 1537 2109 Sic
1571 2062 1729 2110 etiam
1766 2061 1902 2109 idem
1926 2060 2200 2122 Trajanus,
2223 2075 2336 2109 cnm
2362 2061 2517 2110 liono-

1449 2151 1532 2185 res
1560 2138 1743 2186 saltent
1771 2137 2095 2195 parcissimos
2115 2136 2401 2198 admiserit,
2420 2152 2516 2185 nec

1450 2214 1674 2262 voluerit
1712 2227 1861 2262 arcus
1903 2214 2161 2274 ingentes,
2204 2214 2417 2275 templa,
2462 2222 2517 2261 et

1449 2298 1650 2338 statuas
1696 2304 1879 2339 aureas
1929 2289 1994 2336 de
2038 2290 2260 2349 pecunia
2305 2288 2515 2350 publica

1446 2368 1543 2416 sibi
1575 2367 1790 2427 exstrui,
1814 2375 1954 2415 recte
1990 2365 2183 2414 dicitnr
2217 2364 2513 2415 adhibuisse

1448 2448 1703 2496 sumtibus
1745 2445 1973 2502 modum,
2008 2461 2071 2494 ne
2108 2446 2345 2496 marium
2387 2446 2501 2495 alio·

1448 2525 1567 2588 quin
1606 2525 1939 2588 amplioribus
1977 2524 2258 2574 honoribus
2294 2525 2508 2572 exhaus-

1449 2608 1557 2649 tum
1614 2616 1830 2650 necesse
1883 2600 2102 2649 haberet
2158 2601 2509 2651 innocentium

1448 2678 1595 2727 bonis
1643 2681 1866 2742 replere.
1935 2678 2201 2738 Ceterum,
2246 2679 2346 2727 etsi
2390 2693 2508 2741 sup·

1446 2758 1761 2819 plementnm
1785 2756 1881 2804 boc
1910 2769 2088 2803 omnes
2123 2754 2241 2802 libri
2273 2756 2509 2816 impressi

1443 2838 1499 2882 et
1521 2842 1955 2883 commentatores
1981 2832 2147 2880 adhuc
2180 2833 2506 2894 ignorarunt3

1443 2917 1690 2965 attamen,
1723 2926 1841 2958 cnm
1884 2909 2187 2958 vocabulum
2234 2910 2406 2957 oerurio
2454 2911 2505 2959 in

1440 2987 1624 3034 eodem
1666 2985 1938 3034 verborum
1981 2984 2175 3033 nriibitu
2216 2985 2294 3034 bis
2331 3000 2505 3034 occur·

1440 3071 1544 3124 rat,
1571 3062 1704 3112 band
1741 3077 1881 3125 aegre
1916 3062 2274 3122 intelligimus,
2296 3077 2505 3126 quomo-

1441 3140 1506 3189 do
1553 3140 1665 3189 fieri
1711 3139 1963 3202 potnerit,
2003 3145 2062 3187 nt
2098 3138 2292 3187 librarii
2343 3154 2504 3203 prono

1439 3217 1590 3277 lapsu
1616 3218 1680 3265 ab
1706 3232 1806 3266 nno
1830 3217 1893 3265 ad
1932 3218 2151 3265 alterum
2176 3218 2341 3267 oculis
2366 3224 2504 3266 tran·

1440 3292 1699 3353 siluerint,
1736 3293 1793 3340 iis
1820 3293 2026 3355 quidem
2066 3292 2252 3349 verbis,
2280 3310 2393 3357 quae
2431 3295 2505 3344 iu·

1439 3370 1658 3432 terjecta
1697 3376 1865 3428 erant,
1905 3370 2191 3418 oscitanter
2233 3373 2503 3434 neglectis,

1438 3456 1492 3496 et
1518 3446 1631 3495 aliis
1656 3445 1719 3494 ad
1746 3445 2157 3494 constituendam
2191 3449 2501 3497 sententiam

1439 3524 1627 3572 leviter
1661 3522 1965 3571 immutatis.
2034 3521 2188 3571 Hunc
2224 3525 2409 3573 saltum
2446 3535 2502 3576 et

1437 3602 1704 3651 defectum
1752 3608 1941 3658 autern,
1982 3602 2083 3649 etsi
2129 3603 2337 3665 qnidam
2384 3606 2500 3654 libri

1437 3682 1599 3741 magis
1634 3679 1969 3734 occuUariut,
2001 3679 2134 3727 haurd
2170 3680 2388 3729 obscure
2426 3691 2503 3730 ta·

1434 3770 1554 3805 men
1589 3755 1822 3804 indicant
1856 3754 2063 3803 codices
2086 3758 2215 3805 Mss.
2242 3758 2501 3806 Parisieu-

1434 3834 1525 3894 sis,
1561 3841 1617 3882 et
1659 3840 1881 3894 uterque
1918 3834 2184 3892 Venetus3
2225 3833 2277 3881 in
2313 3834 2500 3897 quibus

1435 3910 1690 3975 partionis
1721 3915 1897 3971 autem,
1923 3910 2098 3958 statim
2141 3910 2305 3971 primo
2341 3912 2499 3960 nomi-

1432 3988 1504 4047 ni,
1532 3986 1720 4039 oerario,
1757 3986 1833 4033 sic
1873 3984 2165 4047 subjicitur,
2191 3987 2297 4040 Quo
2325 3992 2496 4048 tempe·

1427 4067 1669 4121 ramento,
1710 4067 1759 4109 ee
1813 4061 1963 4114 nobis,
2007 4065 2052 4107 et
2098 4061 2273 4107 arur-io
2325 4067 2498 4124 autem,

1429 4142 1552 4204 quod
1568 4137 1798 4187 sumtibus
1813 4136 1915 4197 eius
1931 4136 2123 4184 adhibes
2141 4136 2342 4184 ‚nod-m.
2380 4140 2496 4189 Quia

1430 4216 1690 4279 scriptura
1736 4214 1920 4263 saltem
1966 4211 2171 4260 facilior
2214 4211 2386 4261 aditus
2430 4216 2497 4266 ud

1430 4286 1944 4354 animadvertendum
2002 4286 2257 4350 quendam
2318 4289 2495 4342 defec.
