3060 4902
762 413 823 458 G.
876 410 1110 459 Phuni
1161 410 1487 460 SECUND!
1546 413 1820 460 PANEG.
1899 415 1944 461 t.

328 559 634 619 prorogato,
656 553 800 605 ‚intio
823 555 1070 604 Frontoni
1100 571 1128 603 a
1154 556 1394 614 Calendis

329 633 535 681 Martiis
568 630 844 681 suffectum
873 645 986 682 esse
1010 633 1130 684 Sex.
1157 635 1394 697 Pompei·

328 724 412 759 uui
453 709 722 772 collegam
761 722 850 758 111.
891 724 1042 771 quem
1082 722 1134 758 ut
1176 713 1395 775 collegio

326 800 422 835 suo
445 785 798 835 cohonestat-it
821 787 1096 849 Trajanus,
1116 789 1279 851 ipsum
1306 804 1395 836 ex-

324 866 561 913 tendisse
585 880 733 915 sunm
769 871 1092 916 consulatum
1129 870 1177 916 in
1208 868 1392 918 Calen-

325 942 420 990 das
448 944 634 991 Maias.
701 945 913 999 Verum,
939 945 1090 993 sicuti
1127 943 1278 994 facile
1304 946 1391 994 ad·

326 1020 499 1073 mitto,
544 1020 622 1069 M.
668 1021 863 1071 Julium
913 1021 1222 1071 Frontonem
1268 1029 1393 1071 tunc

325 1097 487 1146 tertio
520 1099 785 1145 consulem
823 1095 1039 1160 factum,
1062 1107 1114 1146 et
1139 1100 1390 1163 collegam

324 1175 629 1223 consulatus
652 1173 906 1223 adscitum
937 1173 1094 1224 fuisse
1118 1190 1149 1224 a
1166 1176 1391 1240 Trajano

323 1252 662 1313 imperatore,
692 1251 872 1300 eodem
909 1259 1141 1315 tempore
1177 1254 1389 1303 tertium

321 1328 561 1388 consulu
604 1329 677 1375 ita
711 1326 865 1388 infra,
892 1327 954 1375 ad
994 1341 1107 1376 uxr.
1132 1332 1176 1379 l.
1215 1337 1389 1378 osten·

321 1402 461 1463 dam,
483 1405 647 1453 multo
668 1418 780 1452 csse
802 1404 1387 1467 probabilius‚Acutium

321 1480 746 1543 Nervam,quam
772 1481 897 1530 Sex.
931 1482 1236 1545 Pompeium
1271 1483 1390 1532 Col·

318 1556 509 1618 legam,
565 1555 724 1606 fuisse
777 1558 1017 1620 alterum,
1058 1573 1209 1622 quem
1267 1566 1390 1607 tunc

318 1635 478 1682 tertio
534 1635 824 1702 consulem,
872 1635 1059 1685 fecerit
1125 1637 1389 1700 Trajanus.

317 1709 569 1762 Schmun-z.

407 1790 547 1838 Bene
593 1804 648 1838 ac
672 1788 897 1851 sortiter,
937 1792 1021 1839 sed
1058 1789 1108 1837 in
1151 1795 1263 1850 toga
1293 1806 1387 1840 me·

315 1866 449 1923 ritis.
467 1866 770 1930 prestitisti]
804 1867 936 1916 Bene
954 1882 1010 1915 ac
1027 1867 1236 1927 sortiter
1262 1884 1384 1931 proe-

318 1943 513 2000 seiri-ti,
547 1945 633 1993 sed
665 1945 715 1992 in
740 1949 852 2006 toga
886 1945 1089 1993 meritis.
1138 1945 1305 1994 Liviu.
1335 1947 1385 1994 in

321 2028 509 2081 textu3
545 2021 637 2068 sed
668 2021 717 2069 in
754 2022 1001 2085 margine,
1037 2021 1251 2084 ‘Fon-te,
1288 2024 1384 2072 Be·

316 2107 375 2144 ue
396 2112 455 2144 ac
472 2096 702 2159 sortiter,
723 2099 807 2146 sed
831 2097 883 2145 in
910 2101 1024 2158 toga
1048 2098 1234 2147 meritis
1261 2113 1383 2161 proe-

317 2170 532 2221 utinm!

380 2247 629 2310 Fortiter]
663 2249 798 2298 Sane
822 2263 920 2296 vox
947 2249 1383 2313 repetenda,quae

314 2339 434 2375 mox
476 2326 775 2388 subjicitur,
798 2324 1004 2384 sortiter
1039 2327 1224 2375 meritis
1259 2342 1383 2390 prae·

310 2402 503 2450 dilicti.
543 2402 683 2464 Lips.
1242 2459 1248 2466 ·

375 2478 583 2527 Meritis
603 2479 904 2542 praestieisti]
939 2479 1057 2529 Non
1079 2481 1203 2528 satis
1229 2481 1383 2544 plana

308 2560 364 2603 et
401 2552 564 2603 fluida
602 2564 682 2604 est
715 2556 894 2604 horum
922 2556 1194 2606 verborum
1227 2559 1382 2607 collo·

308 2632 467 2680 catio.
539 2631 603 2680 In
640 2631 912 2681 codicibus
938 2633 1068 2681 Mss.
1103 2633 1380 2684 Parisieosi

306 2718 360 2759 et
378 2710 597 2759 Veneto
614 2714 658 2758 1.
678 2711 802 2759 item
818 2719 872 2759 ct
892 2713 940 2759 in
960 2712 1165 2760 excusis
1185 2712 1382 2761 Puteo·

304 2786 428 2849 lani,
451 2785 721 2843 Beroaldi,
750 2787 1005 2849 Catanaei,
1031 2787 1170 2843 Aidi,
1197 2788 1382 2852 Cuspi-

304 2862 467 2925 niani‚
519 2862 717 2923 Juntae,
771 2863 1025 2924 thenaui‚
1084 2864 1382 2927 Pliilomusi,

305 2937 614 2997 curanda,
641 2938 700 2985 R.
726 2938 794 2987 H.
820 2947 873 2987 et
900 2941 961 2988 P.
985 2940 1382 3001 Stephanorutn,

299 3013 553 3077 Grypbii,
606 3014 858 3079 Sicliardi,
911 3017 1085 3072 Navii,
1142 3017 1382 3080 Livineii‚

301 3090 566 3149 Plautini,
592 3090 852 3153 Eizevirii,
876 3101 929 3141 et
956 3094 1239 3148 Arntzenii,
1268 3094 1380 3143 haec

301 3166 459 3215 verba
499 3166 581 3214 sic
617 3167 852 3215 ordinata
886 3168 1146 3230 leguntur,
1173 3183 1229 3216 ac
1252 3171 1309 3217 de
1333 3174 1380 3218 te

295 3244 491 3307 quidem
514 3242 633 3292 bene
666 3260 722 3292 cc
740 3243 964 3306 sortiter,
985 3246 1276 3307 praestitisti.
1297 3247 1381 3294 sed

295 3320 347 3367 in
371 3324 492 3381 toga
528 3319 730 3367 neritis.
798 3320 871 3369 At
906 3321 980 3370 sic
1007 3321 1216 3370 verbum
1255 3337 1377 3383 proe·

292 3395 477 3444 stitisti
512 3395 750 3458 proxime
792 3396 1088 3460 adjungitur
1122 3398 1379 3446 adverbiis

293 3470 410 3520 bene
431 3488 492 3520 ac
512 3471 745 3531 sortiter,
771 3487 798 3520 a
823 3472 1008 3536 quibus
1040 3482 1210 3521 tamen
1245 3483 1298 3522 ut
1327 3474 1376 3522 id

292 3548 629 3612 sejungatur,
674 3547 738 3595 ad
788 3550 1214 3610 perspicuitatem
1265 3563 1376 3597 scn-

288 3627 483 3675 tentiae
549 3623 808 3673 Plinianae
865 3624 1083 3674 multum
1136 3625 1376 3674 interest.

290 3701 364 3750 Ut
405 3714 543 3762 ergo
580 3699 792 3748 verbum
845 3702 1120 3763 proeslitisti
1161 3701 1224 3748 ab
1264 3701 1377 3749 istis

287 3778 569 3827 adverbiis
593 3775 972 3839 quodammodo
998 3778 1380 3839 sejungeretur,

285 3856 340 3904 in
401 3852 687 3903 codicibus
732 3852 1018 3913 Vaticanis,
1072 3853 1273 3901 Veneto
1326 3858 1376 3902 2.

284 3929 697 3991 &lisbttrgeush
722 3928 1206 3993 Guelplierbytano,
1247 3944 1379 3989 meo,

284 4018 337 4058 et
365 4010 420 4057 in
457 4006 603 4056 libro
630 4006 904 4066 Vossiano,
929 4007 1178 4067 scriptum
1213 4015 1293 4055 est
1322 4022 1377 4055 ac

281 4087 341 4134 de
363 4090 415 4134 te
436 4081 639 4147 quidem
670 4080 783 4130 bene
814 4098 871 4129 ac
893 4083 1115 4145 sortiter,
1141 4083 1223 4131 sed
1251 4098 1375 4145 pra·-

279 4160 464 4211 uicisti
505 4159 566 4207 in
605 4161 719 4218 toga
756 4158 960 4208 meritis.
1031 4159 1198 4208 Aliam
1236 4161 1371 4208 viam

278 4239 400 4289 iniit
441 4233 806 4290 Boxbornius,
827 4236 913 4299 qui
948 4250 1013 4284 ex
1051 4236 1257 4297 ingenio
1287 4251 1375 4286 vo·

278 4310 752 4367 cabulum.meritis
778 4309 855 4361 sic
891 4313 1124 4376 repetiit,
1155 4330 1210 4363 ac
1245 4315 1302 4363 de
1330 4320 1376 4363 te

1472 557 1658 621 quidem
1682 558 1795 607 bene
1827 573 1883 606 ιιι·
1901 558 2108 617 sortiter
2135 559 2323 608 mei-itis
2353 562 2543 624 ,πατεί-

1472 636 1599 693 cisti,
1623 637 1702 682 sed
1726 635 1775 682 in
1800 642 1912 694 loga
1936 636 2137 684 meritis.
2190 636 2539 689 Boxlioruium

1471 711 1637 759 secuti
1673 716 1791 759 sunt
1834 711 2236 773 Kircluuaierus‚
2264 712 2537 770 cellarius,

1471 794 1524 835 et
1552 788 1837 837 Gestttrus.
1906 791 2034 838 Cum
2072 803 2199 851 ergo
2235 806 2295 838 ex
2334 791 2410 837 liis
2448 808 2538 853 pa-

1472 871 1601 925 teat,
1638 865 1847 914 verbum
1881 866 2156 928 prestitisti
2192 867 2386 914 utillum
2426 882 2537 915 cer-

1470 947 1580 989 tum
1626 940 1794 989 locum
1837 943 2097 1004 hucusque
2132 940 2389 995 habuisse.
2420 942 2538 992 liuic

1468 1030 1586 1064 eum
1613 1017 1866 1078 assignavi
1902 1018 2089 1076 locum,
2112 1030 2263 1080 quem
2286 1018 2539 1068 naturalis

1468 1092 1595 1140 ordo
1637 1102 1688 1142 et
1742 1095 1853 1156 ipsa
1905 1095 2246 1157 perspicuitas
2293 1096 2539 1158 requirit;

1467 1169 1708 1232 quoniam
1735 1173 1810 1217 sic
1836 1171 2004 1219 omnia
2034 1169 2264 1218 evadunt
2285 1171 2536 1232 planiora,

1469 1257 1635 1306 neque
1663 1245 1948 1294 intruditur
1976 1246 2143 1294 verbis
2171 1246 2420 1295 Plinianis
2444 1248 2533 1295 aii-

1469 1320 1536 1367 ud
1563 1325 1895 1384 vocabuluru3
1932 1332 1984 1372 et
2009 1324 2247 1387 quoniam
2282 1324 2534 1386 suspicari

1468 1411 1758 1461 possumus,
1777 1414 1839 1448 an
1862 1415 1959 1448 non
1984 1400 2105 1450 illud
2128 1402 2407 1462 prestitisti
2430 1403 2535 1464 pri·

1467 1486 1559 1521 ore
1591 1474 1702 1523 loco
1737 1490 1766 1522 e
1799 1477 1969 1536 glossa
1993 1476 2281 1540 irrepserit,
2303 1480 2530 1527 occasio·

1468 1562 1689 1612 nemque
1714 1549 1919 1600 dederit
1947 1561 2001 1602 ut
2028 1554 2162 1601 idem
2190 1554 2402 1602 verbum
2441 1569 2533 1603 suo

1466 1625 1580 1673 loco
1600 1627 1666 1675 sit
1690 1627 2040 1678 deturbatum.
2108 1632 2278 1682 Quem
2296 1631 2532 1681 ordinem

1467 1703 1625 1750 etiam
1651 1705 1876 1754 Livineio
1896 1706 1947 1754 in
1965 1720 2055 1755 ora
2073 1706 2315 1757 editionis
2336 1723 2463 1771 suae,
2479 1716 2534 1758 et

1465 1780 1666 1829 Bauuio
1700 1783 1749 1831 in
1774 1785 1931 1845 notis,
1955 1785 2233 1849 placuisse,
2260 1796 2401 1836 recte
2427 1790 2534 1837 ani·

1465 1858 1745 1908 madvertit
1771 1861 2098 1911 Arutzenius.
2152 1864 2417 1920 Ceterum,
2437 1865 2530 1914 viri

1462 1933 1513 1980 iu
1538 1938 1648 1996 toga
1668 1935 1780 1986 berte
1800 1937 2071 1997 acsvrtiter
2087 1940 2248 1989 meriti
2268 1940 2530 2002 dicunturg

1463 2012 1548 2074 qui
1590 2027 1757 2062 rerum
1797 2016 2023 2064 civilium
2063 2015 2531 2076 administratione,

1462 2096 1516 2137 et
1545 2090 1684 2150 pacis
1723 2093 1965 2153 negotiis,
1997 2093 2061 2140 de
2098 2093 2331 2155 principe
2365 2102 2417 2142 et
2454 2109 2530 2142 re·

1462 2167 1669 2228 publica
1718 2167 1849 2216 bene
1896 2169 2067 2217 meriti
2118 2179 2257 2231 sunt,
2300 2179 2451 2234 atque
2500 2187 2530 2221 a

1461 2249 1475 2270 ⁸
1492 2241 1741 2291 bellorum
1759 2244 1910 2292 sociis
1938 2246 2385 2310 periculorumque
2408 2262 2532 2295 ron-

1458 2318 1725 2368 sortibus'
1764 2320 2176 2382 distinguuntur,
2225 2323 2299 2371 uti
2356 2324 2522 2374 Tacit.

1461 2394 1651 2443 Annal.
1680 2408 1796 2444 xiv.
1819 2402 1903 2445 53.
1930 2401 1976 2444 3.
2000 2397 2095 2445 hoc
2131 2406 2368 2461 respectu
2400 2400 2527 2448 Μω-

1459 2482 1694 2522 cenatem
1708 2473 1772 2521 ab
1784 2473 2021 2539 Agrippa
2033 2475 2288 2525 distinxit.
2307 2475 2527 2526 Schwar-

1457 2550 1578 2599 zius.

1532 2630 1791 2693 Utriusque
1818 2645 1934 2679 cura
1963 2629 2219 2681 obstrictus
2247 2648 2315 2691 es,
2340 2633 2528 2697 Coesur]

1460 2706 1506 2756 1.
1542 2720 1589 2754 e.
1621 2708 1881 2770 obligatus
1921 2722 1975 2755 es
2011 2724 2133 2757 cura
2170 2718 2223 2758 et
2263 2711 2530 2773 vigilantia

1459 2783 1745 2847 utriusque,
1762 2785 1838 2831 M.
1854 2783 1982 2833 Julii
2007 2785 2298 2845 Frontonis,
2319 2794 2372 2835 et
2393 2788 2526 2837 Acu-

1460 2861 1516 2909 tii
1549 2862 1760 2916 Nervae.
1785 2862 1985 2910 illorum
2005 2864 2228 2911 virorum
2255 2864 2527 2926 singulari·

1458 2952 1542 2985 um
1570 2945 1623 2985 et
1647 2937 1713 2985 de
1742 2945 1792 2986 te
1818 2939 1947 2986 bene
1974 2939 2293 2999 meritorum,
2316 2954 2444 3002 quos
2473 2942 2523 2990 in

1460 3020 1549 3062 tuo
1578 3014 1735 3062 tertio
1755 3016 2024 3061 consulatu
2048 3014 2203 3061 etiam
2232 3014 2388 3061 tertio
2408 3028 2530 3061 cou-

1456 3090 1594 3135 sules
1640 3086 1862 3150 feceras,
1908 3089 2255 3151 collegasque,
2303 3087 2525 3137 alterum

1457 3166 1665 3229 quidem
1693 3174 1808 3229 post
1837 3166 2076 3226 alterum,
2095 3166 2400 3213 adsciveras.
2439 3166 2523 3212 Li·

1455 3242 1657 3291 brarius
1702 3241 1897 3290 codicis
1924 3240 2392 3304 Guelplierbytaui,
2429 3256 2522 3304 pro

1458 3333 1582 3367 voce
1627 3319 1898 3380 obstrictus,
1960 3332 2231 3381 perperam
2292 3322 2523 3382 reposuit

1453 3396 1715 3443 adstrictus
1736 3410 1755 3450 ,·
1810 3402 2084 3457 praeterea,
2156 3402 2272 3457 post
2343 3410 2521 3445 vocem

1458 3471 1641 3534 Coesar,
1665 3472 1836 3519 omisit
1869 3471 2047 3520 decem
2079 3480 2130 3519 et
2165 3486 2345 3520 novem
2370 3486 2524 3523 voca·

1455 3547 1597 3609 bula,
1630 3562 1793 3611 usque
1827 3548 1889 3596 ad
1926 3561 2078 3597 voces
2112 3555 2159 3597 et
2192 3548 2355 3611 solvis,
2403 3564 2519 3612 quae

1455 3631 1574 3686 post
1601 3623 1736 3672 idem
1771 3638 1976 3684 nomen,
2005 3628 2186 3687 Coesar,
2218 3634 2521 3689 sequuntur.

1454 3701 1572 3750 Hoc
1612 3701 1743 3750 adeo
1776 3701 1839 3749 ad
1874 3703 2112 3765 exeuipla
2154 3704 2381 3765 pertinet
2429 3704 2519 3751 liu·

1445 3777 1675 3839 jusmodi
1731 3778 1971 3832 saltuum.
2019 3793 2146 3841 quos
2204 3776 2398 3826 librarii
2454 3778 2520 3825 ob

1452 3855 1672 3902 candem
1715 3869 1910 3909 vocem,
1948 3855 1995 3902 iu
2035 3856 2303 3903 vicinitate
2343 3854 2520 3902 verbo-

1451 3943 1563 3978 rum
1590 3931 1888 3992 repetitam,
1911 3944 2011 3978 nnn
2046 3944 2164 3979 raro
2197 3945 2261 3979 ex
2296 3930 2518 3979 oscitan-

1452 4007 1524 4056 tia
1545 4005 1879 4055 admiserunt.
1915 4006 2065 4054 Idem.

1516 4082 1642 4142 Aue,
1675 4083 1721 4131 si
1753 4087 1903 4145 putet,
1926 4081 2075 4143 uniet]
2117 4081 2260 4129 Bene
2300 4079 2516 4128 Cellari-

1455 4172 1511 4207 us
1533 4174 1546 4206 ε
1582 4158 1599 4184 ‘
1619 4158 1740 4222 quia
1764 4158 1932 4205 odisse
1957 4158 2129 4205 solent
2153 4156 2379 4218 tyranni.
2402 4157 2514 4218 qui-

1452 4237 1546 4285 bus
1566 4235 1788 4283 maxime
1809 4235 2032 4293 debcut3
2058 4233 2190 4297 quod
2211 4233 2514 4296 probrosum

1454 4316 1665 4376 putant,
1697 4324 1840 4359 tuam
1882 4308 2142 4359 fortunam
2168 4309 2234 4358 ab
2258 4308 2367 4359 aliis
2390 4323 2515 4373 pen·
