3060 4902
517 347 650 414 5230

529 508 618 557 tiri
664 521 871 571 possum
909 506 1163 564 Livineio,
1218 508 1369 572 eujus
1415 505 1596 566 verba,

528 585 542 611 ⁸
573 584 736 646 Capio
767 583 834 632 de
876 585 1139 648 gradibus,
1175 586 1261 649 qui
1299 586 1348 634 in
1388 598 1595 649 quaque

529 662 671 712 urbis
693 661 898 725 regione
916 662 979 710 ad
1004 678 1145 709 usum
1169 662 1427 725 publicum
1454 675 1595 709 erec·

529 738 589 793 ti,
637 738 852 800 panibus
898 738 949 786 iu
1010 738 1218 801 plebem
1264 734 1600 786 dividundis!

530 815 752 863 Patarol.

595 891 731 941 Cat».
755 903 934 939 xxttt.
971 889 1166 951 Oscula]
1194 889 1394 938 Amoris
1421 889 1594 953 signo:

533 975 714 1017 contra
738 966 802 1014 ab
829 968 929 1015 illis
965 967 1166 1014 humani
1206 967 1406 1026 generis
1440 966 1596 1013 hosti-

532 1042 629 1092 bus
656 1042 967 1106 praestitum,
994 1042 1137 1102 Caio,
1163 1042 1395 1104 Nerone,
1425 1041 1598 1089 Domi-

532 1121 694 1175 tiano,
740 1129 798 1169 ut
846 1118 1023 1167 videre
1067 1127 1149 1167 est
1199 1119 1335 1182 apud
1382 1119 1599 1167 Sueton.

538 1197 692 1246 Idem.

605 1274 778 1322 Oscula
805 1270 1068 1335 exciperes]
1102 1272 1265 1321 Moris
1289 1271 1495 1333 quidem
1523 1271 1597 1320 in·

540 1357 621 1400 ter
667 1351 856 1398 amicos
896 1357 951 1398 et
995 1350 1131 1411 paris
1178 1351 1328 1397 sot-tis
1368 1348 1600 1397 homines

534 1426 654 1483 suit,
681 1436 733 1474 ut
770 1428 905 1475 inter
938 1428 1311 1475 occurrendum
1348 1427 1522 1474 osculo
1547 1441 1600 1474 se

535 1506 845 1564 salutarent,
886 1507 960 1552 ita
997 1503 1225 1567 quidem,
1266 1510 1323 1552 ut
1369 1504 1603 1565 inprimis

539 1582 821 1646 digressuri
858 1582 1076 1630 invicem
1101 1582 1297 1635 osculo,
1320 1582 1462 1644 quasi
1489 1582 1602 1628 vale

537 1660 795 1720 dicerent,
835 1666 886 1706 et
922 1673 1140 1722 peregre
1182 1657 1376 1706 reversi
1414 1658 1604 1706 osculis

536 1738 928 1798 exciperentur.
996 1735 1131 1783 vide
1160 1735 1388 1783 Martial.
1420 1748 1496 1782 xi.
1519 1738 1600 1783 98.

540 1821 596 1862 et
633 1814 821 1862 Horat.
846 1826 881 1861 ι.
919 1812 1022 1861 od.
1048 1817 1128 1860 36.
1160 1820 1214 1859 et
1254 1810 1409 1860 Ovid.
1435 1812 1606 1873 Epist.

543 1902 709 1939 xvnt.
759 1893 872 1938 100.
939 1887 1091 1938 Unde
1132 1889 1287 1935 etiam
1325 1887 1603 1948 Trajantts,

539 1981 658 2016 cum
684 1968 884 2028 legatus
922 1964 1344 2028 proficisceretur
1382 1964 1433 2011 in
1470 1964 1603 2012 Ger-

539 2043 780 2103 maniam,
804 2050 1048 2105 tanquam
1078 2049 1303 2094 senator,
1337 2055 1365 2088 a
1392 2040 1604 2104 reliquis

540 2119 889 2174 senatoribus.
915 2119 1074 2168 veluti
1099 2133 1193 2181 par
1216 2134 1245 2166 a
1270 2117 1498 2180 paribuS,
1523 2131 1601 2165 os-

541 2197 659 2245 culo
698 2196 935 2244 dimissus
973 2204 1070 2244 est.
1152 2196 1223 2243 At
1260 2209 1359 2244 non
1400 2194 1499 2241 nisi
1538 2194 1602 2241 ad

540 2271 780 2334 exempla
813 2271 1088 2335 singularis
1117 2268 1450 2320 humanitatis
1487 2284 1603 2332 per·

538 2349 763 2410 tint-bat,
789 2348 831 2396 si
858 2346 1120 2411 principes
1144 2347 1320 2407 etiam,
1343 2353 1396 2394 et
1423 2353 1604 2408 poten·

541 2425 723 2488 tiores,
742 2424 903 2475 osculi
936 2426 1130 2474 honore
1168 2424 1505 2484 dignarentur
1530 2422 1606 2471 in·

539 2500 791 2552 seriores:
846 2500 1276 2564 quemadmodum
1338 2501 1434 2547 hoc
1488 2502 1604 2548 ioco

542 2578 744 2627 Plinius
766 2578 991 2640 Trajano
1028 2591 1225 2638 magnae
1262 2575 1405 2623 ducit
1446 2574 1604 2638 laudi,

543 2654 700 2719 quod,
755 2654 986 2717 quamvis
1044 2655 1242 2702 interea
1293 2651 1479 2700 absens
1540 2652 1605 2701 ad

539 2746 790 2780 summum
817 2731 1166 2793 imperatoriae
1203 2729 1484 2791 majestatis
1505 2727 1607 2777 fas-

540 2808 723 2872 tigium
762 2807 948 2855 fuisset
987 2815 1223 2867 evectus,
1257 2819 1491 2853 reversus
1528 2813 1606 2854 ta·

538 2898 657 2933 men
699 2882 834 2932 haud
872 2898 1040 2944 secus,
1068 2898 1129 2930 ac
1172 2883 1336 2929 adhuc
1381 2889 1607 2941 senator,

535 2969 772 3011 senatum
793 2960 1102 3009 salutantem
1122 2958 1394 3020 exceperit
1412 2958 1607 3007 osculo.

535 3039 711 3093 Certe,
770 3038 1032 3100 Augustus
1077 3037 1394 3099 Agricolam,
1452 3035 1607 3085 rebus

535 3117 789 3176 praeclare
835 3115 995 3176 gestis
1047 3115 1313 3172 reducem,
1359 3127 1462 3161 non
1509 3112 1606 3161 nisi

539 3193 554 3219 ⁸
582 3191 726 3240 brevi
753 3191 927 3239 osculo
946 3189 958 3209 ¹
996 3190 1267 3252 excepisse
1294 3190 1484 3238 dicitur
1507 3189 1606 3237 Ta·

538 3266 663 3324 cito,
687 3264 867 3327 Agric.
886 3279 929 3312 c.
947 3268 1029 3312 40.
1102 3266 1265 3325 Nero,
1288 3271 1421 3313 teste
1444 3264 1604 3312 Tran-

539 3342 716 3406 quillo,
734 3355 779 3389 c.
799 3345 881 3390 37.
901 3341 915 3367 ‘
938 3355 1104 3405 neque
1123 3341 1423 3396 adveniens,
1438 3354 1606 3405 neque

543 3415 898 3481 proficiscens,
942 3433 1250 3482 quemquam
1296 3419 1471 3467 osculo
1514 3418 1607 3464 im-

542 3491 790 3555 pertivit.’
855 3492 1155 3555 cujusmodi
1189 3493 1429 3555 exempla
1460 3493 1608 3552 plura

532 3570 643 3634 jam
685 3571 897 3632 collegit
930 3570 1131 3634 Lipsius
1165 3569 1229 3617 ad
1268 3571 1318 3618 h.
1342 3570 1376 3617 l.
1445 3567 1607 3618 Istam

545 3659 667 3692 vero
717 3646 1128 3707 dedignationem
1175 3645 1459 3703 osculandi,
1504 3643 1607 3693 for·

543 3728 686 3771 tasse
711 3721 763 3770 in
788 3721 1005 3783 gratiam
1031 3720 1244 3776 Tiberii,
1266 3720 1503 3783 exemplo
1529 3734 1609 3768 re·

544 3811 663 3861 gum
692 3797 973 3853 Numidiae,
998 3798 1267 3846 excusavit
1300 3805 1355 3846 et
1381 3797 1611 3845 laudavit

544 3874 667 3923 val.
710 3874 855 3923 Μαι.
898 3886 960 3923 ιι.
998 3877 1047 3922 0.
1083 3877 1160 3923 17.
1192 3874 1206 3900 ‘
1235 3874 1318 3922 Ne
1346 3871 1608 3922 Numidiae

542 3949 752 4014 quidem
789 3949 971 4012 regesR
997 3951 1183 4015 inquit,
1220 3959 1234 3980 ⁸
1260 3949 1610 4012 vituperandi,

545 4026 656 4092 qui,
678 4040 818 4075 more
835 4027 1003 4088 ‘eutis
1022 4041 1146 4083 suae,
1168 4027 1293 4075 nulli
1316 4026 1607 4075 mortalium

541 4101 772 4152 osculum
796 4101 1054 4150 ferebant.
1110 4100 1370 4165 Quicquid
1396 4102 1530 4150 enim
1556 4102 1608 4150 in

543 4177 749 4226 excelso
788 4173 997 4239 fastigio
1044 4176 1270 4241 positum
1299 4183 1401 4239 est,
1430 4177 1608 4227 humili

545 4260 601 4301 et
651 4253 778 4302 trita
815 4254 1214 4321 cousuetudine,
1253 4268 1354 4319 quo
1404 4255 1472 4304 sit
1520 4269 1606 4303 ve-

544 4327 839 4384 nerabilius.
894 4343 1110 4381 vacuum
1160 4345 1275 4381 esse
1326 4330 1608 4384 couvenit.’

1224 365 1442 414 1401·AE
1491 363 1901 413 vAmoRuM
1955 364 2034 416 IN

1676 506 1922 556 Schwarz.

1740 583 1972 632 Senatum
2006 582 2184 647 osculo]
2217 583 2448 634 Pacatus
2479 582 2546 633 de
2578 584 2752 636 Theo-

1675 657 1835 714 dosio,
1872 667 1884 687 ⁸
1908 659 2007 709 Ille
2042 660 2408 710 cohonestatus
2444 658 2623 724 affatu,
2656 662 2749 712 ilie

1674 748 1849 782 mensa
1890 733 2094 796 beatus,
2130 735 2216 784 ille
2258 738 2434 786 osculo
2478 751 2753 786 consecra·

1676 816 1759 857 tus
1793 809 1915 859 est!
1980 812 2050 860 Et
2075 812 2339 874 digniores
2373 812 2535 876 igitur
2565 816 2749 863 osculo

1675 889 1848 937 solent
1882 891 2162 953 excipere:
2202 892 2303 940 etsi
2344 893 2490 954 pravi
2531 901 2621 943 aut
2662 908 2750 943 su·

1678 964 1824 1026 perbi
1850 967 2112 1030 principes
2140 967 2491 1019 fastidierunt.
2546 971 2626 1020 De
2651 971 2752 1021 Ca-

1678 1043 1835 1105 ligula
1879 1046 2013 1096 Dio:
2066 1047 2441 1097 ‘Paucissimos
2487 1052 2751 1100 osculatus

1676 1128 1777 1178 est,
1819 1121 2081 1186 plerisque
2123 1131 2315 1185 autem,
2348 1124 2503 1173 etiam
2541 1132 2753 1175 senato·

1676 1209 1810 1257 rum,
1837 1199 1916 1246 vel
1955 1213 2159 1248 manum
2186 1201 2265 1248 vel
2302 1200 2485 1262 pedem
2523 1202 2753 1264 praebuit

1677 1275 2051 1324 osculandum-⁹
2116 1277 2201 1325 De
2237 1278 2448 1327 Nerone
2476 1279 2753 1344 Tranquil-

1677 1348 1777 1411 lus,
1809 1352 1823 1376 ‘
1845 1352 2029 1415 Neque
2064 1352 2365 1409 adveniens,
2390 1368 2556 1419 neque
2591 1355 2751 1418 profi-

1678 1428 1894 1489 ciscens,
1938 1444 2244 1494 quemquam
2290 1432 2471 1480 osculo
2517 1432 2752 1494 imperti·

1683 1503 1787 1552 vit!
1839 1505 1977 1555 Quid
2003 1506 2362 1555 Domitianus?
2397 1507 2503 1569 ille,
2526 1507 2751 1556 necdum

1681 1582 1942 1643 princeps,
1976 1580 2212 1630 “Caenidi
2239 1582 2397 1644 patris
2423 1583 2755 1647 concubina»,

1681 1659 1931 1719 osculum,
1972 1665 2029 1707 ut
2068 1659 2217 1713 solet.
2255 1658 2520 1723 offerenti,
2543 1674 2751 1710 manum

1680 1732 1942 1796 praebuit!
2009 1734 2217 1796 Cogita,
2240 1735 2361 1798 quid
2391 1735 2442 1783 iu
2481 1735 2751 1798 principa·

1683 1818 1755 1858 tu.
1826 1810 2030 1873 Nempe
2077 1811 2152 1859 liis
2198 1812 2386 1860 talibus
2433 1812 2575 1874 illud,
2609 1812 2751 1876 apud

1682 1886 1887 1937 Arrian.
1911 1889 2000 1936 lib.
2027 1902 2104 1939 w.
2147 1904 2314 1938 rerum
2342 1888 2650 1951 Alexandri,
2675 1891 2754 1939 in-

1681 1962 1919 2012 sederat:
1954 1963 2071 2013 Τοὺς
2101 1963 2191 2024 μὲν
2221 1965 2483 2029 ἀνθρώπους
2511 1968 2753 2028 φιλεῖσθαι

1679 2040 1795 2101 πρὸς
1817 2043 1911 2088 τῶν
1934 2040 2293 2104 ἀσπαζομένων·
2328 2042 2387 2091 τὸ
2418 2044 2544 2091 θεῖον
2575 2041 2626 2092 δὲ
2655 2042 2753 2092 ἄνω

1679 2135 1772 2165 που
1812 2117 2070 2180 ἷδρύμενον,
2113 2118 2189 2168 καὶ
2235 2117 2342 2168 οὐδὲ
2383 2119 2560 2181 ψαύσαι
2603 2119 2753 2168 αὐτοῦ

1679 2194 1827 2254 θέμις,
1854 2194 1930 2242 ἐπὶ
1953 2196 2074 2255 τῷδε
2099 2194 2189 2258 ἄρα
2218 2197 2288 2260 τῇ
2314 2193 2630 2259 προσκυνήσει
2664 2212 2754 2256 γε·

1679 2270 1903 2333 ραίρεται.
1974 2270 2264 2319 Hominibus
2306 2273 2511 2320 osculum
2554 2287 2583 2319 a
2625 2274 2753 2321 sulu-

1684 2345 1896 2394 tunlibtts
1917 2346 2056 2401 dari5
2089 2352 2139 2394 at
2164 2347 2357 2395 numina
2380 2347 2432 2394 in
2454 2347 2553 2395 alto
2573 2349 2753 2410 posita.

1683 2425 1794 2485 quia
1817 2423 2090 2485 contingere
2113 2437 2205 2473 uon
2227 2423 2354 2490 licet,
2378 2423 2653 2474 adoratione
2676 2439 2756 2474 co·

1680 2498 1735 2548 li.
1802 2500 1870 2547 Et
1903 2500 1988 2548 isti
2026 2499 2266 2562 profecto
2293 2500 2427 2548 inter
2459 2499 2672 2549 numina
2694 2514 2753 2550 se

1681 2575 1984 2623 censebant.
2021 2576 2100 2623 De
2126 2584 2239 2623 toto
2267 2575 2369 2624 ritu
2394 2575 2630 2636 pluscula
2652 2590 2757 2640 ego

1681 2651 1854 2699 Elect.
1879 2664 2001 2699 xxt-
2024 2665 2117 2700 suo
2142 2651 2332 2713 capite.
2366 2651 2504 2714 Lips-

1754 2727 1926 2776 Osculo
1949 2726 2210 2790 exciperes]
2251 2726 2369 2775 Fuit
2392 2735 2447 2775 et
2478 2732 2757 2776 consuetu-

1684 2801 1749 2851 do
1788 2803 2101 2867 principum,
2125 2818 2252 2868 quos
2288 2812 2543 2865 amarent,
2576 2815 2755 2852 eorum

1684 2894 1784 2928 non
1802 2895 1891 2928 ora
1914 2887 2133 2941 tantum,
2154 2879 2242 2927 sed
2267 2887 2452 2942 pectus
2469 2895 2674 2945 quoque
2699 2889 2756 2928 et

1685 2969 1864 3003 manus
1888 2955 2131 3004 osculari.
2197 2954 2548 3003 Tlteodoritus
2572 2955 2664 3003 lib.
2699 2969 2755 3004 v.

1684 3028 1749 3078 de
1783 3030 2096 3091 Theodosio,
2127 3029 2402 3077 Meletium
2439 3030 2753 3093 Episcopum

1683 3107 2000 3168 excipiente,
2034 3103 2409 3164 περιεπτύσσετο
2448 3105 2525 3155 καὶ
2557 3107 2758 3168 ura-repi-

1681 3189 1757 3230 λει
1782 3181 1860 3230 καὶ
1882 3180 2170 3244 ὀφθαλμοὺς,
2184 3181 2260 3230 καὶ
2278 3182 2442 3244 χείλη,
2457 3181 2538 3231 καὶ
2559 3182 2754 3246 στέρνα,

1683 3259 1763 3308 καὶ
1786 3259 2018 3321 κεφαλὴν,
2048 3259 2126 3308 καὶ
2154 3260 2245 3318 τὴν
2279 3259 2659 3320 orroei-»drenow
2680 3262 2755 3308 δσ-

1681 3334 1801 3396 ξίαν.
1872 3335 2008 3385 Item
2046 3337 2228 3385 Persae
2270 3344 2606 3385 occurrentes
2638 3337 2759 3394 sibi,

1683 3429 1736 3462 se
1773 3420 1971 3474 mutuo,
2005 3415 2117 3463 loco
2156 3414 2502 3469 salutationis,
2538 3415 2756 3463 osculati

1684 3499 1823 3538 suut.
1893 3489 2150 3538 Herodot.
2182 3489 2272 3538 lib.
2309 3502 2345 3537 1.
2384 3489 2624 3552 Xenoph.
2655 3490 2758 3553 Cy·

1687 3580 1800 3629 rop.
1826 3565 1916 3614 lib.
1943 3579 1982 3613 t.
2052 3565 2295 3615 Hebraeis
2330 3565 2464 3614 idem
2489 3567 2760 3615 charitatis

1683 3642 1971 3705 symbolum
2009 3641 2061 3690 in
2099 3658 2192 3691 usu
2227 3642 2342 3705 t‘uit,
2376 3642 2509 3692 Gen.
2536 3655 2754 3694 xxxttt.

1683 3721 1732 3766 4.
1756 3725 1811 3766 et
1838 3718 2025 3780 passim
2049 3718 2354 3767 Christianis
2378 3718 2475 3767 ista
2507 3720 2757 3768 salutatio

1687 3794 1737 3841 iu
1762 3795 1937 3843 osculo
1960 3802 2141 3843 sancto
2177 3794 2315 3843 iuter
2343 3802 2613 3858 praecepta
2638 3796 2759 3845 clia-

1687 3871 1879 3931 ritatia,
1904 3885 1922 3920 1
1950 3873 2069 3919 Cor.
2094 3885 2216 3920 xvi.
2238 3875 2321 3922 20.
2358 3885 2379 3920 ι
2399 3871 2577 3920 Thess.
2597 3884 2650 3919 v.
2672 3876 2759 3922 25.

1687 3961 1705 3996 1
1745 3947 1893 3997 Petr.
1938 3961 1990 3996 v.
2038 3950 2118 3995 14.
2161 3962 2262 4011 qua
2303 3953 2474 3995 tamen
2528 3946 2758 3996 abstine·

1686 4023 1814 4073 bant
1856 4023 2176 4086 jejunantes.
2226 4022 2445 4072 Tertull.
2488 4020 2556 4072 de
2601 4022 2758 4073 Orat.

1685 4102 1793 4151 Soli
1818 4116 1908 4149 nos
1933 4100 2181 4150 Germani
2204 4098 2302 4148 hac
2329 4105 2478 4162 parte
2502 4098 2761 4161 rusticuli,

1685 4186 1739 4228 et
1784 4178 1916 4226 lianc
1964 4191 2115 4225 unam
2161 4174 2500 4225 humanitatis
2555 4182 2755 4238 partem

1681 4256 1910 4304 nondum
1949 4253 2224 4303 didicimus
2251 4266 2283 4302 a
2307 4252 2498 4318 Gallis,
2517 4265 2548 4301 a
2572 4252 2756 4316 quibus

1684 4342 1737 4382 et
1763 4340 1956 4394 vestes,
1980 4338 2034 4379 et
2069 4330 2316 4395 linguam,
2346 4336 2400 4379 et
2428 4342 2624 4379 morum
2648 4330 2760 4378 cul·
