3060 4902
509 343 681 411 1046

508 505 825 560 confusione.
851 504 1197 552 obumbrare)
1232 506 1474 554 Schwarz.

577 583 858 630 Prosecutus
879 580 1025 642 enim]
1061 581 1239 629 Codex
1270 583 1497 631 Venetus
1524 586 1572 630 1.

510 660 664 708 babet
705 659 994 706 Prosecutus
1022 672 1126 706 eum
1161 674 1245 708 nec
1281 659 1572 720 temperasti.

510 736 770 784 Livineius
816 736 867 782 in
913 735 1145 795 margine
1189 748 1218 782 e
1275 736 1574 798 conjectura

510 812 734 872 notavit,
781 809 915 859 forte
978 810 1250 873 legendum
1303 815 1577 872 prosecutus

508 890 631 937 enim
654 903 717 938 es.
775 886 1007 935 Baunins
1030 886 1215 947 edidit,
1234 890 1507 948 prosecutus
1524 900 1575 934 es

507 966 649 1013 enim.
704 965 767 1014 In
815 963 1061 1026 proximis
1101 963 1267 1011 verbis
1307 962 1573 1024 Vaticani,

509 1047 704 1103 praeter
725 1053 881 1088 unum
908 1041 1049 1087 1775.
1069 1038 1189 1086 item
1210 1045 1262 1087 et
1281 1037 1573 1100 Guelpher·

513 1116 753 1178 bytauus.
780 1129 873 1178 pro
886 1119 1253 1178 prosequereris,
1278 1113 1465 1162 vitiose
1494 1128 1572 1162 re-

509 1191 685 1242 ferunt
728 1192 1034 1254 prosequeris.
1084 1191 1314 1241 Verbum
1360 1192 1572 1254 ‘prose-

511 1268 639 1333 qui,'
676 1282 777 1317 non
811 1268 894 1316 hie
926 1274 1007 1316 est
1043 1266 1316 1316 ‘comitem
1358 1282 1413 1315 se
1444 1266 1573 1315 dare

509 1346 680 1395 itineri
700 1344 731 1405 ;'
751 1344 842 1394 sed
868 1343 1057 1394 dicitur
1081 1343 1148 1393 de
1168 1344 1344 1407 iis,qni
1368 1342 1573 1392 honoris

512 1437 693 1471 caussa
716 1423 1055 1485 aliquonsque
1088 1420 1353 1470 deducunt
1379 1420 1572 1470 abeun-

514 1507 592 1548 tes
629 1508 680 1546 et
718 1497 1066 1560 discedentes,
1104 1499 1267 1560 iisque
1304 1499 1475 1546 valere
1501 1498 1576 1546 di·

510 1583 655 1635 cunt,
700 1583 754 1624 et
800 1573 930 1623 bene
977 1584 1292 1637 precantur3
1341 1589 1435 1636 pro
1472 1589 1574 1638 quo

510 1653 668 1701 verbo
693 1651 864 1701 Graeci
892 1658 1142 1715 usurpant
1162 1650 1575 1716 προπέμπεινμιη·

510 1743 694 1778 nomen
731 1728 923 1777 habent
964 1729 1192 1777 carmina
1228 1727 1578 1792 προπεμπικά.

511 1805 647 1854 Vide
684 1805 925 1854 Grotium
961 1804 1026 1854 ad
1054 1803 1170 1854 Act.
1197 1803 1382 1868 Apost.
1407 1819 1499 1854 xv.
1525 1808 1576 1854 8.

512 1885 662 1934 Idem.

578 1963 864 2009 Prosecutus
887 1962 1034 2024 enim]
1074 1961 1249 2021 Forte,
1273 1975 1337 2009 es.
1374 1961 1544 2010 Livin-

574 2036 812 2099 Exeunti]
872 2037 1212 2084 Discedentes
1258 2037 1449 2085 amicos
1508 2037 1573 2086 ad

508 2114 657 2163 littus
690 2129 851 2178 usque
884 2113 1126 2178 prosequi
1163 2114 1319 2162 moris
1350 2114 1468 2163 olim
1495 2113 1575 2162 fu-

511 2193 633 2255 isse,
658 2192 899 2240 discimus
922 2207 985 2240 ex
1017 2192 1115 2240 hoc
1140 2192 1272 2254 ioco,
1299 2202 1351 2240 et
1373 2206 1437 2239 ex
1462 2191 1578 2240 Sta-

511 2269 588 2317 tio
633 2268 776 2332 Sylv.
814 2282 902 2316 ιιι.
942 2273 990 2316 2.
1029 2266 1114 2314 ubi
1163 2268 1309 2330 plura
1349 2267 1577 2315 invenies

514 2345 892 2407 prosecutionis
937 2341 1123 2398 officia,
1168 2358 1283 2392 cum
1331 2343 1414 2403 iis,
1461 2359 1575 2408 qum

511 2421 596 2470 liic
636 2436 665 2469 a
714 2429 887 2471 nostro
940 2420 1243 2485 afferuntur,
1301 2420 1575 2471 admodum

513 2499 869 2560 congrueniia.
907 2498 1123 2545 Patarol.

581 2575 639 2621 In
684 2572 847 2633 litore]
918 2572 1023 2620 Hic
1068 2588 1193 2634 ergo
1235 2573 1384 2622 homo
1431 2582 1575 2622 trans

512 2663 651 2697 mare
686 2663 941 2696 secessum
973 2648 1260 2710 quaerebat,
1292 2659 1381 2698 ant
1413 2651 1462 2698 in
1488 2649 1577 2698 aii·

512 2740 611 2791 qua
637 2725 938 2773 insularum.
973 2724 1105 2787 Lips.

581 2804 686 2851 Nec
733 2805 1006 2864 temperasti
1046 2800 1157 2862 eibi]
1194 2805 1259 2853 Iu
1305 2804 1575 2853 codicibus

511 2879 636 2933 Mss.
664 2879 950 2928 Vaticanus
973 2885 1121 2931 3461.
1156 2881 1575 2945 Guelpherbyta-

513 2970 626 3016 nus,
650 2955 1077 3018 salisburgensis,
1106 2965 1159 3005 et
1188 2972 1349 3019 mens,
1383 2955 1577 3006 habent

510 3038 665 3081 necte
692 3033 935 3096 imperasti
968 3034 1076 3082 tibi.
1140 3034 1227 3083 Sic
1247 3033 1404 3083 etiam
1435 3033 1576 3082 Pari-

510 3110 710 3166 siensis,
729 3109 915 3158 omisso
931 3117 1104 3160 tamen
1133 3111 1430 3174 pronomine
1456 3111 1579 3167 tibi5

515 3195 568 3234 at
596 3188 724 3236 iiber
749 3187 1051 3248 Vossianus,
1085 3202 1165 3235 nec
1200 3187 1444 3250 imperasti
1469 3187 1575 3235 tibi.

511 3262 614 3311 Sed
653 3264 775 3311 illud
813 3279 1092 3327 pronomen
1128 3272 1174 3312 ee
1197 3265 1473 3314 manifesto
1497 3272 1578 3314 est

515 3341 718 3397 inutile.
762 3349 816 3391 et
856 3348 903 3390 te
941 3343 1187 3404 imperasti
1222 3342 1358 3393 forte
1399 3351 1577 3392 natum

514 3415 810 3479 factumque
832 3425 914 3467 est
934 3434 1000 3467 ex
1021 3420 1312 3483 temperasti.
1365 3418 1576 3484 Alioqui

511 3493 688 3547 lectio.
711 3508 863 3555 quam
901 3495 1078 3556 prodit
1117 3496 1249 3544 liber
1282 3496 1579 3553 Vossianus,

514 3567 616 3616 ndi}
643 3566 776 3615 foret
801 3570 1142 3629 aspernanda.
1213 3572 1299 3620 Ita
1322 3587 1444 3621 saue
1475 3571 1578 3621 Te·

515 3653 651 3693 rent.
690 3645 925 3693 Eunucli.
956 3658 1016 3693 ιι.
1049 3651 1101 3694 2.
1140 3651 1222 3696 21.
1263 3655 1276 3676 ·
1301 3648 1578 3698 Postremo

513 3720 766 3784 imperavi
794 3728 997 3782 egomet
1022 3722 1165 3783 mihi,
1205 3724 1376 3772 omnia
1402 3739 1580 3773 assen-

512 3796 652 3851 tari.'
710 3796 820 3847 Cic.
858 3796 1018 3846 Attio.
1058 3812 1137 3848 ιιι.
1161 3803 1244 3849 24.
1282 3801 1469 3852 ‘Quod
1495 3816 1578 3851 me

516 3888 693 3924 mones
718 3872 785 3923 de
811 3875 955 3922 vultu
990 3879 1043 3922 et
1078 3875 1312 3924 oratione
1349 3876 1411 3924 ad
1448 3884 1577 3926 tem·

517 3964 615 4015 pus
639 3949 1088 4006 accommodanda,
1114 3951 1213 3999 etsi
1243 3948 1453 3999 difficile
1477 3958 1581 4015 est,

517 4034 690 4076 tamen
716 4026 1024 4090 imperarem
1051 4027 1190 4084 milii,
1224 4027 1267 4076 si
1295 4042 1408 4076 mea
1431 4027 1577 4093 quid-

514 4117 666 4168 quam
689 4103 942 4152 interesse
968 4103 1244 4166 putarem-⁹
1310 4104 1500 4153 Caelius
1524 4120 1578 4154 a·

520 4179 624 4241 pud
652 4180 762 4229 Cic.
793 4179 938 4230 Fam.
969 4192 1093 4230 vm.
1128 4184 1207 4230 12.
1232 4181 1248 4210 ‘
1273 4180 1403 4230 Cum
1426 4182 1579 4232 bomo

515 4268 717 4318 avarus,
752 4262 809 4304 ut
833 4269 896 4305 ea
918 4256 1166 4322 solveret,
1189 4255 1286 4308 sibl
1318 4256 1578 4323 imperare

1204 359 1416 409 NO'FAE
1472 364 1560 410 VA
1579 359 1876 418 RIORUM
1929 359 2008 413 IN

1648 521 1747 555 non
1775 507 1985 570 posset)
2055 506 2135 557 Ad
2163 522 2313 572 quem
2341 510 2514 558 iocum
2533 511 2726 560 Manu·

1652 586 1780 633 tius:
1808 592 1822 613 ‘
1842 584 2110 647 Imperare
2132 584 2270 647 sibi:
2291 585 2507 647 dicitur,
2527 587 2609 650 qui
2627 587 2726 634 ali·

1649 668 1731 709 ter
1754 675 1909 723 agere
1935 662 2006 710 ita
2031 661 2212 710 solitus
2231 669 2330 717 est,
2353 669 2410 711 ut
2430 677 2532 711 nou
2552 663 2721 710 liben-

1653 742 1734 784 ter
1756 751 1784 784 a
1808 738 2182 786 consuetudine
2214 736 2473 786 discedat.
2541 737 2721 785 Livius

1651 823 1848 861 xxxiv.
1894 815 1973 862 sl.
2015 815 2031 839 ⁶
2055 813 2209 862 Nunc
2249 813 2509 875 imperare
2545 813 2720 861 animo

1650 888 1879 952 nequivi,
1902 889 2026 952 quin
2045 887 2267 938 scirem:
2330 888 2627 939 Vahhln.
2644 901 2722 938 tv.

1649 968 1698 1011 2.
1733 967 1747 991 ⁴
1767 962 2003 1026 Injuriae‚
2026 978 2176 1027 quam
2195 965 2542 1027 gravissimam
2564 977 2722 1013 scee-

1650 1047 1818 1102 perat‚
1841 1040 2079 1089 oblivisci
2102 1040 2202 1090 sibi
2225 1039 2532 1104 imperavit?
2577 1041 2720 1090 Bur-

1651 1130 1869 1165 mannus
1905 1115 1969 1164 sd
2004 1116 2262 1168 Quinctil.
2293 1129 2352 1166 x.
2377 1122 2425 1166 1.
2455 1131 2574 1181 pag.
2595 1121 2720 1166 912.

1651 1192 1965 1256 observavit,
1987 1191 2148 1241 verba
2170 1191 2290 1253 ists,
2313 1191 2604 1255 ‘imperare
2624 1190 2640 1212 ⁹
2661 1199 2720 1240 et

1650 1270 1665 1297 ⁴
1689 1267 2016 1332 temperare,'
2051 1269 2209 1318 etiarn
2242 1268 2366 1318 aiibi
2398 1266 2611 1318 confusa
2635 1266 2717 1316 fu·

1649 1346 1749 1394 isse
1775 1360 1803 1392 a
1826 1345 2067 1402 librariis.
2124 1344 2343 1394 Interim
2368 1344 2526 1393 nihilo
2550 1344 2716 1392 minus

1650 1422 1732 1470 hic
1751 1420 1976 1485 praefero
1992 1420 2267 1470 lectionem
2288 1420 2548 1483 vulgatam
2563 1436 2579 1482 ς
2596 1433 2719 1469 eum

1653 1515 1755 1563 qna
1778 1499 1942 1548 ceteri
1968 1511 2174 1561 quoque
2197 1495 2404 1546 codices
2438 1496 2569 1545 Μαι.
2590 1510 2721 1546 con·

1652 1575 1889 1625 veniunt.
1948 1574 2016 1624 Et
2035 1579 2178 1623 recte
2196 1573 2353 1622 etiam
2377 1573 2396 1602 ⁸
2414 1573 2566 1623 nobis
2584 1580 2720 1623 tern-

1654 1666 1839 1717 perare
1854 1651 1869 1673 '
1908 1651 2146 1713 dicimur,
2169 1653 2213 1701 si
2234 1657 2520 1701 statuamus
2542 1650 2722 1702 facere

1651 1728 1873 1792 aliquid,
1903 1727 2063 1791 quod,
2090 1727 2193 1777 nisi
2228 1734 2373 1777 certa
2409 1729 2606 1777 ratione
2643 1729 2721 1778 in·

1652 1806 1821 1863 ducti,
1856 1819 1956 1853 non
1996 1810 2181 1867 sponte
2209 1801 2401 1853 facturi
2426 1804 2722 1854 fuissemus.

1649 1881 1760 1932 flul.
1786 1881 1960 1929 Caessr
1981 1880 2116 1929 Bell.
2142 1879 2282 1929 Gall.
2306 1892 2344 1927 ι.
2365 1882 2449 1928 88.
2487 1887 2503 1909 ⁰
2527 1882 2719 1944 Neque

1655 1956 1752 2005 sibi
1790 1956 2018 2004 homines
2053 1954 2193 2005 feros
2223 1968 2284 2004 ac
2310 1954 2560 2005 barbaros
2587 1965 2720 2005 tem-

1655 2039 1928 2095 peraturos
1965 2029 2321 2092 existimabat,
2352 2033 2475 2096 quin
2509 2031 2562 2081 in
2600 2048 2722 2096 pro·

1656 2108 1877 2157 vinciam
1910 2107 2154 2158 exirent!
2193 2109 2396 2157 Plinius
2421 2097 2722 2172 'Majorstibz

1658 2199 1827 2234 xvru.
1852 2199 1967 2248 cap.
1987 2188 2036 2232 8.
2073 2191 2087 2213 ⁴
2113 2183 2335 2248 Nequeo
2367 2184 2491 2233 mibi
2518 2192 2721 2248 tempe·

1655 2276 1785 2317 rare,
1809 2275 1911 2325 quo
1935 2263 2103 2309 miuus
2130 2273 2284 2308 unum
2308 2260 2603 2324 exemplum
2629 2276 2720 2310 an·

1654 2340 1906 2403 tiquitatis
1933 2336 2179 2387 afferam!
2230 2337 2426 2387 Plinius
2449 2346 2633 2388 noster
2653 2341 2721 2388 E-

1653 2417 1774 2481 pist.
1802 2429 1880 2466 ix.
1905 2420 1953 2467 6.
1992 2419 2006 2444 ⁸
2024 2411 2126 2465 Sed
2153 2422 2448 2478 temperare
2469 2416 2721 2467 anthinon

1653 2508 1879 2556 possum,
1899 2507 1997 2556 quo
2019 2493 2185 2541 miuus
2203 2492 2430 2548 laudem,
2447 2492 2584 2556 qnod
2599 2507 2720 2542 ens·

1652 2569 1858 2617 modum
1907 2566 2092 2617 tenes!
2144 2567 2419 2617 Suetonius
2454 2568 2557 2619 hoe
2603 2583 2720 2617 ver·

1654 2646 1770 2694 bum
1799 2645 2033 2694 absalme
2058 2644 2202 2707 ponit
2238 2645 2288 2693 in
2311 2644 2541 2702 Caesare,
2563 2661 2612 2695 e.
2633 2650 2724 2699 22.

1653 2730 1667 2752 ⁸
1687 2726 1804 2775 Quo
1831 2722 2018 2786 gaudio
2049 2722 2215 2772 elatus
2251 2737 2353 2771 non
2377 2724 2721 2787 temperavit,

1655 2802 1776 2862 quiin
1798 2816 1987 2864 pancos
2011 2808 2128 2864 post
2152 2801 2262 2850 dies
2281 2799 2547 2867 frequenti
2571 2803 2718 2853 curin

1644 2878 1910 2942 jactaret?
1941 2878 2183 2928 Schwwz.

1717 2956 1980 3019 Amplexus
2000 2956 2206 3006 osculum
2217 2954 2399 3019 ferres]
2422 2955 2636 3006 Patarol
2660 2957 2718 3007 iss

1653 3048 1744 3083 sua
1767 3034 1998 3082 editione
2026 3033 2141 3083 haec
2168 3041 2419 3084 commate
2443 3033 2721 3096 interpun-

1654 3109 1752 3173 git,
1775 3110 2038 3171 amplexus,
2061 3112 2288 3175 osculum,
2308 3117 2464 3173 atque
2488 3110 2538 3159 in
2565 3111 2718 3160 Itali·

1652 3199 1712 3234 ca
1737 3185 2168 3248 interpretatione
2197 3186 2443 3251 exprimit
2466 3193 2720 3252 tanquam

1652 3262 1902 3311 ἀσύνδετα.
1968 3264 2037 3312 Et
2069 3277 2167 3326 ego
2199 3263 2457 3328 quondam
2492 3266 2720 3329 conjeci,

1653 3339 1704 3386 iu
1729 3353 1946 3402 meoque
1973 3338 2104 3388 libro
2137 3341 2400 3403 annotavi,
2433 3341 2718 3404 legendum

1653 3428 1763 3464 esse
1804 3417 2069 3477 amplexum
2113 3419 2423 3481 osculumque·
2490 3417 2609 3469 Jam
2659 3423 2720 3469 et

1654 3489 1938 3540 Autzeuius
1978 3490 2247 3551 indicavit,
2283 3492 2555 3543 Heinsium
2589 3509 2720 3560 quo-

1655 3582 1753 3631 qne
1778 3568 1828 3616 in
1854 3582 1943 3617 ors
1967 3569 2044 3618 sui
2070 3567 2268 3618 codicis
2307 3571 2595 3635 conjecisse
2617 3586 2721 3621 uss-

1647 3646 1818 3706 pteoeus
1841 3649 1890 3693 et
1920 3645 2144 3693 osculum·
2212 3645 2282 3695 Et
2314 3654 2461 3696 certe
2500 3648 2719 3700 verbum

1652 3720 1668 3748 ‘
1683 3718 1856 3782 ferre,’
1873 3734 1966 3782 pro
1980 3717 2189 3781 offerre,
2207 3720 2288 3770 vel
2301 3718 2508 3787 afferre,
2524 3730 2630 3774 tam
2650 3724 2720 3776 ad

1651 3811 1839 3846 nomeu
1851 3798 2112 3860 amplexus,
2133 3797 2241 3846 sive
2257 3800 2546 3862 complexus.
2561 3815 2718 3865 quant

1655 3873 1720 3923 ad
1739 3876 1960 3930 osculum,
1984 3871 2168 3923 referri
2190 3881 2384 3938 potest.
2419 3875 2534 3925 Liv.
2553 3890 2616 3926 ιι.
2638 3882 2723 3927 4ο.

1653 3957 1668 3981 ⁸
1689 3949 2011 4005 Coriolanus,
2041 3964 2156 4000 cum
2180 3947 2346 4001 ferret
2373 3951 2530 4002 matri
2550 3954 2717 4005 obvio

1654 4028 1980 4090 complexum
2003 4043 2019 4089 ;
2043 4028 2241 4084 mulier,
2258 4028 2401 4084 Sine,
2417 4030 2713 4096 prinsquam

1654 4104 1981 4167 complexum
2030 4103 2250 4167 accipio,
2295 4105 2477 4169 sciam,
2531 4107 2717 4171 inquit,

1655 4180 1720 4229 ad
1757 4181 1978 4235 hostem.
2015 4195 2080 4230 an
2116 4180 2183 4230 sd
2233 4181 2416 4242 filium,
2451 4183 2721 4234 venerim-⁹

1653 4255 1813 4308 ovid.
1844 4256 1981 4309 Met.
2021 4269 2148 4311 vm.
2194 4260 2310 4310 1⁷6.
2349 4260 2626 4313 ‘Deserta
2659 4262 2719 4314 et
