3060 4902
514 332 690 400 1068

516 494 807 544 consultum
832 491 1030 542 factum
1058 493 1144 549 sit.
1165 493 1333 555 latet;
1369 495 1579 546 interim

516 571 643 618 ritus
687 570 792 624 ille,
834 576 894 617 ιιι
937 571 1116 617 consul
1163 585 1327 620 novus
1383 574 1579 635 gratias

516 656 716 711 ageret,
738 664 767 696 e
801 648 1069 711 republica
1103 649 1270 700 libera
1300 650 1363 699 ad
1390 651 1578 714 princi-

516 736 691 786 patum
719 726 984 774 transiisse
1007 726 1235 775 videtur.
1303 728 1368 776 In
1392 729 1579 792 repub-

513 801 616 848 lica
639 802 803 849 libera
836 801 956 850 novi
992 803 1230 850 consules
1253 802 1303 852 in
1328 806 1578 855 concione

513 876 694 937 populi
725 875 1017 926 Quiritibus
1055 891 1149 940 pro
1183 880 1457 928 consulatu
1478 880 1575 929 sibi

514 951 688 1000 delato
734 951 924 1014 gratias
964 953 1220 1015 agebant3
1258 954 1353 1003 sub
1384 955 1577 1018 princi·

512 1036 639 1090 patu
676 1031 870 1093 gratias
905 1030 1132 1094 principi
1166 1032 1390 1094 agebant
1414 1032 1463 1081 in
1489 1048 1577 1082 cu·

514 1106 588 1152 ria
618 1111 674 1155 et
695 1114 898 1155 senatu.
966 1108 1179 1156 Rariore
1202 1109 1443 1172 exemplo
1468 1110 1577 1158 Pli-

512 1181 627 1229 nius
652 1181 735 1230 hic
757 1181 893 1231 dixit
910 1184 1186 1244 gratiarum
1206 1186 1435 1234 actionem
1465 1201 1576 1248 per-

498 1261 652 1316 sen-re,
687 1259 721 1307 i.
754 1275 802 1308 e.
836 1261 1111 1321 gratiarum
1153 1261 1410 1311 actionem
1452 1278 1575 1313 exe-

511 1336 616 1398 qui,
647 1335 712 1383 ad
743 1336 939 1385 exitum
974 1338 1281 1400 perducere,
1319 1348 1375 1389 et
1408 1338 1574 1389 finire.

512 1412 625 1459 Nec
650 1419 823 1461 tamen
847 1412 912 1461 de
934 1414 1153 1477 quadam
1179 1416 1466 1465 mutatione
1485 1417 1575 1465 ho-

508 1500 618 1535 rum
639 1488 912 1537 verborum
931 1491 1261 1552 cogitandum
1283 1499 1382 1553 est,
1396 1507 1576 1557 quam·

509 1564 602 1625 vis,
621 1573 904 1616 annotante
921 1566 1222 1630 Arntzeuio‚
1236 1569 1450 1617 Vossius
1468 1586 1573 1619 ma-

508 1640 668 1689 luerit
715 1642 904 1703 legere,
938 1645 1209 1703 gratiarum
1242 1645 1425 1695 actione
1460 1661 1569 1708 per-

506 1721 664 1777 orata,
695 1728 749 1766 et
775 1719 1009 1782 quamvis
1045 1721 1164 1768 milii
1199 1722 1473 1785 aliquando
1516 1724 1571 1773 in

508 1802 734 1842 mentem
756 1796 958 1844 venerit
975 1802 1186 1858 peracta.
1253 1797 1457 1860 Aperte
1480 1814 1568 1849 au·

509 1876 611 1917 tem
649 1871 884 1919 vitiosum
921 1881 1018 1927 est,
1043 1874 1179 1938 quod
1215 1874 1381 1922 codex
1411 1876 1567 1925 Pata·

506 1945 654 1993 vinus
695 1955 747 1993 et
781 1947 916 1994 liber
944 1948 1226 1997 Vossianus
1260 1950 1455 2001 babent
1486 1969 1567 2001 uc·

503 2021 632 2069 tione
662 2023 900 2083 praeclurs'.
969 2024 1083 2072 Nec
1116 2039 1247 2088 opus
1282 2033 1379 2082 est,
1406 2034 1463 2076 ut
1487 2043 1565 2078 re-

502 2097 728 2146 medium
784 2097 835 2146 in
881 2100 1132 2149 varietate
1185 2105 1567 2165 prepositionis

500 2187 604 2235 per,
624 2174 676 2222 in
707 2174 1000 2239 participio,
1019 2178 1223 2240 perlata,
1245 2193 1530 2243 quaeramus
1551 2197 1566 2242 ς

505 2250 628 2298 licet
665 2253 1077 2313 praepositiones,
1110 2269 1212 2315 per,
1241 2270 1350 2318 pro,
1373 2264 1427 2309 αι
1442 2271 1567 2320 proe,

506 2335 630 2382 tam,
652 2327 694 2374 si
719 2328 840 2375 solas
863 2334 1022 2390 stant,
1053 2346 1204 2394 quam
1236 2333 1276 2380 si
1310 2346 1425 2382 cum
1453 2348 1567 2382 ver-

502 2400 582 2450 bis
605 2412 999 2468 componuntur,
1025 2413 1238 2471 propter
1260 2409 1568 2472 compendia

503 2479 776 2540 scripturas
824 2483 957 2530 haud
1001 2497 1116 2531 raro
1155 2485 1565 2549 confundantur3

502 2564 654 2616 prout
678 2564 731 2603 et
768 2557 818 2603 in
858 2557 954 2607 lioc
987 2559 1100 2607 loco
1125 2575 1267 2609 meus
1292 2564 1454 2611 codex
1480 2564 1567 2612 lia-

501 2631 595 2678 bet
612 2632 834 2693 ιιι-Μαῖα,
858 2648 952 2696 pro
974 2637 1174 2697 perlutu-
1240 2638 1437 2703 Utique
1475 2656 1563 2689 au-

504 2715 608 2755 tem
634 2711 818 2769 perlata
853 2710 935 2759 liic
971 2714 1199 2773 ponitur,
1225 2729 1318 2777 pro
1344 2722 1359 2742 ‘
1380 2716 1564 2780 obita,'

500 2790 513 2810 ⁴
531 2783 779 2843 peracta,’
797 2787 811 2810 ‘
825 2784 1004 2834 finita-⁹
1042 2789 1129 2836 Sic
1146 2791 1361 2839 Sueton.
1379 2792 1562 2843 Claud.

499 2871 617 2921 cap.
644 2863 694 2906 6.
729 2858 881 2916 dixit,
905 2861 1170 2923 ‘perferre
1210 2866 1565 2932 legationem,’

498 2934 532 2983 i.
557 2948 605 2982 e.
629 2934 774 2983 obire
804 2944 861 2986 et
883 2940 1066 3003 exequi
1092 2941 1421 3002 legationem,
1449 2945 1561 2996 sive

497 3011 759 3074 legatione
812 3013 1072 3076 perfungi.
1150 3019 1346 3068 Eodem
1403 3036 1558 3072 seusu

497 3087 751 3137 Quinctil.
788 3089 960 3139 Instit.
997 3092 1151 3142 Orat.
1173 3107 1275 3143 vn.
1295 3100 1344 3146 4.
1371 3097 1386 3124 ‘
1410 3097 1559 3161 Hego

495 3166 850 3215 testimonium
879 3168 928 3216 iu
952 3169 1168 3218 Verrem
1192 3172 1414 3233 dixerat,
1440 3184 1560 3238 post

494 3241 750 3302 perlatam
789 3244 852 3306 (i.
881 3259 928 3294 e.
974 3244 1170 3296 obitam
1206 3256 1261 3298 ct
1302 3251 1365 3298 ad
1401 3250 1556 3301 finem

495 3317 828 3383 perductam)
877 3322 1240 3385 legationem.’
1310 3327 1419 3377 Cic.
1463 3344 1558 3392 pro

493 3393 647 3443 Rosc.
690 3396 868 3447 Amer.
903 3414 950 3448 c.
977 3404 1027 3450 4.
1064 3401 1221 3451 verbo
1256 3405 1561 3466 ‘perferre,’

493 3471 737 3533 opposuit
755 3476 770 3500 ‘
787 3476 957 3523 animo
975 3476 1199 3527 deficere
1218 3478 1249 3525 ι’
1281 3483 1296 3509 ‘
1316 3481 1406 3529 Sin
1425 3497 1453 3530 a
1471 3496 1558 3530 vo·

491 3545 588 3605 bis,
617 3546 668 3595 id
691 3549 826 3612 quod
864 3567 964 3601 non
998 3569 1174 3616 spero,
1206 3555 1447 3620 deserar3
1485 3567 1558 3608 ta·

491 3636 608 3670 men
634 3626 803 3673 animo
840 3642 939 3675 non
965 3630 1221 3690 deficiam,
1243 3643 1297 3684 et
1322 3635 1393 3698 id,
1416 3637 1554 3701 quod

491 3700 720 3762 suscepi,
765 3703 929 3766 quoad
986 3715 1190 3769 potero,
1247 3711 1560 3771 perferam.’

491 3776 614 3837 Ipse
653 3778 794 3827 Plin.
833 3780 1003 3841 Epist.
1037 3795 1075 3829 1.
1109 3787 1192 3831 23.
1227 3791 1242 3813 ‘
1264 3787 1553 3839 Plurimum

488 3852 728 3914 interest,
750 3857 870 3920 quid
896 3872 1012 3907 esse
1038 3861 1355 3912 tribunatum
1383 3874 1552 3931 putes,

486 3942 639 3993 quam
685 3945 957 3993 personam
1005 3934 1098 3983 tibi
1144 3937 1398 4003 imponas,
1434 3957 1552 4007 quae

487 4005 710 4067 sapienti
734 4008 842 4056 viro
877 4009 950 4058 ita
977 4013 1202 4072 aptanda
1228 4022 1326 4072 est,
1346 4024 1405 4066 ut
1432 4032 1550 4080 per·

485 4076 727 4140 feratur,’
749 4082 783 4132 i.
810 4096 857 4132 e.
894 4083 958 4132 ad
993 4084 1146 4135 finem
1184 4103 1345 4154 usque
1383 4091 1550 4142 tribu*-

485 4159 638 4202 natns
671 4158 1001 4208 sustineatur.
1068 4162 1200 4212 Haec
1225 4165 1431 4216 dicendi
1468 4183 1549 4218 ra·

485 4227 561 4277 tio
580 4231 739 4280 etiam
773 4235 824 4283 in
855 4237 1076 4288 comitiis
1102 4239 1448 4295 Romanorum
1473 4246 1547 4295 lo-

1209 351 1428 399 No'rAE
1479 351 1884 406 VARIORUM
1938 358 2021 407 m

1657 512 1773 549 cum
1796 500 2000 564 babuit,
2024 502 2113 553 ubi
2137 502 2417 556 dicebatur
2449 513 2466 536 ‘
2486 507 2737 573 rogatio,'

1659 582 1714 621 et
1752 582 1766 603 ⁸
1792 576 1875 624 lex
1916 576 2178 640 perferri,'
2216 581 2351 645 quod
2386 583 2570 645 vulgus
2608 584 2732 632 dix-

1658 651 1776 707 erit,
1833 655 2120 716 perducere
2183 658 2247 705 sd
2309 658 2730 712 ratificationem.

1656 727 1830 777 Etiam
1865 738 2071 781 veteres
2103 733 2451 796 jureconsulti
2495 737 2549 785 in
2585 737 2728 786 Pan-

1656 802 1824 853 dectis
1866 810 2052 870 passim
2090 810 2294 867 dicunt,
2337 811 2607 875 ‘perferri
2649 814 2729 862 in·

1655 878 1871 930 officiosi
1908 886 2191 948 querelam,
2237 887 2405 951 litem,
2446 889 2729 954 caussam‚’

1654 958 1754 1005 διο.
1791 958 2035 1011 Schmun-2.

1725 1035 2000 1101 Concedite]
2037 1038 2217 1088 Codex
2253 1053 2398 1087 mens
2431 1040 2588 1090 habet
2619 1056 2725 1091 cre·

1652 1107 1784 1166 dim
1808 1110 1898 1159 sed
1921 1114 2044 1162 nihil
2070 1120 2151 1163 est
2173 1114 2541 1164 innovandum.
2570 1117 2726 1168 [dem.

1722 1186 1917 1250 Collega
1959 1189 2082 1252 meo]
2139 1190 2278 1241 Vide
2324 1192 2498 1254 Epist.
2543 1205 2597 1240 v.
2640 1198 2726 1243 1⁵.

1654 1262 1792 1324 Lips-

1721 1340 1956 1403 Ter-tuuc]
1994 1341 2124 1391 Viro
2162 1350 2363 1398 sancto,
2399 1352 2453 1394 et
2490 1346 2541 1395 in
2577 1347 2720 1396 omni

1651 1413 1803 1462 laude
1828 1417 1979 1465 simili
2001 1418 2458 1483 antiquis,collega
2474 1421 2721 1471 Secundo

1651 1489 1702 1536 in
1751 1490 2064 1552 praefectura
2112 1496 2281 1544 aerarii
2323 1505 2378 1546 et
2429 1499 2720 1548 consulatu.

1651 1564 1790 1613 Pli'n.
1817 1568 1982 1630 Epist.
2003 1581 2069 1617 n.
2094 1573 2144 1617 9.
2177 1570 2331 1619 Bern-

1717 1643 1994 1693 Clurt'ssimo
2011 1645 2141 1708 ciro]
2176 1648 2562 1697 Consuloeries'ro.
2599 1649 2722 1697 Fat-

1648 1731 1703 1765 ει
1741 1719 1916 1780 lectio,
1952 1736 2122 1785 neque
2153 1724 2289 1772 enim
2320 1724 2587 1775 Tertullus
2622 1733 2719 1775 aut

1647 1797 1972 1847 consulatum
2005 1799 2170 1861 (qnod
2206 1801 2558 1863 meminerim)
2580 1816 2715 1864 prae-

1648 1877 1728 1918 ter
1751 1872 1886 1922 hunc
1909 1875 2087 1938 gessit,
2110 1882 2202 1924 aut
2235 1875 2330 1924 hoc
2356 1877 2469 1940 ipso
2493 1877 2719 1928 defunc·

1649 1950 1749 1994 tus.
1788 1948 1945 1996 Patet
1968 1957 2200 1998 extremo
2224 1951 2715 2015 Panegyrico,‘non

1648 2030 1701 2070 ut
1725 2037 1806 2072 me
1830 2025 2110 2087 consulem,
2128 2041 2189 2075 ac
2214 2042 2331 2076 mox
2348 2030 2720 2093 consularem:

1642 2097 1738 2147 διο.
1790 2099 1977 2164 Itaque
2008 2115 2212 2164 sequor,
2234 2103 2372 2166 qnod
2396 2102 2447 2151 in
2472 2104 2537 2152 V.
2560 2106 2622 2154 C.
2646 2106 2714 2155 R.

1644 2174 1871 2236 repperi,
1899 2176 1959 2223 C.
1991 2176 2052 2225 V.
2082 2177 2133 2225 id
2165 2186 2265 2239 est,
2293 2179 2562 2229 clarissim
2593 2182 2718 2230 vire.

1644 2250 1840 2300 Confer
1862 2253 2085 2304 auctoris
2111 2256 2280 2317 Epist·
2302 2269 2356 2304 v.
2375 2260 2456 2305 15.
2490 2258 2660 2308 Livia.

1713 2329 1991 2378 Clarissimo
2014 2332 2273 2396 οἰκῇ-ΗΕ
2299 2347 2454 2382 voces
2477 2335 2530 2383 iu
2549 2334 2716 2384 Pata·
2742 2394 2757 2406 .

1645 2403 1739 2453 roli
1776 2405 2024 2469 editione,
2055 2410 2335 2470 nescio‚an
2370 2410 2528 2474 culpa
2560 2417 2714 2477 typo·

1643 2478 2072 2547 graphi,·prorsus
2096 2496 2217 2535 sunt
2241 2488 2461 2537 omissae.
2518 2488 2582 2537 In
2603 2505 2714 2540 om·

1641 2557 1791 2607 nibus
1828 2561 2092 2611 codicibus
2138 2564 2268 2613 Mss.
2311 2571 2368 2613 et
2412 2566 2465 2614 in
2509 2567 2714 2633 aliquot

1641 2635 1976 2699 editionibus,
1998 2648 2198 2689 tautum
2232 2654 2331 2703 per
2353 2643 2529 2705 siglas,
2557 2644 2618 2691 C.
2651 2644 2715 2693 V.

1639 2710 2010 2774 designantur3
2051 2730 2167 2779 quae
2204 2717 2350 2780 siglae
2385 2718 2436 2766 in
2473 2722 2710 2783 margine

1639 2787 1830 2835 codicis
1876 2789 2118 2840 Patavini
2162 2792 2386 2843 absurde
2439 2797 2712 2865 explican-

1640 2868 1743 2926 tur,
1787 2867 2051 2916 mutatui
2095 2874 2267 2940 vestr-05
2343 2869 2419 2920 At
2467 2874 2713 2923 mulas-s·

1634 2939 1739 2987 ciro
1776 2940 1827 2989 in
1866 2942 2004 2991 notis
2040 2944 2199 2995 habet
2228 2948 2525 3003 cataneus,
2559 2959 2618 2999 et
2652 2951 2709 2999 in

1635 3016 1749 3080 ipso
1804 3027 2055 3070 contextu
2109 3033 2477 3087 expresserunt
2520 3025 2708 3084 Aldus,

1634 3093 1903 3157 Stephani,
1926 3097 2211 3163 Gryphius,
2234 3101 2528 3165 sichardus,
2563 3103 2709 3154 Box-

1632 3170 1863 3234 hornius,
1909 3182 1965 3222 et
2022 3175 2127 3223 alii.
2193 3176 2294 3226 Sed
2351 3176 2531 3228 falsam
2589 3196 2705 3232 esse

1633 3246 1765 3296 hanc
1810 3249 2314 3315 interpretationem,
2346 3255 2460 3318 jam
2500 3260 2708 3309 monuit

1633 3325 1933 3389 Livineius3
1979 3337 2035 3379 et
2092 3337 2270 3381 noster
2325 3332 2594 3396 Rupertns
2645 3337 2707 3387 in

1634 3403 1791 3451 Floro
1810 3405 2102 3466 Illustrato,
2126 3422 2177 3470 p.
2193 3411 2313 3459 ⁵⁷1.
2332 3411 2489 3459 etiam
2509 3414 2699 3464 maluit

1631 3480 1890 3529 clarissimo
1922 3483 2059 3541 νίν-ο,-
2093 3484 2226 3548 quod
2263 3485 2315 3533 in
2351 3487 2560 3547 vulgata
2595 3491 2705 3540 lee-

1634 3557 1795 3621 tioue,
1816 3559 1927 3607 sive
1951 3561 1966 3586 ⁸
1982 3561 2337 3610 consularem’
2366 3564 2707 3627 accipiamus,

1631 3646 1726 3696 pro
1772 3648 1833 3683 eo
1869 3636 1956 3699 qui
2002 3637 2323 3686 consulatum
2355 3638 2470 3702 jam
2516 3644 2706 3704 gessit,

1631 3725 1746 3775 qnoe
1796 3711 2130 3763 usitatissima
2173 3714 2321 3779 hujus
2366 3717 2509 3766 vocis
2553 3721 2706 3771 notio

1630 3796 1727 3844 est,
1764 3788 1873 3838 sive
1917 3804 2011 3852 pro
2057 3804 2121 3840 eo
2161 3794 2248 3856 qui
2290 3800 2399 3842 tum
2445 3796 2704 3860 gerebat3

1627 3872 1869 3913 neutrum
1908 3865 2067 3915 habet
2112 3868 2301 3916 locum.
2369 3869 2490 3918 Non
2530 3871 2700 3936 illnd3

1628 3941 1749 4004 quia
1781 3940 2049 3990 Tertullus
2085 3944 2277 3992 nullum
2314 3944 2469 3994 alium
2512 3962 2702 4001 consu-

1625 4015 1787 4065 latum
1839 4023 1998 4066 antea
2048 4018 2264 4080 gessisse
2308 4021 2534 4082 legitur:
2561 4050 2568 4055 -
2594 4039 2700 4075 non

1624 4092 1798 4154 istud3
1833 4093 1953 4155 quis
1988 4093 2173 4157 putida
2204 4098 2504 4158 ταυτολογία
2535 4097 2698 4166 foret,

1622 4176 1637 4198 ‘
1652 4170 1930 4218 consulem'
1944 4184 1974 4218 a
1988 4171 2198 4222 consule
2213 4170 2334 4228 dici,
2348 4176 2434 4239 qui
2444 4177 2556 4238 jam
2571 4193 2699 4228 con-

1624 4245 1748 4295 sulis
1794 4246 1995 4311 collega
2031 4245 2135 4298 fuit
2174 4247 2363 4300 dictus.
2442 4251 2696 4306 Ceterum
