3060 4902
828 365 890 409 c.
937 360 1177 410 PLINH
1230 358 1562 426 &acuunt
1617 362 1891 410 muno.

387 505 675 562 Ciceronis,
695 504 975 554 adversari.
990 503 1047 554 Si
1065 503 1200 554 enim
1226 511 1454 554 mentem

384 582 726 635 Quinctilium
751 588 890 629 recte
916 582 1089 644 capio,
1117 582 1191 630 ita
1215 581 1354 629 illum
1383 580 1454 629 lo·

382 672 504 710 cum
535 659 671 720 lego,
696 656 782 721 qui
813 657 943 705 alias
968 657 1119 704 variis
1140 655 1454 705 lectionibus

381 749 488 784 non
527 748 708 796 parum
743 740 1021 795 corruptus
1061 743 1168 781 est:
1206 733 1296 782 ‘Si
1322 732 1454 781 anti·

385 825 545 873 quum
567 822 852 857 sermonem
880 816 1052 856 nostro
1076 823 1451 871 comparemus,

385 900 539 947 paeue
557 885 688 946 jam,
717 883 965 946 quidquid
993 885 1264 947 loquimur,
1286 883 1453 946 figura

384 965 501 1009 estx
540 966 618 1019 ut,
638 958 725 1007 huc
752 974 804 1006 re
827 958 1077 1015 invidere5
1118 974 1240 1019 non,
1262 967 1322 1009 ut
1345 975 1449 1008 om-

385 1051 478 1085 nes
496 1044 720 1099 veteres,
744 1043 799 1084 et
817 1036 998 1086 Cicero
1026 1037 1311 1099 praecipue,
1331 1037 1452 1085 hunc

382 1113 522 1177 τηυξ
561 1115 660 1161 &c.
721 1113 887 1161 Sicuti
921 1126 1049 1175 ergo
1092 1115 1173 1161 vix
1206 1113 1452 1162 credibile

386 1197 485 1245 est,
536 1188 756 1237 Plinium
803 1190 1008 1237 omnino
1051 1190 1311 1252 sprevisse
1352 1192 1450 1239 hoc

386 1266 747 1327 Quinctiliani,
780 1266 1121 1328 praeceptoris
1147 1267 1242 1321 sui,
1260 1266 1453 1329 judici-

385 1359 510 1402 nm;
552 1344 648 1404 ita,
680 1342 731 1391 in
771 1350 851 1391 tot
894 1342 1141 1391 librorum
1180 1357 1453 1398 consensu,

385 1421 567 1484 utique
593 1419 907 1469 tutissimum
930 1426 1029 1479 est,
1050 1420 1194 1483 sequi
1219 1434 1331 1468 eam
1350 1421 1454 1468 lec·

384 1498 584 1547 tionem
607 1512 723 1562 quae
768 1495 1029 1545 veteribus
1057 1496 1290 1559 probatae
1312 1496 1452 1544 Lati·

386 1575 571 1625 nitatis
593 1572 912 1635 auctoribus,
935 1582 991 1622 et
1016 1573 1277 1637 praecipue
1305 1572 1451 1621 Cice·

384 1652 524 1713 roni,
566 1660 647 1700 est
690 1649 969 1700 conformis
1000 1666 1012 1696 :
1069 1665 1184 1697 cum
1232 1650 1452 1698 maxime

384 1729 502 1792 ipse
540 1729 676 1779 Plin.
709 1728 879 1790 Epist.
916 1740 957 1776 1.
986 1732 1034 1774 5.
1074 1725 1333 1788 professus
1369 1728 1453 1782 sit,

383 1805 488 1855 sibi
512 1819 623 1853 esse
646 1818 762 1853 cum
784 1803 1037 1853 Cicerone
1056 1804 1454 1863 aemulationem,

385 1894 560 1945 neque
583 1894 641 1928 se
674 1893 789 1929 esse
821 1887 1126 1928 contentum
1156 1880 1454 1944 eloquentia

386 1958 570 2007 seculi
594 1956 691 2004 sni.
728 1956 879 2004 Idem.

453 2034 525 2083 Et
573 2032 809 2095 exercitu]
866 2031 928 2081 In
973 2032 1153 2081 codice
1195 2033 1452 2082 Vaticano

383 2113 536 2159 3461.
560 2108 1040 2172 ΟιιεΙρΙιει-δγῑιιηο,
1060 2111 1264 2159 Veneto
1288 2115 1330 2160 1.
1352 2111 1454 2159 Pa·

383 2185 582 2242 tavino,
607 2186 835 2249 itemque
855 2185 1021 2234 altero
1042 2183 1174 2234 libro
1190 2184 1454 2246 Gudiauo,

384 2275 484 2325 pro
526 2263 756 2318 exercita,
799 2261 1016 2325 legimus
1067 2263 1407 2311 exercitatione
1435 2278 1453 2319 ,·

385 2338 649 2399 vulgatam
696 2345 866 2387 tamen
906 2337 1179 2386 lectionem
1227 2337 1453 2387 nondum

382 2413 503 2463 loco
546 2427 747 2463 moveo.
816 2412 940 2462 Viro
987 2413 1281 2477 Christoph.
1319 2413 1454 2478 Aug.

385 2489 701 2540 Heumanno
726 2491 923 2539 Plinius
961 2490 1171 2540 videtur
1212 2491 1451 2540 recorda-

385 2574 472 2617 tus
495 2582 609 2616 esse
634 2568 906 2617 verborum
931 2567 1194 2616 Ciceronis
1215 2583 1277 2616 ex
1305 2568 1453 2617 Orat.

383 2658 483 2709 pro
500 2645 713 2700 Milone,
733 2658 849 2707 cap.
872 2649 921 2692 2.
945 2644 959 2670 ‘
982 2643 1120 2694 Quid
1144 2644 1291 2693 nobis
1311 2645 1450 2693 labo-

382 2720 588 2777 riosius.
634 2720 756 2785 quid
793 2720 953 2781 magis
991 2721 1295 2775 exercitum,
1331 2721 1453 2783 dici,

384 2805 478 2848 aut
495 2797 640 2860 fingi,
671 2804 845 2860 potest
870 2795 907 2844 θ’
926 2795 1178 2861 Equidem
1206 2797 1325 2844 nihil
1347 2798 1452 2845 sin·

385 2876 567 2938 gulare
595 2881 697 2937 est,
732 2873 774 2922 si
807 2873 1035 2922 homines
1069 2873 1310 2922 dicautur
1347 2875 1451 2922 ‘la-

382 2949 605 3002 boriosi'
643 2958 700 2999 et
744 2950 760 2978 ‘
783 2949 1041 3012 exerciti,'
1078 2949 1154 2998 uti
1202 2950 1256 2999 in
1295 2951 1452 2999 allato

385 3027 659 3079 Ciceronis
683 3028 829 3087 loco;
854 3033 907 3074 et
930 3024 1065 3088 apud
1092 3026 1313 3075 Plinium
1341 3041 1452 3075 nos·

385 3110 547 3163 trum,
572 3103 738 3166 Epist.
756 3117 808 3152 v.
832 3106 910 3150 13.
933 3108 947 3130 ⁴
967 3103 1270 3165 Unquamne
1296 3103 1450 3151 vidis·

386 3180 427 3228 ti
451 3193 738 3244 quenquam
764 3186 866 3226 tam
893 3176 1201 3227 laboriosum
1225 3185 1278 3226 et
1303 3192 1452 3227 exer·

384 3257 566 3316 citum,
594 3271 747 3319 quam
785 3256 1045 3304 Varenum
1085 3254 1311 3304 meum?
1380 3256 1452 3305 At

384 3347 490 3381 non
527 3331 622 3380 nisi
661 3346 756 3394 per
786 3340 992 3394 tropum
1030 3331 1142 3379 aliae
1179 3332 1335 3380 ettam
1370 3346 1452 3381 res

385 3408 633 3457 dicuntur
657 3408 925 3457 laboriosa
950 3416 1005 3454 et
1037 3408 1303 3468 exercitae,
1337 3422 1451 3470 quae

382 3484 534 3534 nobis
556 3485 771 3533 multum
809 3482 998 3532 laboris
1026 3481 1310 3539 facessunt,
1334 3498 1450 3532 nos·

386 3574 487 3625 que
508 3560 647 3609 curis
664 3560 838 3608 multis
853 3567 907 3609 et
928 3559 1147 3622 negotiis
1168 3568 1416 3609 exercent
1435 3576 1450 3620 ς

386 3638 463 3685 nti
489 3636 585 3684 hoc
610 3637 722 3684 loco
746 3635 949 3698 imperii
976 3637 1356 3685 administratio
1377 3636 1451 3684 di·

384 3714 523 3764 citur
566 3715 759 3763 ‘statio
803 3714 1056 3762 laboriosa
1089 3722 1144 3762 et
1187 3713 1456 3763 exercita.’

385 3790 478 3839 Sic
505 3804 626 3839 vero
664 3789 864 3838 Plinius
902 3798 1076 3839 noster
1102 3790 1259 3838 etiam
1285 3790 1452 3853 Epist.

388 3880 494 3916 vlt.
520 3872 568 3915 2.
604 3868 620 3894 ‘
642 3866 826 3914 Patiar
860 3881 988 3927 ergo
1016 3872 1249 3915 estatem
1286 3866 1452 3929 inqui·

383 3949 524 3992 etam
566 3942 711 3991 vobis
757 3943 1147 4005 exercitamque
1197 3952 1451 3992 transcur-

386 4018 537 4069 rere!
608 4020 676 4068 Et
702 4017 856 4080 iufra,
880 4019 1077 4081 Paneg.
1102 4032 1217 4067 xcr.
1242 4024 1290 4069 l.
1325 4020 1340 4046 ‘
1361 4019 1452 4069 Of-

385 4097 558 4147 ficium
578 4096 1028 4145 laboriosissimum
1062 4104 1116 4145 et
1142 4096 1457 4147 maximum!

385 4174 587 4225 Plinius
633 4172 809 4235 Major
846 4184 948 4221 vn.
986 4176 1035 4220 8.
1073 4171 1137 4220 de
1174 4172 1449 4236 Agrippa:

384 4258 399 4281 ⁴
421 4248 878 4314 Miserajuventa,
913 4247 1149 4298 exercito
1182 4249 1453 4308 aevointer

1975 363 2024 412 t.
2057 346 2165 411 86.
2424 345 2596 412 1045

1528 519 1672 553 arma
1697 505 2004 570 motusque!
2073 506 2288 555 Suetou.
2319 504 2436 553 Tib.
2466 518 2511 553 c.
2549 509 2598 553 6.

1530 579 1848 629 ‘Infantiam
1897 580 2272 644 pueritiamque
2308 580 2487 630 babuit
2522 580 2596 628 la-

1529 656 1785 705 boriosam
1808 662 1861 704 et
1888 656 2211 706 exercitam)
2247 658 2399 706 Idem.

1596 731 1852 780 Laboriosa
1896 732 1988 780 istu
2028 733 2230 780 statione
2271 740 2317 780 et
2361 732 2598 794 exercitu]

1529 807 1730 858 Auctor
1754 809 1924 872 Epist.
1947 822 2028 857 vt.
2054 813 2135 858 13.
2157 810 2171 836 ‘
2198 810 2504 873 Unquamne
2521 811 2595 859 vi·

1529 887 1655 935 disti
1700 902 2008 951 quemquam
2054 897 2158 935 tam
2197 886 2505 935 laboriosum
2542 895 2597 936 et

1528 965 1836 1018 exercitum.
1881 978 2034 1028 quam
2072 964 2332 1013 Varenum
2377 979 2543 1012 meum
2562 964 2600 1013 ?’

1530 1041 1745 1089 Sueton.
1767 1039 1880 1089 Tib.
1910 1054 2027 1103 cap.
2059 1043 2108 1088 6.
2129 1045 2143 1067 ·
2165 1037 2445 1088 Infantiam
2473 1055 2596 1104 pue·

1532 1117 1804 1180 ritiamque
1828 1117 2006 1167 babuit
2035 1114 2343 1165 laboriosam
2368 1123 2423 1164 et
2446 1130 2595 1165 exer·

1530 1192 1706 1254 citam,
1728 1208 1899 1242 comes
1929 1206 2297 1256 usquequaque
2322 1200 2596 1255 parentum

1530 1266 1706 1331 fugae:
1761 1269 1883 1317 Scio
1909 1268 2063 1317 aliter
2083 1268 2278 1331 vulgari
2298 1283 2314 1327 ς
2338 1267 2426 1316 sed
2446 1268 2597 1317 Larn-

1532 1345 1651 1392 bino
1689 1345 1944 1393 assentior
1996 1343 2071 1392 sic
2127 1344 2323 1406 legenti
2373 1345 2454 1391 vel
2500 1344 2596 1398 bac

1530 1420 1750 1469 maxime
1783 1420 1934 1468 Plinii
1961 1419 2295 1469 auctoritate.
2366 1420 2476 1467 Cic.
2504 1434 2597 1482 pro

1530 1497 1646 1546 Mil.
1672 1504 1685 1527 ‘
1711 1496 1850 1548 Quid
1885 1497 2021 1545 enim
2047 1495 2194 1545 nobis
2219 1495 2599 1558 duobus,judi-

1529 1589 1640 1633 ces,
1682 1573 2005 1634 laboriosius,
2040 1572 2164 1637 quid
2202 1573 2362 1634 magis
2407 1573 2596 1622 sollici·

1533 1659 1661 1710 tum,
1687 1650 1849 1713 magis
1878 1650 2167 1698 exercitum
2202 1649 2324 1704 dici,
2348 1657 2437 1698 ant
2474 1649 2597 1713 fingi

1533 1726 1759 1790 potesti’
1795 1726 1959 1774 Livia.

1597 1803 1700 1852 Res
1731 1801 1935 1865 optimu]
1969 1802 2161 1852 Quidni
2206 1802 2437 1864 optima?
2480 1816 2595 1852 meo

1528 1879 1714 1928 intimo
1737 1879 1926 1933 animo,
1949 1885 2004 1927 et
2031 1878 2261 1927 Socratis
2283 1877 2444 1940 dicto,
2468 1883 2595 1940 Σχο-

1526 1953 1592 2013 a),
1618 1953 1886 2004 κάλλιπον
1919 1953 2190 2013 κτημάτων,
2229 1954 2393 2010 Quies,
2421 1958 2599 2018 optimu

1528 2049 1704 2082 rerum.
1738 2034 1841 2083 Adi
1862 2035 2107 2083 Senecam
2127 2039 2359 2082 nostrum
2384 2034 2447 2082 de
2472 2035 2598 2084 Bre-

1532 2112 1626 2159 vit.
1649 2127 1765 2173 cap.
1790 2117 1837 2160 5.
1878 2112 2015 2173 Lips.

1599 2188 1932 2246 confusionem
1968 2187 2120 2250 tuam]
2159 2184 2218 2234 ld
2252 2192 2331 2236 est
2361 2187 2596 2236 moestiti·

1532 2279 1612 2313 arn
1634 2273 1685 2312 et
1702 2264 2160 2326 perturbationem,
2177 2262 2430 2322 σύγχυσιν.
2456 2261 2594 2313 Auc-

1532 2349 1617 2390 tor
1639 2341 1811 2405 Epist.
1832 2355 1868 2390 t.
1885 2344 1969 2389 22.
1993 2343 2008 2368 ‘
2026 2340 2140 2387 Erit
2158 2337 2445 2387 confusioni
2467 2353 2595 2388 meae

1532 2431 1631 2466 non
1679 2416 1940 2465 mediocre
1982 2415 2241 2470 solatium.
2285 2415 2325 2463 si
2371 2422 2424 2464 tu
2472 2415 2595 2464 nibil

1530 2492 1798 2557 quereris.’
1833 2507 1922 2543 ιιι.
1949 2498 2027 2542 10.
2060 2491 2075 2518 ‘
2097 2493 2368 2540 Praeterea
2400 2491 2595 2540 veritus

1529 2585 1661 2634 sum,
1686 2585 1750 2619 ne
1784 2584 1873 2620 vos
1911 2569 2063 2618 festis
2094 2568 2278 2618 diebus
2309 2567 2596 2617 confunde-

1530 2662 1660 2709 rem,
1694 2648 1735 2696 si
1773 2648 1823 2695 in
1859 2646 2158 2696 memoriam
2182 2644 2465 2707 gravissimi
2491 2645 2596 2693 luc-

1530 2731 1612 2772 tus
1639 2722 1989 2773 reduxissem.'
2031 2724 2101 2771 Et
2125 2722 2244 2771 alibi
2271 2719 2593 2785 frequenter.

1527 2801 1799 2852 Juvenalis
1823 2801 1936 2848 Sat.
1959 2813 2047 2847 ιιι.
2087 2805 2100 2826 ·
2123 2798 2371 2849 Quamvis
2397 2797 2595 2861 digres-

1530 2891 1592 2926 su
1619 2877 1809 2925 veteris
1828 2875 2073 2924 confusus
2089 2873 2280 2932 amici,'
2299 2878 2396 2922 Sec.
2432 2874 2596 2925 Livia.

1599 2951 1953 3013 Confusionem]
1987 2951 2293 3005 Tristitiam,
2312 2951 2467 2999 animi
2491 2958 2595 2999 tur-

1529 3029 1813 3088 bationem,
1861 3028 2129 3088 utiturque
2167 3027 2282 3087 plus
2322 3026 2481 3073 semel
2520 3028 2596 3075 ita

1527 3105 1745 3158 Plinius,
1767 3112 1822 3152 et
1845 3103 1959 3166 ejus
1984 3101 2079 3149 aevi
2107 3103 2406 3163 scriptores.
2441 3102 2574 3165 Lips.

1598 3180 1930 3239 Confusionem
1953 3175 2108 3238 tuum]
2159 3176 2205 3225 Ι.
2230 3192 2276 3225 e.
2295 3179 2593 3227 moestitiam

1527 3264 1582 3305 et
1607 3256 1762 3304 animi
1800 3254 2164 3303 turbationem.
2232 3253 2410 3302 Codex
2436 3253 2595 3302 Pata·

1528 3333 1675 3380 vinus
1713 3343 1766 3380 et
1816 3331 1944 3378 liber
1988 3328 2266 3377 Vossianus
2315 3343 2593 3392 perperam

1527 3409 1773 3458 exhibent
1796 3406 2131 3465 confessionem
2160 3412 2307 3453 tuam.
2380 3407 2594 3470 Noster,

1528 3487 1699 3548 Epist.
1741 3499 1777 3533 ι.
1814 3487 1896 3532 22.
1927 3487 1943 3512 ⁴
1967 3482 2081 3530 Erit
2127 3480 2416 3531 confusioni
2462 3498 2593 3532 meae

1528 3577 1631 3610 non
1651 3561 1910 3613 mediocre
1930 3556 2207 3606 solatium)
2245 3559 2377 3608 Vell.
2401 3572 2464 3609 tt.
2485 3565 2596 3611 181.

1529 3646 1544 3667 ‘
1566 3637 1703 3689 Quid
1747 3644 1870 3686 tunc
1905 3635 2134 3682 homines
2171 3634 2455 3696 timuerint,
2477 3650 2593 3698 quae

1526 3723 1734 3764 senatus
1760 3711 2059 3775 trepidatio,
2084 3725 2198 3773 quae
2218 3712 2391 3772 populi
2414 3711 2595 3760 confu.

1529 3793 1626 3853 sio,
1651 3792 1764 3855 quis
1788 3789 1922 3839 orbis
1949 3787 2151 3843 metus,'
2173 3792 2271 3835 dcc.
2317 3788 2426 3836 Val.
2451 3788 2595 3838 Max.

1528 3882 1618 3919 111.
1639 3872 1689 3917 8.
1711 3872 1760 3916 6.
1784 3870 1799 3895 ‘
1820 3866 1880 3915 In
1907 3865 2128 3914 maxima
2146 3863 2448 3912 confusione
2469 3865 2596 3915 nibil

1529 3962 1561 3995 a
1603 3954 1807 3995 tuorum
1853 3940 2197 4004 amplitudine
2245 3940 2595 4003 degenerasti.

1528 4024 1725 4073 Coacta
1747 4035 1803 4070 es
1828 4018 2014 4067 coloci
2047 4017 2306 4078 insistere,
2343 4018 2428 4066 ubi
2455 4020 2593 4081 prin·

1527 4099 1700 4162 cipum
1724 4094 1949 4146 civitatis
1975 4091 2266 4156 perturbari
2296 4091 2439 4141 frons
2464 4096 2595 4145 sole·

1528 4172 1658 4223 bat.'
1691 4172 2042 4231 Petromcap.
2069 4171 2181 4215 101.
2201 4168 2216 4195 ⁴
2239 4169 2445 4218 Poteris
2460 4171 2594 4221 hanc

1526 4246 1930 4308 simulationem,
1968 4251 2025 4293 et
2057 4243 2318 4306 lacrymis,
2346 4252 2402 4294 et
2428 4248 2596 4315 vultus
