3060 4902
496 370 628 435 552

495 535 780 590 oratorum,
803 546 920 596 quoe
959 547 1060 584 non
1096 537 1261 585 solum
1294 537 1358 587 sd
1399 545 1564 589 trans-

498 606 653 656 eundi
682 609 952 673 rationem,
976 611 1066 661 sed
1092 614 1248 662 etiam
1283 617 1349 664 ad
1389 624 1562 665 atten-

497 680 689 731 tionem
717 687 1082 746 renovandam,
1117 690 1430 755 taediumque
1474 708 1562 741 au·

495 757 722 809 diturum
748 761 1148 821 discutiendum,
1171 776 1252 816 est
1274 783 1561 817 accommo-

494 832 654 895 data3
686 849 783 885 nec
825 839 990 887 miuus
1028 841 1304 905 aliquando
1342 845 1406 893 ad
1454 859 1561 893 rem

493 912 906 973 exaggerandam
950 916 1106 966 valet.
1196 919 1362 969 Sicuti
1403 923 1563 984 enim,

494 987 629 1049 quod
677 988 795 1038 διο.
846 990 927 1039 De
977 992 1027 1041 la
1077 995 1258 1043 Baune
1310 997 1373 1045 ad
1426 999 1475 1048 Ιι.
1529 1000 1562 1048 l.

490 1064 695 1121 scribit,
722 1064 771 1113 in
806 1067 1033 1117 tenebris
1065 1072 1259 1134 majora
1286 1074 1435 1123 nobis
1466 1075 1561 1125 fin·

493 1141 660 1204 gimus
712 1144 902 1208 omnia,
958 1162 1111 1210 quam
1167 1151 1220 1197 in
1276 1153 1423 1213 luce;
1487 1154 1561 1202 sic

491 1230 608 1280 quae
653 1220 1063 1284 supprimuntur,
1100 1233 1188 1274 aut
1228 1228 1370 1277 velut
1414 1236 1559 1278 tene-

491 1293 597 1342 bris
666 1295 969 1357 quibusdam
1038 1301 1425 1354 absconduntur
1492 1306 1559 1356 ab

492 1379 724 1429 oratore,
771 1374 929 1424 facile
974 1377 1039 1427 ab
1086 1379 1408 1433 auditoribus
1453 1399 1560 1434 ma·

481 1447 603 1509 ,iota
631 1450 848 1512 cogitari
882 1451 1111 1516 fingique
1138 1467 1370 1520 possunt.
1440 1462 1559 1512 Quo

490 1525 711 1574 consilio
730 1529 982 1579 Quinctil.
1002 1531 1183 1582 Instit.
1210 1536 1359 1585 Orat.
1386 1550 1449 1588 11.
1475 1542 1556 1589 13.

489 1605 504 1626 ⁸
538 1600 601 1648 Iu
647 1604 922 1662 oratioue‚'
978 1608 1169 1671 inquit,
1223 1615 1239 1638 ‘
1271 1613 1557 1675 operienda

489 1684 612 1725 sunt
642 1678 913 1742 quaedam3
949 1682 1057 1730 sive
1091 1686 1295 1735 ostendi
1332 1703 1430 1737 non
1465 1690 1555 1739 de·

489 1753 681 1813 beant3
732 1756 842 1804 sive
889 1759 1110 1821 exprimi
1155 1777 1250 1824 pro
1298 1764 1555 1829 dignitate

487 1842 592 1877 non
632 1830 866 1892 possint:
906 1841 964 1881 ut
1003 1833 1131 1885 fecit
1164 1838 1464 1891 Timanthes
1502 1845 1553 1892 in

491 1906 689 1955 tabula.
754 1909 888 1958 Nam
922 1926 1038 1961 eum
1064 1914 1113 1962 in
1141 1916 1428 1979 Iphigenia!
1463 1921 1555 1969 im·

487 1982 769 2032 molatioue
794 1985 1046 2048 pinxisset
1080 1991 1278 2041 tristem
1302 1995 1555 2046 Calchan·

491 2065 613 2112 tem,
674 2060 951 2110 tristiorem
1009 2065 1273 2129 Ulyssem;
1333 2071 1555 2130 addidit,

488 2149 640 2197 quem
685 2150 936 2187 summum
982 2150 1192 2202 poterat
1227 2160 1309 2194 ars
1346 2146 1555 2199 efficere

485 2225 781 2262 moerorem.
835 2215 1131 2267 Consumtis
1148 2218 1432 2278 affectibus,
1453 2239 1553 2274 non

487 2290 776 2352 reperiens,
824 2307 925 2355 quo
972 2292 1128 2357 digne
1187 2298 1339 2348 modo
1393 2302 1555 2363 patris

486 2366 687 2416 vultum
743 2378 920 2431 posset
976 2372 1298 2437 exprimere3
1365 2379 1557 2427 velavit.

486 2440 601 2504 ejus
625 2456 803 2507 caput,
824 2454 875 2495 et
900 2461 991 2496 suo
1011 2448 1198 2512 cuique
1219 2453 1389 2501 auimo
1408 2451 1555 2504 dedit

487 2518 887 2569 aestimandttm.'
954 2526 969 2551 ⁴
994 2523 1177 2573 Nonne
1202 2526 1356 2589 liuie,'
1388 2530 1554 2592 inquit

485 2592 623 2642 idem
649 2597 1048 2656 Quinctiliunus‚
1087 2601 1103 2627 ‘
1127 2601 1294 2652 simile
1319 2614 1397 2653 est
1423 2607 1550 2656 illud

487 2671 877 2736 Sallustianum,
919 2681 933 2702 ⁸
959 2676 1090 2724 Nam
1129 2678 1196 2727 de
1233 2680 1550 2746 Carthagine

489 2753 689 2809 tacere,
719 2751 878 2798 satius
918 2759 1047 2813 puto
1081 2769 1233 2817 quam
1270 2772 1447 2819 parum
1473 2760 1546 2808 di·

486 2838 610 2874 cere
625 2824 661 2872 ?'
679 2827 694 2845 '
761 2828 879 2878 Quo
916 2829 1121 2878 nomine
1145 2831 1300 2882 etism
1326 2849 1356 2882 a
1382 2835 1550 2884 Plinio

485 2900 709 2963 majore,
733 2916 906 2953 xxxxr.
925 2909 1000 2954 10.
1024 2906 1261 2957 laudatur
1281 2911 1549 2963 Parrhasii

482 2978 711 3041 pictura,
734 2996 851 3043 quae
885 2982 900 3009 ‘
927 2983 1005 3031 sic
1027 2991 1151 3046 apte
1176 2985 1466 3043 desinebat,
1491 2995 1550 3039 ut

481 3059 822 3117 promitteret
847 3059 946 3108 alia
970 3069 1087 3122 post
1110 3076 1191 3122 σος
1222 3065 1551 3115 ostenderet·

485 3147 585 3195 que
619 3134 794 3196 etism,
827 3150 943 3199 quae
978 3140 1305 3189 occultaret.'
1371 3140 1548 3205 Atque

484 3207 617 3256 adeo
659 3210 776 3258 huic
818 3219 1084 3275 praecepto
1130 3216 1258 3263 artis
1306 3219 1548 3268 oratorias

484 3283 642 3332 etiam
680 3286 922 3334 convenit
957 3290 1215 3339 sententis
1253 3292 1409 3342 Plinii
1438 3309 1551 3344 nos·

486 3360 584 3409 tri:
619 3362 635 3388 ‘
669 3360 782 3416 Illa,
816 3361 881 3411 ‹le
920 3363 1107 3427 quibus
1155 3374 1349 3424 taceas,
1387 3378 1551 3435 tanta,

486 3443 683 3498 quauta
708 3445 848 3494 sunt,
875 3453 991 3489 esse
1017 3441 1295 3492 videmur!
1361 3446 1552 3496 Quam·

484 3512 562 3560 vis
588 3526 710 3561 vero
752 3514 834 3563 hic
873 3526 1051 3564 orator
1085 3531 1197 3566 eam
1234 3519 1360 3568 artis
1383 3531 1550 3570 orato·

483 3589 576 3638 riae
636 3589 882 3639 vit-tutem
953 3602 1219 3654 agnoscat,
1276 3596 1551 3663 verbisque

483 3681 595 3731 prae
620 3681 675 3715 se
701 3665 863 3729 ferat3
902 3682 955 3716 re
987 3668 1098 3731 ipsa
1135 3677 1311 3720 tamen
1338 3671 1446 3721 fere
1472 3678 1550 3725 ni·

485 3743 617 3791 mins
660 3752 739 3791 est
778 3745 826 3792 in
865 3745 1151 3809 quibusque
1191 3748 1425 3800 laudibus
1461 3752 1548 3801 lte-

483 3821 587 3869 tois
614 3823 687 3868 sui
714 3821 1037 3870 diducendis.
1075 3823 1226 3872 Idem.

553 3897 888 3960 steten-entius]
922 3899 1090 3948 Tacit.
1112 3899 1176 3949 de
1200 3901 1381 3952 Germ.
1404 3918 1451 3952 c.
1469 3908 1551 3954 34.

482 3973 498 3999 ‘
524 3973 868 4037 Sanctiusque
908 3990 968 4023 ac
1006 3979 1329 4027 reverentius
1366 3980 1548 4045 visum,

485 4050 551 4099 de
582 4052 713 4098 actis
751 4050 978 4098 Deorum
1015 4051 1251 4116 credere,
1275 4071 1428 4120 quam
1451 4060 1548 4108 sci·

484 4127 580 4177 re.'
646 4127 858 4176 Sallust.
881 4128 1004 4191 Jug.
1027 4142 1074 4177 c.
1096 4133 1146 4179 9.
1181 4132 1194 4158 ‘
1220 4134 1305 4181 De
1330 4135 1548 4185 Cartha·

484 4207 603 4269 gine
626 4206 778 4254 silere
803 4207 984 4256 melius
1014 4216 1160 4272 puto,
1188 4224 1340 4275 quam
1369 4227 1547 4276 porum

484 4282 694 4331 dicere-⁹
729 4283 880 4332 Rern.

536 4358 754 4424 Curptim
769 4359 1064 4425 breviterque
1078 4363 1369 4429 perstringi]
1387 4365 1546 4417 Arut-

1195 392 1411 441 NOTAE
1462 395 1559 442 vA
1576 395 1869 446 monum
1921 400 1999 447 {N

1636 541 1808 590 zenius
1846 541 1978 593 bene
2007 549 2201 601 mouet,
2230 547 2432 611 carptim
2462 552 2702 612 perstrin-

1630 633 1746 678 gere
1786 621 1998 683 proprie
2045 636 2144 671 non
2193 632 2392 688 notare,
2435 626 2450 654 ⁸
2476 626 2701 689 modice,

1636 694 1840 754 leviter,
1896 698 2211 757 summatim,
2266 699 2536 756 delibarc‚’
2601 717 2702 752 nec

1635 777 1826 818 cuncta
1847 773 2139 834 complecti,
2165 789 2331 839 neque
2366 776 2546 825 ordine
2577 792 2701 827 con·

1635 843 1777 892 tiuuo
1798 845 2061 896 historiam
2086 857 2402 912 contexere;
2437 853 2528 901 sed
2566 868 2702 916 prae·

1633 919 1787 980 cipua
1845 923 2083 985 quaedam
2143 925 2353 987 eligere,
2399 927 2463 976 de
2509 929 2699 993 quibus

1633 996 1867 1047 dicturus
1912 1000 2002 1049 sis.
2073 1000 2142 1050 Et
2186 1002 2262 1051 sie
2306 1003 2419 1066 ipse
2455 1004 2587 1054 hane
2628 1006 2702 1054 lo·

1631 1074 1820 1137 quendi
1847 1076 2116 1126 formulam
2137 1079 2367 1142 explicat
2384 1081 2519 1129 Piin.
2534 1082 2703 1145 Epist.

1634 1162 1713 1197 vt.
1736 1153 1816 1198 22.
1851 1153 1867 1179 ‘
1894 1153 2017 1215 Egit
2040 1160 2213 1203 autem
2232 1156 2475 1218 carptim,
2498 1166 2552 1207 et
2576 1157 2702 1207 κατὰ

1633 1223 1909 1288 κεφάλαια,’
1944 1228 1977 1276 i.
1999 1243 2048 1278 e.
2080 1230 2358 1291 attingendo
2394 1237 2582 1281 tentum
2619 1249 2700 1283 cn·

1628 1300 1734 1363 pita
1755 1316 1926 1351 rerum.
1978 1303 2188 1354 Cottius
2213 1307 2369 1356 etiam
2396 1308 2459 1356 sd
2484 1308 2701 1359 Sallust.

1633 1376 1788 1425 Catil.
1814 1392 1888 1427 ιν.
1910 1382 1961 1426 2.
1984 1381 2201 1441 exponit
2227 1381 2293 1429 de
2317 1383 2561 1446 singulari
2594 1399 2702 1434 ma·

1634 1454 1914 1513 teria‚i1inc
1936 1456 2053 1503 iude
2071 1456 2352 1520 decerpta3
2374 1461 2700 1525 carptimque,

1630 1530 1805 1580 reddit
1838 1531 2173 1596 Germanice,
2206 1534 2503 1585 stiickweise.
2580 1538 2700 1587 Me·

1630 1607 1848 1669 taphora
1875 1606 1941 1657 ab
1969 1608 2032 1657 iis
2068 1609 2244 1670 ducta,
2267 1612 2372 1676 qui.
2397 1613 2516 1663 dum
2542 1612 2698 1665 flores

1629 1682 1899 1745 colligunt,
1940 1698 2029 1733 eos
2064 1685 2182 1735 iiiuc
2223 1687 2345 1737 inde
2386 1688 2699 1754 decerpunt.

1630 1758 1844 1807 lutet-im
1883 1774 2023 1820 vero,
2053 1775 2168 1810 cum
2209 1777 2291 1825 ea,
2323 1779 2436 1829 quae
2472 1769 2698 1831 carptim,

1629 1833 1665 1883 i.
1684 1848 1731 1883 e.
1756 1834 1873 1884 hinc
1898 1844 1953 1885 et
1978 1836 2118 1888 illinc
2140 1839 2493 1903 decerpendo,
2511 1854 2566 1893 et
2591 1859 2696 1895 nou

1628 1910 1791 1973 ipsam
1848 1913 2115 1974 sequendo
2170 1917 2379 1980 seriem,
2427 1919 2704 1977 dicuntum·

1627 1984 1836 2035 omnino
1863 1986 2087 2050 brevius,
2104 2003 2257 2052 quam
2285 1991 2472 2054 juncta
2495 2003 2549 2043 et
2571 2009 2698 2045 con-

1631 2070 1794 2121 texta,
1813 2062 2082 2125 dicantur3
2103 2074 2159 2114 et
2179 2081 2293 2116 cum
2316 2069 2524 2119 verbum
2550 2077 2564 2100 ⁸
2581 2087 2702 2121 car-

1630 2139 1784 2202 pere'
1806 2141 1939 2189 idem
1966 2142 2244 2203 aliquando
2265 2152 2431 2202 notet,
2454 2148 2589 2211 quod
2617 2156 2699 2199 at·

1631 2222 1865 2272 tenuare,
1891 2225 1944 2266 et
1970 2218 2286 2281 diminuere;
2319 2223 2371 2271 id
2395 2224 2529 2288 quod
2555 2240 2698 2276 com·

1629 2301 1950 2341 mentatores
2014 2296 2296 2345 observant
2365 2300 2428 2348 ad
2511 2303 2700 2366 Virgil-

1630 2367 1823 2429 Georg.
1853 2382 1940 2418 ιιι.
1967 2374 2084 2420 215.
2124 2373 2140 2400 ‘
2168 2375 2352 2437 Carpit
2384 2378 2519 2426 enim
2558 2380 2697 2430 vires

1631 2449 1920 2511 paullatim,
1954 2450 2161 2516 uritque
2192 2453 2416 2504 videndo
2439 2458 2701 2521 Femina?

1628 2527 1812 2575 mirum
1854 2541 1954 2576 non
1988 2536 2084 2585 est,
2121 2533 2323 2593 carptim
2359 2533 2501 2584 dicta
2536 2538 2695 2586 etiam

1627 2602 1694 2651 de
1738 2604 1941 2653 modice
1992 2614 2047 2654 et
2094 2610 2407 2673 summatim,
2446 2626 2509 2660 ae
2551 2613 2698 2663 velut

1628 2678 1924 2729 minutatim
1975 2682 2151 2739 dictis,
2201 2693 2348 2734 recte
2397 2702 2552 2750 posse
2605 2704 2697 2739 ex·

1627 2754 1830 2819 plicari.
1918 2757 2073 2807 Certe
2119 2759 2219 2808 hoe
2262 2762 2379 2825 ipso
2424 2763 2538 2813 loco
2586 2764 2701 2814 Pli-

1627 2831 1742 2880 nius
1794 2833 2069 2897 conjuugit
2121 2837 2326 2899 carptim
2383 2837 2698 2904 breviterque.

1624 2908 1881 2959 Schwarz.

1696 2986 1790 3034 Illa
1823 2985 2035 3051 quidem]
2073 2988 2307 3041 Doctiss.
2344 2992 2582 3043 Gesnero
2622 2995 2696 3044 vi·

1627 3062 1783 3111 detur
1823 3064 1874 3112 in
1911 3065 2005 3113 hac
2046 3068 2260 3127 periodo
2300 3068 2493 3133 aliquid
2536 3071 2696 3120 inter-

1627 3138 1840 3187 cidisset
1863 3146 1877 3169 ⁸
1896 3140 2326 3199 Praecesserunt,¹
2348 3145 2536 3207 inquit,
2559 3146 2574 3174 ⁸
2590 3147 2696 3197 duo

1628 3214 1882 3265 membra:
1912 3218 2072 3280 prius,
2095 3218 2288 3280 integra
2310 3220 2582 3284 illibataque
2615 3239 2694 3273 co·

1622 3291 1944 3353 gitationibus
1977 3296 2246 3343 reservari.-
2281 3298 2521 3354 alterum.
2556 3315 2696 3365 curp-

1627 3368 1716 3416 iim
1741 3370 2032 3434 bret-iterque
2046 3374 2332 3435 perstringi.
2359 3374 2530 3425 Infert
2548 3377 2696 3428 dein·

1628 3443 1725 3493 de:
1760 3446 1872 3507 quia
1892 3447 2005 3505 sere
2030 3449 2257 3512 sequitur,
2289 3454 2344 3498 nt
2376 3450 2461 3500 illa
2487 3453 2697 3519 quiden,

1626 3522 1684 3570 de
1720 3523 1889 3584 quibus
1925 3526 2478 3586 taceat,...videantur.
2560 3530 2695 3581 Quis

1627 3610 1728 3646 non
1753 3598 1838 3647 hie
1857 3607 2104 3662 expectet
2123 3599 2291 3650 simile
2314 3602 2558 3665 quiddam
2581 3605 2692 3656 his?

1626 3688 1682 3723 ea
1713 3680 1891 3734 autem,
1919 3691 2021 3738 quoe
2052 3675 2259 3727 breviter
2281 3680 2692 3742 perstringuntur,

1625 3752 1771 3803 dictis
1791 3768 1880 3803 non
1899 3754 2080 3815 mqiorn
2097 3754 2361 3817 putentur:
2409 3756 2460 3805 H
2467 3772 2541 3806 κο
2557 3757 2694 3809 Ges·

1627 3843 1799 3880 nerus.
1870 3830 1930 3878 Iu
1961 3831 2177 3880 similem
2210 3830 2319 3881 fere
2347 3835 2692 3897 suspicionem

1625 3905 1812 3954 incidit
1830 3905 2223 3969 christophorus
2237 3909 2396 3966 Behr,
2417 3907 2696 3963 Professor

1625 3981 1880 4044 quondam
1911 3981 2180 4044 Gymnasii
2218 3982 2565 4043 Gedauensis,
2600 3989 2694 4053 qni

1623 4056 1756 4105 hunc
1808 4057 1977 4105 locum
2025 4057 2100 4106 ita
2149 4058 2340 4120 partim
2389 4061 2692 4123 emendare,

1626 4134 1815 4197 partim
1852 4134 2113 4197 supplere,
2156 4147 2370 4186 conatus
2412 4147 2522 4192 est:
2562 4142 2695 4198 Quia

1607 4211 1721 4270 sere
1738 4211 1860 4276 fieri
1873 4214 2010 4272 solet,
2029 4219 2082 4262 ut
2105 4213 2190 4264 illa
2211 4215 2412 4280 quidem,
2431 4234 2537 4281 ‹11oe
2556 4221 2694 4272 dicas

1624 4290 1849 4350 tenuiter,
1880 4290 2092 4353 quumvis
2126 4307 2301 4355 magna
2335 4294 2455 4357 sint,
2492 4299 2692 4358 emnia,-

1625 4368 1684 4417 de
1704 4365 1870 4431 quibus
1891 4371 2068 4431 tacens,
2089 4373 2246 4426 tanta,
2260 4377 2437 4434 quanta
2457 4373 2575 4438 sint,
2590 4389 2692 4427 em
