3060 4902
813 361 878 408 C·
925 357 1166 409 1³thss
1217 359 1549 411 sEcuan
1603 362 1876 412 PANEG.

368 503 513 552 vatis
563 504 1021 554 annumerabatur.
1089 504 1227 555 Plin.
1280 504 1450 570 Epist.

370 594 442 629 u.
464 584 516 628 1.
540 579 604 629 de
624 581 861 642 virginio
892 579 1028 631 Rufo
1050 597 1065 630 ε
1101 584 1117 610 ‘
1136 581 1451 632 Perfunctus

369 665 461 705 est
489 656 648 705 tertio
673 658 960 712 consulatu,
984 665 1040 707 ut
1065 672 1315 706 summum
1349 658 1448 707 fas·

369 732 560 795 tiginm
588 732 776 795 privati
801 732 1020 780 hominis
1044 733 1308 795 impleret,
1332 748 1449 783 cum

372 807 632 870 principis
656 806 941 856 noluisset.'
997 807 1291 871 Aliquando
1313 809 1328 834 ‘
1345 809 1449 871 pri·

372 883 588 933 vatum'
622 885 902 947 opponitur
941 884 1173 946 publico,
1214 891 1267 932 et
1312 886 1448 948 ‘pri-

371 959 520 1009 vati'
563 960 830 1022 dicuntur,
873 960 958 1024 qui
1002 962 1112 1009 sine
1148 962 1449 1025 magistratu

368 1042 531 1096 suut3
565 1038 641 1085 uti
677 1036 773 1086 hoc
812 1037 942 1100 loco,
967 1037 1052 1086 ubi
1088 1035 1450 1100 Trajanns·di·

369 1114 514 1163 citur
547 1112 768 1162 noluisse
802 1113 1026 1162 Plinium
1059 1122 1114 1163 et
1143 1116 1450 1179 Cornutum,

370 1196 496 1253 post
533 1189 812 1238 maximum
850 1188 1075 1239 officium
1119 1192 1445 1254 praefecturae

372 1265 564 1321 aerarii,
599 1280 696 1313 esse
725 1265 938 1328 privatos
953 1257 981 1324 ,·’
1008 1267 1130 1331 quia
1155 1269 1205 1316 in
1231 1268 1446 1332 praefec·

370 1348 496 1391 tura
521 1343 712 1403 aerarii,
731 1349 786 1391 et
809 1344 859 1390 in
885 1344 1175 1405 consulatu,
1209 1359 1311 1393 non
1334 1343 1444 1395 fue·

373 1419 479 1467 rint
520 1419 760 1482 privata»,
797 1419 884 1466 sed
927 1419 1149 1482 publicae
1194 1436 1445 1484 personae.

370 1493 496 1544 Hoc
554 1494 705 1544 modo
762 1503 817 1544 et
872 1506 1141 1558 respectu,
1186 1500 1445 1561 consules,

369 1579 648 1634 praetores,
674 1569 932 1633 proefecti,
956 1571 1148 1634 aliique
1182 1576 1440 1634 magistra.

368 1654 477 1702 tus,
516 1662 615 1695 non
657 1647 794 1696 inter
832 1648 1055 1711 privatos
1086 1650 1440 1714 habebantur3

269 1741 278 1747 ’
371 1725 528 1774 immo
551 1738 720 1788 neque
756 1725 990 1774 consules
1014 1724 1289 1789 designati.
1357 1725 1442 1773 Sic

369 1801 585 1850 Tacitus
637 1802 909 1865 aliquoties
948 1803 1178 1865 privatos
1224 1802 1444 1865 opponit

370 1879 803 1943 magistu-tubum
855 1894 902 1926 v.
949 1895 996 1942 g.
1041 1878 1233 1929 Annal.
1279 1894 1353 1929 vr.
1395 1884 1446 1928 2.

370 1956 549 2007 ‘Quos
587 1954 743 2017 deligi
784 1956 971 2017 posse?
1017 1970 1290 2019 semperne
1331 1971 1442 2005 eos·

371 2034 509 2089 dem,
546 2047 609 2081 an
649 2032 868 2082 subinde
902 2033 1141 2083 alios?et
1164 2035 1442 2084 bonoribus

371 2107 692 2172 perfunctos,
721 2123 785 2157 an
812 2109 1069 2171 juvenes?
1101 2111 1353 2172 privatos,
1377 2127 1442 2160 an

370 2203 400 2237 c
437 2186 882 2246 magistratibus?
934 2187 1082 2236 Idem
1123 2189 1307 2238 Annal.
1348 2204 1441 2239 xv.

370 2268 453 2313 21.
489 2268 502 2289 ⁸
522 2265 657 2312 Olim
683 2263 889 2327 quidem
915 2278 1014 2311 non
1051 2266 1202 2314 modo
1229 2273 1444 2329 praetor,

367 2348 458 2389 aut
481 2341 687 2399 consul3
724 2340 813 2388 sed
854 2342 1040 2402 privati
1078 2344 1232 2390 etiam
1266 2344 1441 2392 mitte·

370 2418 581 2479 bantur,
614 2418 700 2482 qni
747 2418 1039 2480 provincias
1080 2419 1343 2472 viserent!
1392 2421 1441 2469 1-

365 2495 492 2542 dem.

368 2597 375 2603 ν
436 2571 664 2618 Privatos
684 2571 808 2634 esse]
834 2572 951 2621 Non
975 2572 1110 2634 quod
1133 2588 1187 2622 re
1211 2588 1331 2622 vcra
1352 2574 1440 2622 de·

367 2649 560 2710 signati
587 2650 917 2710 magistratus
942 2652 1068 2709 sint,
1088 2651 1176 2698 sed
1195 2650 1440 2713 quodam·

370 2724 544 2788 modo,
591 2733 646 2773 et
689 2727 810 2788 quia
856 2725 1129 2788 dignitatis
1177 2741 1280 2775 suae
1328 2726 1438 2789 jam

367 2801 541 2850 securi
565 2809 617 2849 et
642 2802 793 2850 certi.
825 2802 963 2864 Lips.

442 2877 654 2926 Eundem
673 2877 725 2924 in
749 2875 947 2937 annum]
988 2877 1123 2926 Niliil
1150 2878 1318 2940 deest,
1344 2893 1440 2928 nec

367 2960 537 3002 muto.
606 2953 839 3000 Eundem
865 2952 915 3000 in
943 2968 1150 3009 annum,
1177 2970 1361 3019 nempe
1389 2957 1438 3004 in

368 3048 522 3095 quem
553 3039 695 3080 tuum
722 3033 1007 3082 contulisti.
1044 3034 1191 3082 Idem.

374 3137 382 3143 -
441 3111 655 3158 Eandem
708 3110 760 3158 in
814 3109 1012 3172 anam]
1046 3110 1297 3158 Mendum
1358 3116 1439 3159 est

366 3193 583 3249 aperte3
620 3200 734 3234 nam
779 3200 966 3247 urgere
1010 3186 1258 3245 Plinium,
1299 3187 1435 3249 quod

367 3277 432 3311 eo
475 3276 607 3310 anno
650 3261 972 3309 consulatum
1021 3261 1283 3323 gessisset,
1337 3277 1438 3323 quo

365 3338 656 3388 ordinarius
675 3339 852 3387 consul
870 3337 1142 3399 Traianus,
1162 3338 1439 3400 perspicue

367 3415 641 3478 sequentia
689 3414 901 3463 docent.
969 3415 1038 3462 Et
1083 3415 1273 3478 alioqui
1324 3415 1437 3477 jam

365 3490 591 3550 dixerat,
637 3492 653 3518 ‘
681 3488 816 3551 qnod
854 3503 948 3536 nos
996 3503 1170 3538 rursus
1211 3490 1438 3553 collegas

367 3582 479 3616 esse
529 3563 771 3614 voluisti!
842 3565 1057 3620 Rursus,
1111 3564 1160 3613 id
1209 3574 1308 3620 est.
1355 3566 1436 3614 ‘in

365 3644 659 3696 consulatu.
681 3642 807 3690 utin
830 3649 1056 3703 praetura
1074 3643 1242 3690 aerarii
1266 3641 1439 3703 prius!

366 3722 558 3784 Itaque
583 3726 715 3768 tunm
741 3734 834 3781 pro
862 3722 1057 3768 eundem
1092 3735 1439 3782 reposueram‚

366 3800 500 3848 bene
525 3799 588 3847 ad
615 3806 838 3846 mentem
862 3805 917 3847 et
935 3800 1269 3847 sententiam.
1336 3800 1438 3848 Sed

366 3877 573 3940 plenius
611 3884 665 3924 et
702 3875 1046 3934 emendatius,
1075 3876 1279 3939 opinor,
1300 3877 1437 3941 apud

367 3953 691 4013 Onupbrium
739 3966 908 4014 nuper
953 3953 1339 4003 Commentario
1386 3955 1437 4004 in

365 4044 405 4078 s.
442 4030 712 4078 Fastorum
736 4028 989 4090 scriptum
1028 4031 1222 4092 reperi,
1244 4033 1438 4080 eundem

362 4106 418 4153 in
474 4119 649 4153 annum
702 4105 972 4153 consulatus
1029 4106 1105 4156 tui
1148 4108 1439 4156 consulatum

363 4186 578 4232 nostrum
598 4181 774 4229 contul-
822 4180 975 4231 Quod
1001 4195 1206 4245 sequor.
1240 4183 1404 4232 Livia.

436 4258 652 4310 Eundem
691 4258 743 4307 in
784 4256 983 4321 annum]
1035 4256 1099 4307 In
1123 4272 1225 4322 quo
1270 4267 1432 4323 tuum,

1957 365 2006 413 1.
2036 348 2147 414 92.
2413 342 2596 420 -1'079

1527 507 1737 557 tertium
1791 521 1998 570 nempe,
2042 508 2366 558 consulatum
2422 510 2595 573 geris;

1526 583 1664 648 quod
1690 585 1967 648 conjicitur
2000 599 2064 634 ex
2100 599 2182 648 eo,
2204 586 2326 650 quia
2351 586 2504 636 electi
2530 587 2596 637 ad

1527 658 1892 722 praefecturam
1939 676 1968 708 a
2015 661 2195 713 Nerva
2240 661 2460 710 eandem
2504 678 2597 725 per

1525 735 1792 786 biennium
1828 736 2039 785 circiter
2068 735 2442 798 obtinuerunt3
2481 752 2598 787 cum

1525 813 1662 861 enim
1691 813 1868 863 Nerva
1893 828 1991 862 uno
2028 820 2229 863 tantum
2266 827 2400 862 auno
2437 814 2598 878 impe·

1524 890 1740 946 raverit,
1777 890 2033 954 sequitur,
2058 898 2114 939 ut
2140 891 2395 938 secundus
2418 905 2599 940 eorum

1526 964 1856 1027 praefecturae
1883 981 2044 1016 annus
2080 967 2131 1015 in
2163 967 2447 1016 secundum
2471 968 2598 1017 Tra-

1514 1042 1628 1103 jani
1652 1042 1853 1105 imperii
1879 1043 2139 1106 inciderit,
2164 1043 2215 1092 in
2239 1058 2391 1107 quem
2412 1045 2599 1095 incidit

1525 1125 1580 1166 et
1607 1119 1788 1168 tertius
1808 1120 1918 1181 ejus
1943 1121 2257 1175 consulatus,
2279 1126 2337 1169 ut
2361 1126 2507 1184 patet
2529 1136 2596 1172 ex

1524 1193 1714 1243 Fastis.
1750 1196 1971 1245 Patarot.

1590 1276 1811 1325 Eundem
1851 1277 1903 1324 in
1945 1290 2121 1326 ovinum
2158 1277 2448 1327 consulatum
2490 1292 2596 1327 nos·

1522 1354 1653 1399 trum
1696 1351 1964 1414 contulisti]
2019 1352 2247 1415 Nempe,
2290 1352 2341 1401 in
2388 1367 2488 1417 quo
2538 1361 2596 1402 tn

1525 1441 1620 1488 per
1642 1434 1861 1491 quatuor
1896 1427 2092 1490 priores
2125 1442 2327 1478 menses
2357 1430 2596 1478 consula·

1524 1509 1630 1550 tum
1672 1502 1986 1551 ordinarium
2029 1503 2258 1565 gessisti.
2330 1504 2595 1552 Livineius

1526 1592 1620 1640 pro
1647 1593 1771 1627 voce
1797 1582 1993 1627 euvidem
2031 1579 2383 1642 reponendum
2418 1580 2595 1629 existi·

1523 1655 1684 1703 mavit
1709 1661 1857 1703 tuum.
1919 1655 2224 1719 Quanquam
2249 1657 2360 1705 haec
2384 1666 2596 1705 senten-

1526 1729 1597 1778 tia
1631 1730 1786 1779 etiam
1828 1730 1925 1778 boc
1966 1731 2118 1779 modo
2156 1731 2356 1793 expleri
2399 1739 2597 1794 posset,

1523 1808 1718 1855 eundem
1751 1807 1800 1853 in
1837 1821 2011 1855 annum
2048 1809 2339 1856 consulatum
2377 1815 2510 1857 tuum
2546 1816 2595 1858 et

1521 1887 1736 1929 nostrum
1770 1881 2033 1930 contulisti.
2099 1882 2284 1937 Immo,
2308 1884 2492 1933 melius
2517 1884 2594 1935 Ο-

1523 1958 1772 2019 nupbrius
1797 1957 2082 2007 Panviuius
2108 1960 2251 2007 Fast.
2277 1974 2317 2012 1.
2353 1974 2406 2023 p.
2429 1964 2478 2009 7.
2505 1961 2593 2024 qui

1521 2033 1690 2081 locum
1727 2031 1865 2081 hinne
1904 2031 2128 2083 fortasse
2162 2049 2227 2083 ex
2253 2035 2435 2084 codice
2471 2049 2595 2099 quo-

1521 2109 1637 2157 dam
1677 2117 1882 2158 vetusto
1918 2120 2061 2159 certe
2095 2120 2217 2173 apte
2258 2114 2595 2176 completum,

1522 2187 1774 2236 excitavit
1801 2203 1814 2235 2
1853 2187 2013 2241 Quid?
2046 2191 2170 2249 quod
2193 2191 2385 2237 eundem
2420 2190 2471 2238 in
2506 2205 2595 2237 ‹m-

1520 2278 1633 2310 maem
1686 2264 1954 2311 consulatus
2010 2266 2083 2311 tui
2134 2266 2430 2313 consulatum
2486 2281 2595 2314 nos·

1522 2344 1648 2387 trum
1688 2340 1950 2388 contulisti.
2011 2340 2129 2389 Non
2172 2340 2383 2403 indigna
2423 2342 2593 2390 Plinio

1523 2417 1643 2465 milii
1698 2415 1803 2465 visa
1857 2423 1941 2465 est
1997 2415 2107 2465 liaec
2164 2417 2321 2464 lectio
2353 2432 2367 2477 ;
2438 2431 2594 2479 quam

1524 2500 1695 2540 tamen
1729 2486 1950 2541 necdum
1990 2493 2039 2540 in
2078 2500 2379 2541 contextum
2405 2493 2595 2542 oratio-

1523 2571 1601 2618 nis
1625 2571 1820 2632 recepi‚
1846 2585 1961 2618 cum
2001 2570 2052 2618 in
2085 2571 2236 2619 nullis
2271 2570 2477 2633 scriptis
2504 2585 2593 2618 ex·

1520 2647 1757 2709 cunisque
1783 2645 1924 2693 libris
1948 2646 2162 2709 alicujus
2192 2646 2456 2696 varietatis
2479 2661 2593 2696 ves-

1523 2723 1644 2784 tigia
1663 2722 2116 2784 deprehenderim.
2171 2723 2343 2771 Euam
2366 2724 2589 2786 Lipsius,

1519 2798 1848 2853 Arntzenius,
1873 2798 2159 2858 Gesnerus‚
2200 2798 2323 2847 nihil
2363 2800 2447 2849 nic
2477 2814 2589 2850 mu·

1520 2876 1733 2926 tandum
1758 2882 2091 2924 censuerunt.
2123 2874 2372 2924 Schwnrz.

1588 2954 1697 3001 Non
1738 2951 1834 3000 alia
1875 2966 1960 3000 uos
2000 2951 2207 3015 pagina]
2242 2955 2593 3014 Συνεκδοχικῶς

1512 3028 1692 3090 pagina
1715 3027 1800 3076 hic
1828 3027 2046 3075 sumitur
2082 3041 2172 3090 pro
2206 3028 2436 3087 ‘sastis3’
2467 3032 2592 3093 quia

1519 3104 1726 3152 nomina
1797 3103 2062 3151 consulum
2119 3101 2480 3152 referebantur
2536 3108 2591 3154 in

1517 3179 1733 3242 paginas
1756 3176 2023 3227 fastorum.
2081 3179 2319 3227 Valerius
2348 3179 2490 3229 Max.
2512 3195 2591 3231 vt.

1515 3259 1564 3305 9.
1593 3259 1670 3304 14.
1718 3262 1734 3284 ⁸
1754 3254 1916 3318 CuJus
1944 3254 2098 3302 Marii
2123 3264 2327 3317 septem
2352 3255 2401 3304 in
2439 3256 2590 3307 fastis

1517 3332 1812 3380 consulatus
1854 3330 2134 3394 leguntur!
2202 3331 2341 3380 Hinc
2378 3333 2489 3383 Cic.
2522 3335 2590 3383 de

1519 3408 1766 3462 Domitio.
1794 3408 1877 3469 qui
1918 3407 2031 3454 tieri
2069 3407 2251 3455 consul
2281 3408 2511 3465 volebat.
2533 3418 2589 3460 et

1517 3499 1617 3532 non
1637 3492 1863 3546 poterat,
1883 3484 2046 3534 Attic.
2072 3497 2149 3532 ιν.
2173 3490 2225 3534 8.
2247 3492 2398 3534 vocat
2431 3494 2444 3514 ⁴
2463 3499 2585 3535 con·

1515 3562 1680 3609 sulum
1728 3561 2044 3624 paginulasz’
2098 3568 2111 3589 ‘
2156 3562 2226 3611 Ut
2273 3576 2375 3611 non
2421 3563 2587 3611 minus

1516 3638 1693 3702 longas
1713 3638 1822 3701 jam
1851 3641 1901 3686 in
1934 3637 2288 3688 codicillorum
2317 3638 2468 3689 fastis
2505 3639 2587 3689 fu·

1519 3724 1748 3765 tutorum
1773 3715 2037 3764 consulum
2079 3716 2351 3777 paginulas
2374 3717 2588 3780 habeat,

1516 3807 1665 3856 qnam
1692 3789 1984 3840 factorum!
2053 3793 2121 3840 Et
2147 3793 2258 3842 Liv.
2284 3805 2364 3841 nt.
2398 3796 2475 3839 18.
2511 3793 2586 3840 in·

1516 3876 1666 3931 tegre
1722 3869 1954 3932 appellat
1990 3868 2237 3931 ‘paginas
2283 3866 2535 3919 fastorum
2555 3869 2588 3918 ε’

1514 3952 1528 3974 ⁸
1548 3944 1804 4008 Pagina-3
1839 3944 2025 4006 inquit,
2077 3950 2091 3972 ⁸
2109 3943 2159 3991 in
2185 3944 2453 3992 annalibus
2480 3944 2603 4008 fas-g

1517 4021 1680 4084 tisque
1705 4033 2009 4084 percurrere
2032 4018 2152 4067 licet
2172 4021 2456 4078 consulum,
2477 4023 2584 4072 dic·

1516 4105 1863 4160 tatorumque.
1880 4108 2093 4158 quorum
2121 4109 2215 4143 nec
2239 4096 2464 4159 virtutis,
2482 4113 2582 4149 nee

1512 4174 1755 4231 fortunae,
1780 4174 1884 4222 nllo
1910 4171 1995 4220 die
2020 4174 2265 4236 populum
2291 4173 2582 4227 Romanum

1512 4248 1795 4318 ptenituit.⁹
1841 4252 2079 4314 ’τροπικῶς
2099 4258 2272 4304 autem
2286 4256 2468 4316 pagina
2490 4257 2582 4309 ali.
